Timestamp,Latitude,Longitude,Elevation,GPS_Speed,GPS_Direction,GPS_RMC_Valid,Battery_Voltage,Bus_Box_Temperature,Bus_Top_Temperature,Bus_Top_Relative_Humidity,ES642_PM2.5_Concentration,ES642_Air_Flow_Rate,ES642_Internal_Air_Temperature,ES642_Internal_Relative_Humidity,ES642_Internal_Air_Pressure,ES642_Error_Code,2B_Ozone_Concentration,2B_Air_Flow_Rate,2B_Internal_Air_Temperature,2B_Internal_Air_Pressure,2B405_NO_Concentration,2B405_NO2_Concentration,2B405_NOX_Concentration,2B405_Internal_Air_Temperature,2B405_Internal_Air_Pressure,2B405_Air_Flow_Rate,2B405_Cell_O3_Flow_Rate,PM2.5_Data_Flagged,Ozone_Data_Flagged,GPS_Data_Flagged
UTC,ddeg,ddeg,m,m/s,deg,binary,volts,degC,degC,%,ug/m3,L/min,degC,%,hpa,code,ppbv,L/min,degC,hpa,ppbv,ppbv,ppbv,degC,hpa,L/min,mL/min,binary,binary,binary
2022-07-01T00:00:00,40.765747,-111.909691,1271.90,-9999.00,-9999.00,-9999.00,13.29,40.16,34.22,18.03,3.00,2.00,39.00,13.00,871.30,0.00,-9999.00,-9999.00,-9999.00,-9999.00,-9999.00,-9999.00,-9999.00,-9999.00,-9999.00,-9999.00,-9999.00,0,0,1
2022-07-01T00:00:05,40.765732,-111.909691,1272.20,-9999.00,-9999.00,-9999.00,13.29,40.15,34.22,18.03,3.00,2.00,39.00,13.00,871.20,0.00,-9999.00,-9999.00,-9999.00,-9999.00,-9999.00,-9999.00,-9999.00,-9999.00,-9999.00,-9999.00,-9999.00,0,0,1
2022-07-01T00:00:10,40.765713,-111.909660,1271.80,-9999.00,-9999.00,-9999.00,13.28,40.15,34.22,18.02,3.00,2.00,39.00,13.00,871.20,0.00,-9999.00,-9999.00,-9999.00,-9999.00,-9999.00,-9999.00,-9999.00,-9999.00,-9999.00,-9999.00,-9999.00,0,0,1
2022-07-01T00:00:15,40.765701,-111.909630,1271.50,-9999.00,-9999.00,-9999.00,13.29,40.15,34.23,18.03,3.00,2.00,39.00,13.00,871.30,0.00,-9999.00,-9999.00,-9999.00,-9999.00,-9999.00,-9999.00,-9999.00,-9999.00,-9999.00,-9999.00,-9999.00,0,0,1
2022-07-01T00:00:20,40.765694,-111.909622,1271.30,-9999.00,-9999.00,-9999.00,13.29,40.15,34.23,18.03,3.00,2.00,39.00,13.00,871.30,0.00,-9999.00,-9999.00,-9999.00,-9999.00,-9999.00,-9999.00,-9999.00,-9999.00,-9999.00,-9999.00,-9999.00,0,0,1
2022-07-01T00:00:25,40.765690,-111.909615,1271.30,-9999.00,-9999.00,-9999.00,13.29,40.15,34.23,18.05,2.00,2.00,39.00,13.00,871.30,0.00,-9999.00,-9999.00,-9999.00,-9999.00,-9999.00,-9999.00,-9999.00,-9999.00,-9999.00,-9999.00,-9999.00,0,0,1
2022-07-01T00:00:30,40.765678,-111.909599,1271.10,-9999.00,-9999.00,-9999.00,13.28,40.15,34.22,18.05,3.00,2.00,39.00,13.00,871.30,0.00,-9999.00,-9999.00,-9999.00,-9999.00,-9999.00,-9999.00,-9999.00,-9999.00,-9999.00,-9999.00,-9999.00,0,0,1
2022-07-01T00:00:35,40.765694,-111.909599,1271.10,-9999.00,-9999.00,-9999.00,13.29,40.15,34.21,18.06,2.00,2.00,39.00,13.00,871.40,0.00,-9999.00,-9999.00,-9999.00,-9999.00,-9999.00,-9999.00,-9999.00,-9999.00,-9999.00,-9999.00,-9999.00,0,0,1
2022-07-01T00:00:40,40.765717,-111.909622,1271.20,-9999.00,-9999.00,-9999.00,13.29,40.15,34.22,18.06,3.00,2.00,39.00,13.00,871.30,0.00,-9999.00,-9999.00,-9999.00,-9999.00,-9999.00,-9999.00,-9999.00,-9999.00,-9999.00,-9999.00,-9999.00,0,0,1
2022-07-01T00:00:45,40.765747,-111.909668,1271.40,-9999.00,-9999.00,-9999.00,13.29,40.15,34.21,18.05,3.00,2.00,39.00,13.00,871.20,0.00,-9999.00,-9999.00,-9999.00,-9999.00,-9999.00,-9999.00,-9999.00,-9999.00,-9999.00,-9999.00,-9999.00,0,0,1
2022-07-01T00:00:50,40.765766,-111.909706,1271.50,-9999.00,-9999.00,-9999.00,13.29,40.15,34.21,18.05,3.00,2.00,39.00,13.00,871.30,0.00,-9999.00,-9999.00,-9999.00,-9999.00,-9999.00,-9999.00,-9999.00,-9999.00,-9999.00,-9999.00,-9999.00,0,0,1
2022-07-01T00:00:55,40.765781,-111.909721,1271.60,-9999.00,-9999.00,-9999.00,13.29,40.15,34.20,18.05,3.00,2.00,39.00,13.00,871.30,0.00,-9999.00,-9999.00,-9999.00,-9999.00,-9999.00,-9999.00,-9999.00,-9999.00,-9999.00,-9999.00,-9999.00,0,0,1
2022-07-01T00:01:00,40.765785,-111.909729,1271.60,-9999.00,-9999.00,-9999.00,13.29,40.15,34.21,18.01,2.00,2.00,39.00,13.00,871.20,0.00,-9999.00,-9999.00,-9999.00,-9999.00,-9999.00,-9999.00,-9999.00,-9999.00,-9999.00,-9999.00,-9999.00,0,0,1
2022-07-01T00:01:05,40.765793,-111.909721,1271.60,-9999.00,-9999.00,-9999.00,13.29,40.15,34.20,17.95,2.00,2.00,39.00,13.00,871.30,0.00,-9999.00,-9999.00,-9999.00,-9999.00,-9999.00,-9999.00,-9999.00,-9999.00,-9999.00,-9999.00,-9999.00,0,0,1
2022-07-01T00:01:10,40.765793,-111.909729,1271.40,-9999.00,-9999.00,-9999.00,13.29,40.15,34.21,17.94,3.00,2.00,39.00,13.00,871.40,0.00,-9999.00,-9999.00,-9999.00,-9999.00,-9999.00,-9999.00,-9999.00,-9999.00,-9999.00,-9999.00,-9999.00,0,0,1
2022-07-01T00:01:15,40.765778,-111.909721,1271.40,-9999.00,-9999.00,-9999.00,13.29,40.15,34.20,17.95,2.00,2.00,39.00,13.00,871.40,0.00,-9999.00,-9999.00,-9999.00,-9999.00,-9999.00,-9999.00,-9999.00,-9999.00,-9999.00,-9999.00,-9999.00,0,0,1
2022-07-01T00:01:20,40.765793,-111.909691,1271.40,-9999.00,-9999.00,-9999.00,13.28,40.15,34.20,17.95,3.00,2.00,39.00,13.00,871.40,0.00,-9999.00,-9999.00,-9999.00,-9999.00,-9999.00,-9999.00,-9999.00,-9999.00,-9999.00,-9999.00,-9999.00,0,0,1
2022-07-01T00:01:25,40.765781,-111.909660,1271.00,-9999.00,-9999.00,-9999.00,13.29,40.15,34.20,17.96,3.00,2.00,39.00,13.00,871.40,0.00,-9999.00,-9999.00,-9999.00,-9999.00,-9999.00,-9999.00,-9999.00,-9999.00,-9999.00,-9999.00,-9999.00,0,0,1
2022-07-01T00:01:30,40.765781,-111.909668,1270.70,-9999.00,-9999.00,-9999.00,13.29,40.15,34.23,18.01,3.00,2.00,39.00,13.00,871.30,0.00,-9999.00,-9999.00,-9999.00,-9999.00,-9999.00,-9999.00,-9999.00,-9999.00,-9999.00,-9999.00,-9999.00,0,0,1
2022-07-01T00:01:35,40.765781,-111.909668,1270.60,-9999.00,-9999.00,-9999.00,13.29,40.14,34.18,17.98,2.00,2.00,39.00,13.00,871.20,0.00,-9999.00,-9999.00,-9999.00,-9999.00,-9999.00,-9999.00,-9999.00,-9999.00,-9999.00,-9999.00,-9999.00,0,0,1
2022-07-01T00:01:40,40.765797,-111.909691,1270.70,-9999.00,-9999.00,-9999.00,13.29,40.14,34.20,18.00,3.00,2.00,39.00,13.00,871.10,0.00,-9999.00,-9999.00,-9999.00,-9999.00,-9999.00,-9999.00,-9999.00,-9999.00,-9999.00,-9999.00,-9999.00,0,0,1
2022-07-01T00:01:45,40.765808,-111.909721,1270.70,-9999.00,-9999.00,-9999.00,13.29,40.14,34.19,18.00,3.00,2.00,39.00,13.00,871.10,0.00,-9999.00,-9999.00,-9999.00,-9999.00,-9999.00,-9999.00,-9999.00,-9999.00,-9999.00,-9999.00,-9999.00,0,0,1
2022-07-01T00:01:50,40.765797,-111.909737,1270.50,-9999.00,-9999.00,-9999.00,13.29,40.14,34.20,17.98,3.00,2.00,39.00,13.00,871.20,0.00,-9999.00,-9999.00,-9999.00,-9999.00,-9999.00,-9999.00,-9999.00,-9999.00,-9999.00,-9999.00,-9999.00,0,0,1
2022-07-01T00:01:55,40.765747,-111.909706,1270.10,-9999.00,-9999.00,-9999.00,13.29,40.14,34.20,17.98,3.00,2.00,39.00,13.00,871.30,0.00,-9999.00,-9999.00,-9999.00,-9999.00,-9999.00,-9999.00,-9999.00,-9999.00,-9999.00,-9999.00,-9999.00,0,0,1
2022-07-01T00:02:00,40.765736,-111.909698,1270.10,-9999.00,-9999.00,-9999.00,13.29,40.14,34.16,17.96,3.00,2.00,39.00,13.00,871.20,0.00,-9999.00,-9999.00,-9999.00,-9999.00,-9999.00,-9999.00,-9999.00,-9999.00,-9999.00,-9999.00,-9999.00,0,0,1
2022-07-01T00:02:05,40.765728,-111.909691,1270.10,-9999.00,-9999.00,-9999.00,13.29,40.14,34.16,17.96,3.00,2.00,39.00,13.00,871.20,0.00,-9999.00,-9999.00,-9999.00,-9999.00,-9999.00,-9999.00,-9999.00,-9999.00,-9999.00,-9999.00,-9999.00,0,0,1
2022-07-01T00:02:10,40.765720,-111.909683,1270.10,-9999.00,-9999.00,-9999.00,13.29,40.14,34.16,17.94,3.00,2.00,39.00,13.00,871.40,0.00,-9999.00,-9999.00,-9999.00,-9999.00,-9999.00,-9999.00,-9999.00,-9999.00,-9999.00,-9999.00,-9999.00,0,0,1
2022-07-01T00:02:15,40.765717,-111.909668,1270.30,-9999.00,-9999.00,-9999.00,13.29,40.14,34.16,17.90,3.00,2.00,39.00,13.00,871.20,0.00,-9999.00,-9999.00,-9999.00,-9999.00,-9999.00,-9999.00,-9999.00,-9999.00,-9999.00,-9999.00,-9999.00,0,0,1
2022-07-01T00:02:20,40.765732,-111.909683,1270.60,-9999.00,-9999.00,-9999.00,13.29,40.14,34.14,17.88,3.00,2.00,39.00,13.00,871.20,0.00,-9999.00,-9999.00,-9999.00,-9999.00,-9999.00,-9999.00,-9999.00,-9999.00,-9999.00,-9999.00,-9999.00,0,0,1
2022-07-01T00:02:25,40.765755,-111.909729,1270.60,-9999.00,-9999.00,-9999.00,13.28,40.14,34.16,17.89,3.00,2.00,39.00,13.00,871.30,0.00,-9999.00,-9999.00,-9999.00,-9999.00,-9999.00,-9999.00,-9999.00,-9999.00,-9999.00,-9999.00,-9999.00,0,0,1
2022-07-01T00:02:30,40.765759,-111.909737,1270.50,-9999.00,-9999.00,-9999.00,13.29,40.14,34.14,17.86,3.00,2.00,39.00,13.00,871.40,0.00,-9999.00,-9999.00,-9999.00,-9999.00,-9999.00,-9999.00,-9999.00,-9999.00,-9999.00,-9999.00,-9999.00,0,0,1
2022-07-01T00:02:35,40.765762,-111.909721,1270.50,-9999.00,-9999.00,-9999.00,13.28,40.14,34.13,17.86,3.00,2.00,39.00,13.00,871.40,0.00,-9999.00,-9999.00,-9999.00,-9999.00,-9999.00,-9999.00,-9999.00,-9999.00,-9999.00,-9999.00,-9999.00,0,0,1
2022-07-01T00:02:40,40.765774,-111.909737,1270.00,-9999.00,-9999.00,-9999.00,13.28,40.14,34.14,17.85,3.00,2.00,39.00,13.00,871.20,0.00,-9999.00,-9999.00,-9999.00,-9999.00,-9999.00,-9999.00,-9999.00,-9999.00,-9999.00,-9999.00,-9999.00,0,0,1
2022-07-01T00:02:45,40.765797,-111.909760,1269.30,-9999.00,-9999.00,-9999.00,13.28,40.13,34.11,17.83,2.00,2.00,39.00,13.00,871.40,0.00,-9999.00,-9999.00,-9999.00,-9999.00,-9999.00,-9999.00,-9999.00,-9999.00,-9999.00,-9999.00,-9999.00,0,0,1
2022-07-01T00:02:50,40.765823,-111.909782,1268.20,-9999.00,-9999.00,-9999.00,13.29,40.13,34.10,17.82,3.00,2.00,39.00,13.00,871.40,0.00,-9999.00,-9999.00,-9999.00,-9999.00,-9999.00,-9999.00,-9999.00,-9999.00,-9999.00,-9999.00,-9999.00,0,0,1
2022-07-01T00:02:55,40.765842,-111.909805,1267.70,-9999.00,-9999.00,-9999.00,13.29,40.13,34.11,17.82,2.00,2.00,39.00,13.00,871.40,0.00,-9999.00,-9999.00,-9999.00,-9999.00,-9999.00,-9999.00,-9999.00,-9999.00,-9999.00,-9999.00,-9999.00,0,0,1
2022-07-01T00:03:00,40.765850,-111.909798,1267.60,-9999.00,-9999.00,-9999.00,13.28,40.13,34.11,17.81,3.00,2.00,39.00,13.00,871.20,0.00,-9999.00,-9999.00,-9999.00,-9999.00,-9999.00,-9999.00,-9999.00,-9999.00,-9999.00,-9999.00,-9999.00,0,0,1
2022-07-01T00:03:05,40.765862,-111.909798,1267.30,-9999.00,-9999.00,-9999.00,13.29,40.13,34.09,17.81,3.00,2.00,39.00,13.00,871.20,0.00,-9999.00,-9999.00,-9999.00,-9999.00,-9999.00,-9999.00,-9999.00,-9999.00,-9999.00,-9999.00,-9999.00,0,0,0
2022-07-01T00:03:10,40.765862,-111.909790,1267.30,-9999.00,-9999.00,-9999.00,13.28,40.13,34.10,17.84,3.00,2.00,39.00,13.00,871.30,0.00,-9999.00,-9999.00,-9999.00,-9999.00,-9999.00,-9999.00,-9999.00,-9999.00,-9999.00,-9999.00,-9999.00,0,0,0
2022-07-01T00:03:15,40.765839,-111.909767,1266.90,-9999.00,-9999.00,-9999.00,13.29,40.13,34.09,17.88,3.00,2.00,39.00,13.00,871.40,0.00,-9999.00,-9999.00,-9999.00,-9999.00,-9999.00,-9999.00,-9999.00,-9999.00,-9999.00,-9999.00,-9999.00,0,0,0
2022-07-01T00:03:20,40.765846,-111.909752,1266.20,-9999.00,-9999.00,-9999.00,13.28,40.13,34.08,17.92,3.00,2.00,39.00,13.00,871.30,0.00,-9999.00,-9999.00,-9999.00,-9999.00,-9999.00,-9999.00,-9999.00,-9999.00,-9999.00,-9999.00,-9999.00,0,0,0
2022-07-01T00:03:25,40.765858,-111.909775,1266.00,-9999.00,-9999.00,-9999.00,13.28,40.13,34.07,17.94,4.00,2.00,39.00,13.00,871.20,0.00,-9999.00,-9999.00,-9999.00,-9999.00,-9999.00,-9999.00,-9999.00,-9999.00,-9999.00,-9999.00,-9999.00,0,0,0
2022-07-01T00:03:30,40.765858,-111.909767,1266.00,-9999.00,-9999.00,-9999.00,13.29,40.13,34.11,17.93,3.00,2.00,39.00,13.00,871.20,0.00,-9999.00,-9999.00,-9999.00,-9999.00,-9999.00,-9999.00,-9999.00,-9999.00,-9999.00,-9999.00,-9999.00,0,0,0
2022-07-01T00:03:35,40.765869,-111.909767,1265.50,-9999.00,-9999.00,-9999.00,13.29,40.13,34.08,18.01,3.00,2.00,39.00,13.00,871.20,0.00,-9999.00,-9999.00,-9999.00,-9999.00,-9999.00,-9999.00,-9999.00,-9999.00,-9999.00,-9999.00,-9999.00,0,0,0
2022-07-01T00:03:40,40.765877,-111.909752,1265.00,-9999.00,-9999.00,-9999.00,13.29,40.12,34.03,18.01,3.00,2.00,39.00,13.00,871.40,0.00,-9999.00,-9999.00,-9999.00,-9999.00,-9999.00,-9999.00,-9999.00,-9999.00,-9999.00,-9999.00,-9999.00,0,0,0
2022-07-01T00:03:45,40.765911,-111.909760,1264.10,-9999.00,-9999.00,-9999.00,13.29,40.12,34.03,17.98,3.00,2.00,39.00,13.00,871.20,0.00,-9999.00,-9999.00,-9999.00,-9999.00,-9999.00,-9999.00,-9999.00,-9999.00,-9999.00,-9999.00,-9999.00,0,0,0
2022-07-01T00:03:50,40.765900,-111.909721,1261.70,-9999.00,-9999.00,-9999.00,13.29,40.12,34.02,18.00,4.00,2.00,39.00,13.00,871.50,0.00,-9999.00,-9999.00,-9999.00,-9999.00,-9999.00,-9999.00,-9999.00,-9999.00,-9999.00,-9999.00,-9999.00,0,0,0
2022-07-01T00:03:55,40.765892,-111.909683,1259.40,-9999.00,-9999.00,-9999.00,13.29,40.12,34.02,17.99,4.00,2.00,39.00,13.00,871.40,0.00,-9999.00,-9999.00,-9999.00,-9999.00,-9999.00,-9999.00,-9999.00,-9999.00,-9999.00,-9999.00,-9999.00,0,0,0
2022-07-01T00:04:00,40.765900,-111.909660,1258.60,-9999.00,-9999.00,-9999.00,13.29,40.12,34.00,17.99,4.00,2.00,39.00,13.00,871.40,0.00,-9999.00,-9999.00,-9999.00,-9999.00,-9999.00,-9999.00,-9999.00,-9999.00,-9999.00,-9999.00,-9999.00,0,0,0
2022-07-01T00:04:05,40.765903,-111.909668,1258.30,-9999.00,-9999.00,-9999.00,13.29,40.12,34.00,18.01,3.00,2.00,39.00,13.00,871.40,0.00,-9999.00,-9999.00,-9999.00,-9999.00,-9999.00,-9999.00,-9999.00,-9999.00,-9999.00,-9999.00,-9999.00,0,0,0
2022-07-01T00:04:10,40.765877,-111.909691,1257.80,-9999.00,-9999.00,-9999.00,13.29,40.12,33.98,18.05,3.00,2.00,39.00,13.00,871.30,0.00,-9999.00,-9999.00,-9999.00,-9999.00,-9999.00,-9999.00,-9999.00,-9999.00,-9999.00,-9999.00,-9999.00,0,0,0
2022-07-01T00:04:15,40.765820,-111.909744,1257.20,-9999.00,-9999.00,-9999.00,13.29,40.12,33.99,18.12,3.00,2.00,39.00,13.00,871.40,0.00,-9999.00,-9999.00,-9999.00,-9999.00,-9999.00,-9999.00,-9999.00,-9999.00,-9999.00,-9999.00,-9999.00,0,0,0
2022-07-01T00:04:20,40.765759,-111.909767,1257.10,-9999.00,-9999.00,-9999.00,13.29,40.12,33.97,18.14,3.00,2.00,39.00,13.00,871.30,0.00,-9999.00,-9999.00,-9999.00,-9999.00,-9999.00,-9999.00,-9999.00,-9999.00,-9999.00,-9999.00,-9999.00,0,0,0
2022-07-01T00:04:25,40.765743,-111.909752,1256.50,-9999.00,-9999.00,-9999.00,13.29,40.12,33.98,18.12,3.00,2.00,39.00,13.00,871.40,0.00,-9999.00,-9999.00,-9999.00,-9999.00,-9999.00,-9999.00,-9999.00,-9999.00,-9999.00,-9999.00,-9999.00,0,0,0
2022-07-01T00:04:30,40.765739,-111.909737,1256.60,-9999.00,-9999.00,-9999.00,13.29,40.11,33.98,18.12,3.00,2.00,39.00,13.00,871.30,0.00,-9999.00,-9999.00,-9999.00,-9999.00,-9999.00,-9999.00,-9999.00,-9999.00,-9999.00,-9999.00,-9999.00,0,0,0
2022-07-01T00:04:35,40.765736,-111.909721,1256.90,-9999.00,-9999.00,-9999.00,13.28,40.11,33.96,18.02,4.00,2.00,39.00,13.00,871.40,0.00,-9999.00,-9999.00,-9999.00,-9999.00,-9999.00,-9999.00,-9999.00,-9999.00,-9999.00,-9999.00,-9999.00,0,0,0
2022-07-01T00:04:40,40.765732,-111.909721,1256.70,-9999.00,-9999.00,-9999.00,13.29,40.11,33.96,17.99,3.00,2.00,39.00,13.00,871.30,0.00,-9999.00,-9999.00,-9999.00,-9999.00,-9999.00,-9999.00,-9999.00,-9999.00,-9999.00,-9999.00,-9999.00,0,0,0
2022-07-01T00:04:45,40.765720,-111.909737,1256.40,-9999.00,-9999.00,-9999.00,13.29,40.11,33.96,17.98,3.00,2.00,39.00,13.00,871.20,0.00,-9999.00,-9999.00,-9999.00,-9999.00,-9999.00,-9999.00,-9999.00,-9999.00,-9999.00,-9999.00,-9999.00,0,0,0
2022-07-01T00:04:50,40.765697,-111.909744,1256.20,-9999.00,-9999.00,-9999.00,13.29,40.11,33.94,17.98,3.00,2.00,39.00,13.00,871.30,0.00,-9999.00,-9999.00,-9999.00,-9999.00,-9999.00,-9999.00,-9999.00,-9999.00,-9999.00,-9999.00,-9999.00,0,0,0
2022-07-01T00:04:55,40.765686,-111.909760,1256.20,-9999.00,-9999.00,-9999.00,13.28,40.11,33.94,18.00,3.00,2.00,39.00,13.00,871.30,0.00,-9999.00,-9999.00,-9999.00,-9999.00,-9999.00,-9999.00,-9999.00,-9999.00,-9999.00,-9999.00,-9999.00,0,0,0
2022-07-01T00:05:00,40.765682,-111.909760,1256.30,-9999.00,-9999.00,-9999.00,13.29,40.11,33.95,18.04,2.00,2.00,39.00,13.00,871.20,0.00,-9999.00,-9999.00,-9999.00,-9999.00,-9999.00,-9999.00,-9999.00,-9999.00,-9999.00,-9999.00,-9999.00,0,0,0
2022-07-01T00:05:05,40.765682,-111.909760,1256.30,-9999.00,-9999.00,-9999.00,13.29,40.11,33.92,18.04,3.00,2.00,39.00,13.00,871.20,0.00,-9999.00,-9999.00,-9999.00,-9999.00,-9999.00,-9999.00,-9999.00,-9999.00,-9999.00,-9999.00,-9999.00,0,0,0
2022-07-01T00:05:10,40.765659,-111.909775,1256.70,-9999.00,-9999.00,-9999.00,13.28,40.11,33.94,18.06,3.00,2.00,39.00,13.00,871.30,0.00,-9999.00,-9999.00,-9999.00,-9999.00,-9999.00,-9999.00,-9999.00,-9999.00,-9999.00,-9999.00,-9999.00,0,0,0
2022-07-01T00:05:15,40.765636,-111.909805,1257.10,-9999.00,-9999.00,-9999.00,13.29,40.10,33.93,18.06,3.00,2.00,39.00,13.00,871.30,0.00,-9999.00,-9999.00,-9999.00,-9999.00,-9999.00,-9999.00,-9999.00,-9999.00,-9999.00,-9999.00,-9999.00,0,0,0
2022-07-01T00:05:20,40.765629,-111.909821,1257.20,-9999.00,-9999.00,-9999.00,13.29,40.10,33.90,18.04,3.00,2.00,39.00,13.00,871.30,0.00,-9999.00,-9999.00,-9999.00,-9999.00,-9999.00,-9999.00,-9999.00,-9999.00,-9999.00,-9999.00,-9999.00,0,0,0
2022-07-01T00:05:25,40.765644,-111.909828,1257.30,-9999.00,-9999.00,-9999.00,13.29,40.10,33.90,18.05,3.00,2.00,39.00,13.00,871.20,0.00,-9999.00,-9999.00,-9999.00,-9999.00,-9999.00,-9999.00,-9999.00,-9999.00,-9999.00,-9999.00,-9999.00,0,0,0
2022-07-01T00:05:30,40.765656,-111.909836,1257.40,-9999.00,-9999.00,-9999.00,13.29,40.10,33.90,18.05,2.00,2.00,39.00,13.00,871.30,0.00,-9999.00,-9999.00,-9999.00,-9999.00,-9999.00,-9999.00,-9999.00,-9999.00,-9999.00,-9999.00,-9999.00,0,0,0
2022-07-01T00:05:35,40.765648,-111.909843,1257.50,-9999.00,-9999.00,-9999.00,13.28,40.10,33.91,18.05,3.00,2.00,39.00,13.00,871.40,0.00,-9999.00,-9999.00,-9999.00,-9999.00,-9999.00,-9999.00,-9999.00,-9999.00,-9999.00,-9999.00,-9999.00,0,0,0
2022-07-01T00:05:40,40.765614,-111.909821,1257.50,-9999.00,-9999.00,-9999.00,13.29,40.10,33.92,18.08,3.00,2.00,39.00,13.00,871.20,0.00,-9999.00,-9999.00,-9999.00,-9999.00,-9999.00,-9999.00,-9999.00,-9999.00,-9999.00,-9999.00,-9999.00,0,0,0
2022-07-01T00:05:45,40.765572,-111.909798,1257.30,-9999.00,-9999.00,-9999.00,13.29,40.10,33.93,18.14,2.00,2.00,38.89,13.00,871.40,0.00,-9999.00,-9999.00,-9999.00,-9999.00,-9999.00,-9999.00,-9999.00,-9999.00,-9999.00,-9999.00,-9999.00,0,0,0
2022-07-01T00:05:50,40.765533,-111.909775,1256.90,-9999.00,-9999.00,-9999.00,13.29,40.10,33.90,18.13,3.00,2.00,38.89,13.00,871.40,0.00,-9999.00,-9999.00,-9999.00,-9999.00,-9999.00,-9999.00,-9999.00,-9999.00,-9999.00,-9999.00,-9999.00,0,0,0
2022-07-01T00:05:55,40.765507,-111.909760,1256.80,-9999.00,-9999.00,-9999.00,13.29,40.09,33.88,18.08,3.00,2.00,39.00,13.00,871.20,0.00,-9999.00,-9999.00,-9999.00,-9999.00,-9999.00,-9999.00,-9999.00,-9999.00,-9999.00,-9999.00,-9999.00,0,0,0
2022-07-01T00:06:00,40.765484,-111.909752,1257.00,-9999.00,-9999.00,-9999.00,13.29,40.09,33.88,18.07,3.00,2.00,38.89,13.00,871.40,0.00,-9999.00,-9999.00,-9999.00,-9999.00,-9999.00,-9999.00,-9999.00,-9999.00,-9999.00,-9999.00,-9999.00,0,0,0
2022-07-01T00:06:05,40.765461,-111.909729,1257.70,-9999.00,-9999.00,-9999.00,13.28,40.09,33.90,18.10,2.00,2.00,38.89,13.00,871.40,0.00,-9999.00,-9999.00,-9999.00,-9999.00,-9999.00,-9999.00,-9999.00,-9999.00,-9999.00,-9999.00,-9999.00,0,0,0
2022-07-01T00:06:10,40.765450,-111.909714,1258.00,-9999.00,-9999.00,-9999.00,13.29,40.09,33.88,18.12,3.00,2.00,38.89,13.00,871.30,0.00,-9999.00,-9999.00,-9999.00,-9999.00,-9999.00,-9999.00,-9999.00,-9999.00,-9999.00,-9999.00,-9999.00,0,0,0
2022-07-01T00:06:15,40.765442,-111.909691,1258.00,-9999.00,-9999.00,-9999.00,13.29,40.09,33.87,18.12,4.00,2.00,38.89,13.00,871.30,0.00,-9999.00,-9999.00,-9999.00,-9999.00,-9999.00,-9999.00,-9999.00,-9999.00,-9999.00,-9999.00,-9999.00,0,0,0
2022-07-01T00:06:20,40.765450,-111.909691,1257.90,-9999.00,-9999.00,-9999.00,13.29,40.09,33.86,18.09,2.00,2.00,38.89,13.00,871.20,0.00,-9999.00,-9999.00,-9999.00,-9999.00,-9999.00,-9999.00,-9999.00,-9999.00,-9999.00,-9999.00,-9999.00,0,0,0
2022-07-01T00:06:25,40.765453,-111.909691,1258.10,-9999.00,-9999.00,-9999.00,13.28,40.09,33.84,18.07,2.00,2.00,38.89,13.00,871.20,0.00,-9999.00,-9999.00,-9999.00,-9999.00,-9999.00,-9999.00,-9999.00,-9999.00,-9999.00,-9999.00,-9999.00,0,0,0
2022-07-01T00:06:30,40.765491,-111.909683,1258.30,-9999.00,-9999.00,-9999.00,13.29,40.09,33.86,18.05,3.00,2.00,38.89,13.00,871.20,0.00,-9999.00,-9999.00,-9999.00,-9999.00,-9999.00,-9999.00,-9999.00,-9999.00,-9999.00,-9999.00,-9999.00,0,0,0
2022-07-01T00:06:35,40.765488,-111.909691,1257.90,-9999.00,-9999.00,-9999.00,13.29,40.08,33.83,18.06,2.00,2.00,38.89,13.00,871.20,0.00,-9999.00,-9999.00,-9999.00,-9999.00,-9999.00,-9999.00,-9999.00,-9999.00,-9999.00,-9999.00,-9999.00,0,0,0
2022-07-01T00:06:40,40.765488,-111.909676,1257.30,-9999.00,-9999.00,-9999.00,13.28,40.08,33.83,18.04,3.00,2.00,38.89,13.00,871.20,0.00,-9999.00,-9999.00,-9999.00,-9999.00,-9999.00,-9999.00,-9999.00,-9999.00,-9999.00,-9999.00,-9999.00,0,0,0
2022-07-01T00:06:45,40.765503,-111.909660,1257.30,-9999.00,-9999.00,-9999.00,13.28,40.08,33.82,18.01,3.00,2.00,38.89,13.00,871.20,0.00,-9999.00,-9999.00,-9999.00,-9999.00,-9999.00,-9999.00,-9999.00,-9999.00,-9999.00,-9999.00,-9999.00,0,0,0
2022-07-01T00:06:50,40.765530,-111.909645,1257.70,-9999.00,-9999.00,-9999.00,13.29,40.08,33.80,18.00,3.00,2.00,38.89,13.00,871.20,0.00,-9999.00,-9999.00,-9999.00,-9999.00,-9999.00,-9999.00,-9999.00,-9999.00,-9999.00,-9999.00,-9999.00,0,0,0
2022-07-01T00:06:55,40.765560,-111.909630,1258.00,-9999.00,-9999.00,-9999.00,13.29,40.08,33.82,18.02,2.00,2.00,38.89,13.00,871.20,0.00,-9999.00,-9999.00,-9999.00,-9999.00,-9999.00,-9999.00,-9999.00,-9999.00,-9999.00,-9999.00,-9999.00,0,0,0
2022-07-01T00:07:00,40.765587,-111.909622,1257.30,-9999.00,-9999.00,-9999.00,13.29,40.08,33.81,18.04,3.00,2.00,38.89,13.00,871.20,0.00,-9999.00,-9999.00,-9999.00,-9999.00,-9999.00,-9999.00,-9999.00,-9999.00,-9999.00,-9999.00,-9999.00,0,0,0
2022-07-01T00:07:05,40.765614,-111.909622,1255.90,-9999.00,-9999.00,-9999.00,13.29,40.08,33.80,18.04,3.00,2.00,38.89,13.00,871.30,0.00,-9999.00,-9999.00,-9999.00,-9999.00,-9999.00,-9999.00,-9999.00,-9999.00,-9999.00,-9999.00,-9999.00,0,0,0
2022-07-01T00:07:10,40.765648,-111.909584,1254.70,-9999.00,-9999.00,-9999.00,13.29,40.07,33.80,18.04,2.00,2.00,38.89,13.00,871.10,0.00,-9999.00,-9999.00,-9999.00,-9999.00,-9999.00,-9999.00,-9999.00,-9999.00,-9999.00,-9999.00,-9999.00,0,0,0
2022-07-01T00:07:15,40.765648,-111.909569,1253.50,-9999.00,-9999.00,-9999.00,13.29,40.07,33.78,18.02,2.00,2.00,38.89,13.00,871.10,0.00,-9999.00,-9999.00,-9999.00,-9999.00,-9999.00,-9999.00,-9999.00,-9999.00,-9999.00,-9999.00,-9999.00,0,0,0
2022-07-01T00:07:20,40.765636,-111.909576,1253.30,-9999.00,-9999.00,-9999.00,13.29,40.07,33.78,18.02,3.00,2.00,38.89,13.00,871.20,0.00,-9999.00,-9999.00,-9999.00,-9999.00,-9999.00,-9999.00,-9999.00,-9999.00,-9999.00,-9999.00,-9999.00,0,0,0
2022-07-01T00:07:25,40.765629,-111.909584,1253.30,-9999.00,-9999.00,-9999.00,13.29,40.07,33.75,18.00,2.00,2.00,38.89,13.00,871.10,0.00,-9999.00,-9999.00,-9999.00,-9999.00,-9999.00,-9999.00,-9999.00,-9999.00,-9999.00,-9999.00,-9999.00,0,0,0
2022-07-01T00:07:30,40.765640,-111.909592,1254.00,-9999.00,-9999.00,-9999.00,13.29,40.07,33.73,17.99,3.00,2.00,38.89,13.00,871.40,0.00,-9999.00,-9999.00,-9999.00,-9999.00,-9999.00,-9999.00,-9999.00,-9999.00,-9999.00,-9999.00,-9999.00,0,0,0
2022-07-01T00:07:35,40.765663,-111.909607,1255.20,-9999.00,-9999.00,-9999.00,13.29,40.07,33.72,17.96,3.00,2.00,38.89,13.00,871.10,0.00,-9999.00,-9999.00,-9999.00,-9999.00,-9999.00,-9999.00,-9999.00,-9999.00,-9999.00,-9999.00,-9999.00,0,0,0
2022-07-01T00:07:40,40.765701,-111.909622,1256.80,-9999.00,-9999.00,-9999.00,13.29,40.07,33.73,17.97,2.00,2.00,38.89,13.00,871.30,0.00,-9999.00,-9999.00,-9999.00,-9999.00,-9999.00,-9999.00,-9999.00,-9999.00,-9999.00,-9999.00,-9999.00,0,0,0
2022-07-01T00:07:45,40.765732,-111.909645,1257.60,-9999.00,-9999.00,-9999.00,13.29,40.06,33.71,17.98,3.00,2.00,38.89,13.00,871.20,0.00,-9999.00,-9999.00,-9999.00,-9999.00,-9999.00,-9999.00,-9999.00,-9999.00,-9999.00,-9999.00,-9999.00,0,0,0
2022-07-01T00:07:50,40.765755,-111.909653,1257.20,-9999.00,-9999.00,-9999.00,13.29,40.06,33.70,17.97,4.00,2.00,38.89,13.00,871.40,0.00,-9999.00,-9999.00,-9999.00,-9999.00,-9999.00,-9999.00,-9999.00,-9999.00,-9999.00,-9999.00,-9999.00,0,0,0
2022-07-01T00:07:55,40.765770,-111.909653,1257.00,-9999.00,-9999.00,-9999.00,13.29,40.06,33.71,17.98,3.00,2.00,38.78,13.00,871.20,0.00,-9999.00,-9999.00,-9999.00,-9999.00,-9999.00,-9999.00,-9999.00,-9999.00,-9999.00,-9999.00,-9999.00,0,0,0
2022-07-01T00:08:00,40.765797,-111.909668,1256.70,-9999.00,-9999.00,-9999.00,13.28,40.06,33.72,18.06,3.00,2.00,38.78,13.00,871.20,0.00,-9999.00,-9999.00,-9999.00,-9999.00,-9999.00,-9999.00,-9999.00,-9999.00,-9999.00,-9999.00,-9999.00,0,0,0
2022-07-01T00:08:05,40.765816,-111.909668,1256.70,-9999.00,-9999.00,-9999.00,13.29,40.06,33.66,18.04,3.00,2.00,38.89,13.00,871.20,0.00,-9999.00,-9999.00,-9999.00,-9999.00,-9999.00,-9999.00,-9999.00,-9999.00,-9999.00,-9999.00,-9999.00,0,0,0
2022-07-01T00:08:10,40.765823,-111.909676,1256.70,-9999.00,-9999.00,-9999.00,13.29,40.06,33.66,18.04,2.00,2.00,38.78,13.00,871.20,0.00,-9999.00,-9999.00,-9999.00,-9999.00,-9999.00,-9999.00,-9999.00,-9999.00,-9999.00,-9999.00,-9999.00,0,0,0
2022-07-01T00:08:15,40.765831,-111.909660,1256.40,-9999.00,-9999.00,-9999.00,13.29,40.06,33.64,18.06,2.00,2.00,38.89,12.00,871.40,0.00,-9999.00,-9999.00,-9999.00,-9999.00,-9999.00,-9999.00,-9999.00,-9999.00,-9999.00,-9999.00,-9999.00,0,0,0
2022-07-01T00:08:20,40.765854,-111.909683,1256.00,-9999.00,-9999.00,-9999.00,13.29,40.05,33.66,18.10,3.00,2.00,38.78,13.00,871.20,0.00,-9999.00,-9999.00,-9999.00,-9999.00,-9999.00,-9999.00,-9999.00,-9999.00,-9999.00,-9999.00,-9999.00,0,0,0
2022-07-01T00:08:25,40.765854,-111.909668,1254.30,-9999.00,-9999.00,-9999.00,13.29,40.05,33.64,18.12,3.00,2.00,38.89,13.00,871.20,0.00,-9999.00,-9999.00,-9999.00,-9999.00,-9999.00,-9999.00,-9999.00,-9999.00,-9999.00,-9999.00,-9999.00,0,0,0
2022-07-01T00:08:30,40.765846,-111.909668,1253.20,-9999.00,-9999.00,-9999.00,13.29,40.05,33.62,18.13,2.00,2.00,38.78,13.00,871.20,0.00,-9999.00,-9999.00,-9999.00,-9999.00,-9999.00,-9999.00,-9999.00,-9999.00,-9999.00,-9999.00,-9999.00,0,0,0
2022-07-01T00:08:35,40.765846,-111.909683,1253.00,-9999.00,-9999.00,-9999.00,13.29,40.05,33.62,18.17,2.00,2.00,38.78,13.00,871.30,0.00,-9999.00,-9999.00,-9999.00,-9999.00,-9999.00,-9999.00,-9999.00,-9999.00,-9999.00,-9999.00,-9999.00,0,0,0
2022-07-01T00:08:40,40.765846,-111.909706,1252.30,-9999.00,-9999.00,-9999.00,13.29,40.05,33.60,18.20,3.00,2.00,38.78,13.00,871.20,0.00,-9999.00,-9999.00,-9999.00,-9999.00,-9999.00,-9999.00,-9999.00,-9999.00,-9999.00,-9999.00,-9999.00,0,0,0
2022-07-01T00:08:45,40.765846,-111.909721,1250.60,-9999.00,-9999.00,-9999.00,13.28,40.05,33.60,18.20,3.00,2.00,38.78,13.00,871.20,0.00,-9999.00,-9999.00,-9999.00,-9999.00,-9999.00,-9999.00,-9999.00,-9999.00,-9999.00,-9999.00,-9999.00,0,0,0
2022-07-01T00:08:50,40.765835,-111.909706,1249.60,-9999.00,-9999.00,-9999.00,13.29,40.04,33.61,18.23,3.00,2.00,38.78,13.00,871.10,0.00,-9999.00,-9999.00,-9999.00,-9999.00,-9999.00,-9999.00,-9999.00,-9999.00,-9999.00,-9999.00,-9999.00,0,0,0
2022-07-01T00:08:55,40.765808,-111.909676,1249.50,-9999.00,-9999.00,-9999.00,13.29,40.04,33.60,18.22,2.00,2.00,38.78,13.00,871.40,0.00,-9999.00,-9999.00,-9999.00,-9999.00,-9999.00,-9999.00,-9999.00,-9999.00,-9999.00,-9999.00,-9999.00,0,0,0
2022-07-01T00:09:00,40.765778,-111.909645,1249.70,-9999.00,-9999.00,-9999.00,13.29,40.04,33.61,18.26,2.00,2.00,38.78,13.00,871.40,0.00,-9999.00,-9999.00,-9999.00,-9999.00,-9999.00,-9999.00,-9999.00,-9999.00,-9999.00,-9999.00,-9999.00,0,0,0
2022-07-01T00:09:05,40.765759,-111.909637,1250.20,-9999.00,-9999.00,-9999.00,13.29,40.04,33.60,18.26,2.00,2.00,38.78,13.00,871.20,0.00,-9999.00,-9999.00,-9999.00,-9999.00,-9999.00,-9999.00,-9999.00,-9999.00,-9999.00,-9999.00,-9999.00,0,0,0
2022-07-01T00:09:10,40.765755,-111.909630,1250.90,-9999.00,-9999.00,-9999.00,13.29,40.04,33.61,18.27,2.00,2.00,38.78,13.00,871.20,0.00,-9999.00,-9999.00,-9999.00,-9999.00,-9999.00,-9999.00,-9999.00,-9999.00,-9999.00,-9999.00,-9999.00,0,0,0
2022-07-01T00:09:15,40.765751,-111.909630,1251.80,-9999.00,-9999.00,-9999.00,13.29,40.04,33.61,18.30,3.00,2.00,38.78,13.00,871.20,0.00,-9999.00,-9999.00,-9999.00,-9999.00,-9999.00,-9999.00,-9999.00,-9999.00,-9999.00,-9999.00,-9999.00,0,0,0
2022-07-01T00:09:20,40.765743,-111.909637,1252.70,-9999.00,-9999.00,-9999.00,13.29,40.04,33.61,18.32,2.00,2.00,38.78,13.00,871.30,0.00,-9999.00,-9999.00,-9999.00,-9999.00,-9999.00,-9999.00,-9999.00,-9999.00,-9999.00,-9999.00,-9999.00,0,0,0
2022-07-01T00:09:25,40.765743,-111.909630,1254.40,-9999.00,-9999.00,-9999.00,13.29,40.03,33.59,18.36,2.00,2.00,38.78,13.00,871.30,0.00,-9999.00,-9999.00,-9999.00,-9999.00,-9999.00,-9999.00,-9999.00,-9999.00,-9999.00,-9999.00,-9999.00,0,0,0
2022-07-01T00:09:30,40.765751,-111.909592,1256.80,-9999.00,-9999.00,-9999.00,13.29,40.03,33.58,18.35,3.00,2.00,38.78,13.00,871.10,0.00,-9999.00,-9999.00,-9999.00,-9999.00,-9999.00,-9999.00,-9999.00,-9999.00,-9999.00,-9999.00,-9999.00,0,0,0
2022-07-01T00:09:35,40.765755,-111.909576,1258.40,-9999.00,-9999.00,-9999.00,13.29,40.03,33.58,18.36,3.00,2.00,38.78,13.00,871.30,0.00,-9999.00,-9999.00,-9999.00,-9999.00,-9999.00,-9999.00,-9999.00,-9999.00,-9999.00,-9999.00,-9999.00,0,0,0
2022-07-01T00:09:40,40.765759,-111.909569,1259.70,-9999.00,-9999.00,-9999.00,13.29,40.03,33.58,18.38,2.00,2.00,38.78,13.00,871.20,0.00,-9999.00,-9999.00,-9999.00,-9999.00,-9999.00,-9999.00,-9999.00,-9999.00,-9999.00,-9999.00,-9999.00,0,0,0
2022-07-01T00:09:45,40.765755,-111.909554,1260.90,-9999.00,-9999.00,-9999.00,13.29,40.03,33.60,18.41,3.00,2.00,38.78,13.00,871.40,0.00,-9999.00,-9999.00,-9999.00,-9999.00,-9999.00,-9999.00,-9999.00,-9999.00,-9999.00,-9999.00,-9999.00,0,0,0
2022-07-01T00:09:50,40.765751,-111.909554,1262.00,-9999.00,-9999.00,-9999.00,13.29,40.03,33.58,18.46,3.00,2.00,38.78,13.00,871.10,0.00,-9999.00,-9999.00,-9999.00,-9999.00,-9999.00,-9999.00,-9999.00,-9999.00,-9999.00,-9999.00,-9999.00,0,0,0
2022-07-01T00:09:55,40.765747,-111.909546,1262.70,-9999.00,-9999.00,-9999.00,13.29,40.02,33.59,18.46,2.00,2.00,38.78,13.00,871.20,0.00,-9999.00,-9999.00,-9999.00,-9999.00,-9999.00,-9999.00,-9999.00,-9999.00,-9999.00,-9999.00,-9999.00,0,0,0
2022-07-01T00:10:00,40.765743,-111.909546,1263.30,-9999.00,-9999.00,-9999.00,13.29,40.02,33.58,18.45,3.00,2.00,38.78,13.00,871.10,0.00,-9999.00,-9999.00,-9999.00,-9999.00,-9999.00,-9999.00,-9999.00,-9999.00,-9999.00,-9999.00,-9999.00,0,0,0
2022-07-01T00:10:05,40.765739,-111.909538,1263.50,-9999.00,-9999.00,-9999.00,13.29,40.02,33.58,18.45,4.00,2.00,38.78,13.00,871.10,0.00,-9999.00,-9999.00,-9999.00,-9999.00,-9999.00,-9999.00,-9999.00,-9999.00,-9999.00,-9999.00,-9999.00,0,0,0
2022-07-01T00:10:10,40.765743,-111.909554,1264.20,-9999.00,-9999.00,-9999.00,13.29,40.02,33.65,18.50,3.00,2.00,38.78,13.00,871.40,0.00,-9999.00,-9999.00,-9999.00,-9999.00,-9999.00,-9999.00,-9999.00,-9999.00,-9999.00,-9999.00,-9999.00,0,0,0
2022-07-01T00:10:15,40.765736,-111.909554,1264.80,-9999.00,-9999.00,-9999.00,13.29,40.02,33.64,18.55,3.00,2.00,38.78,13.00,871.10,0.00,-9999.00,-9999.00,-9999.00,-9999.00,-9999.00,-9999.00,-9999.00,-9999.00,-9999.00,-9999.00,-9999.00,0,0,0
2022-07-01T00:10:20,40.765728,-111.909569,1265.30,-9999.00,-9999.00,-9999.00,13.29,40.02,33.58,18.50,3.00,2.00,38.78,13.00,871.20,0.00,-9999.00,-9999.00,-9999.00,-9999.00,-9999.00,-9999.00,-9999.00,-9999.00,-9999.00,-9999.00,-9999.00,0,0,0
2022-07-01T00:10:25,40.765724,-111.909576,1265.40,-9999.00,-9999.00,-9999.00,13.29,40.01,33.60,18.50,3.00,2.00,38.78,13.00,871.20,0.00,-9999.00,-9999.00,-9999.00,-9999.00,-9999.00,-9999.00,-9999.00,-9999.00,-9999.00,-9999.00,-9999.00,0,0,0
2022-07-01T00:10:30,40.765713,-111.909569,1265.50,-9999.00,-9999.00,-9999.00,13.29,40.01,33.59,18.50,2.00,2.00,38.78,13.00,871.10,0.00,-9999.00,-9999.00,-9999.00,-9999.00,-9999.00,-9999.00,-9999.00,-9999.00,-9999.00,-9999.00,-9999.00,0,0,0
2022-07-01T00:10:35,40.765701,-111.909554,1265.30,-9999.00,-9999.00,-9999.00,13.29,40.01,33.58,18.49,2.00,2.00,38.78,13.00,871.40,0.00,-9999.00,-9999.00,-9999.00,-9999.00,-9999.00,-9999.00,-9999.00,-9999.00,-9999.00,-9999.00,-9999.00,0,0,0
2022-07-01T00:10:40,40.765713,-111.909569,1264.90,-9999.00,-9999.00,-9999.00,13.29,40.01,33.59,18.48,2.00,2.00,38.78,13.00,871.10,0.00,-9999.00,-9999.00,-9999.00,-9999.00,-9999.00,-9999.00,-9999.00,-9999.00,-9999.00,-9999.00,-9999.00,0,0,0
2022-07-01T00:10:45,40.765732,-111.909599,1264.20,-9999.00,-9999.00,-9999.00,13.29,40.01,33.58,18.49,2.00,2.00,38.78,13.00,871.30,0.00,-9999.00,-9999.00,-9999.00,-9999.00,-9999.00,-9999.00,-9999.00,-9999.00,-9999.00,-9999.00,-9999.00,0,0,0
2022-07-01T00:10:50,40.765743,-111.909622,1263.60,-9999.00,-9999.00,-9999.00,13.29,40.00,33.56,18.51,3.00,2.00,38.78,13.00,871.20,0.00,-9999.00,-9999.00,-9999.00,-9999.00,-9999.00,-9999.00,-9999.00,-9999.00,-9999.00,-9999.00,-9999.00,0,0,0
2022-07-01T00:10:55,40.765755,-111.909645,1262.50,-9999.00,-9999.00,-9999.00,13.29,40.00,33.58,18.51,3.00,2.00,38.78,13.00,871.40,0.00,-9999.00,-9999.00,-9999.00,-9999.00,-9999.00,-9999.00,-9999.00,-9999.00,-9999.00,-9999.00,-9999.00,0,0,0
2022-07-01T00:11:00,40.765762,-111.909660,1261.60,-9999.00,-9999.00,-9999.00,13.29,40.00,33.58,18.53,2.00,2.00,38.78,13.00,871.30,0.00,-9999.00,-9999.00,-9999.00,-9999.00,-9999.00,-9999.00,-9999.00,-9999.00,-9999.00,-9999.00,-9999.00,0,0,0
2022-07-01T00:11:05,40.765762,-111.909660,1261.60,-9999.00,-9999.00,-9999.00,13.29,40.00,33.56,18.55,3.00,2.00,38.78,13.00,871.10,0.00,-9999.00,-9999.00,-9999.00,-9999.00,-9999.00,-9999.00,-9999.00,-9999.00,-9999.00,-9999.00,-9999.00,0,0,0
2022-07-01T00:11:10,40.765759,-111.909668,1261.60,-9999.00,-9999.00,-9999.00,13.29,40.00,33.56,18.55,2.00,2.00,38.78,13.00,871.10,0.00,-9999.00,-9999.00,-9999.00,-9999.00,-9999.00,-9999.00,-9999.00,-9999.00,-9999.00,-9999.00,-9999.00,0,0,0
2022-07-01T00:11:15,40.765759,-111.909668,1261.30,-9999.00,-9999.00,-9999.00,13.29,40.00,33.57,18.58,3.00,2.00,38.78,13.00,871.30,0.00,-9999.00,-9999.00,-9999.00,-9999.00,-9999.00,-9999.00,-9999.00,-9999.00,-9999.00,-9999.00,-9999.00,0,0,0
2022-07-01T00:11:20,40.765759,-111.909668,1261.20,-9999.00,-9999.00,-9999.00,13.28,39.99,33.56,18.57,5.00,2.00,38.78,13.00,871.30,0.00,-9999.00,-9999.00,-9999.00,-9999.00,-9999.00,-9999.00,-9999.00,-9999.00,-9999.00,-9999.00,-9999.00,0,0,0
2022-07-01T00:11:25,40.765743,-111.909660,1260.90,-9999.00,-9999.00,-9999.00,13.29,39.99,33.57,18.56,3.00,2.00,38.78,13.00,871.30,0.00,-9999.00,-9999.00,-9999.00,-9999.00,-9999.00,-9999.00,-9999.00,-9999.00,-9999.00,-9999.00,-9999.00,0,0,0
2022-07-01T00:11:30,40.765728,-111.909630,1260.70,-9999.00,-9999.00,-9999.00,13.29,39.99,33.57,18.51,2.00,2.00,38.78,13.00,871.30,0.00,-9999.00,-9999.00,-9999.00,-9999.00,-9999.00,-9999.00,-9999.00,-9999.00,-9999.00,-9999.00,-9999.00,0,0,0
2022-07-01T00:11:35,40.765720,-111.909622,1260.50,-9999.00,-9999.00,-9999.00,13.28,39.99,33.56,18.51,3.00,2.00,38.78,13.00,871.10,0.00,-9999.00,-9999.00,-9999.00,-9999.00,-9999.00,-9999.00,-9999.00,-9999.00,-9999.00,-9999.00,-9999.00,0,0,0
2022-07-01T00:11:40,40.765717,-111.909630,1259.90,-9999.00,-9999.00,-9999.00,13.29,39.99,33.56,18.50,3.00,2.00,38.78,13.00,871.40,0.00,-9999.00,-9999.00,-9999.00,-9999.00,-9999.00,-9999.00,-9999.00,-9999.00,-9999.00,-9999.00,-9999.00,0,0,0
2022-07-01T00:11:45,40.765713,-111.909630,1259.70,-9999.00,-9999.00,-9999.00,13.29,39.99,33.57,18.54,3.00,2.00,38.78,13.00,871.20,0.00,-9999.00,-9999.00,-9999.00,-9999.00,-9999.00,-9999.00,-9999.00,-9999.00,-9999.00,-9999.00,-9999.00,0,0,0
2022-07-01T00:11:50,40.765705,-111.909630,1259.40,-9999.00,-9999.00,-9999.00,13.29,39.98,33.56,18.56,4.00,2.00,38.78,13.00,871.30,0.00,-9999.00,-9999.00,-9999.00,-9999.00,-9999.00,-9999.00,-9999.00,-9999.00,-9999.00,-9999.00,-9999.00,0,0,0
2022-07-01T00:11:55,40.765713,-111.909622,1259.50,-9999.00,-9999.00,-9999.00,13.29,39.98,33.56,18.60,3.00,2.00,38.78,13.00,871.20,0.00,-9999.00,-9999.00,-9999.00,-9999.00,-9999.00,-9999.00,-9999.00,-9999.00,-9999.00,-9999.00,-9999.00,0,0,0
2022-07-01T00:12:00,40.765724,-111.909630,1259.80,-9999.00,-9999.00,-9999.00,13.29,39.98,33.56,18.58,3.00,2.00,38.78,13.00,871.10,0.00,-9999.00,-9999.00,-9999.00,-9999.00,-9999.00,-9999.00,-9999.00,-9999.00,-9999.00,-9999.00,-9999.00,0,0,0
2022-07-01T00:12:05,40.765736,-111.909630,1259.70,-9999.00,-9999.00,-9999.00,13.28,39.98,33.56,18.55,3.00,2.00,38.78,13.00,871.40,0.00,-9999.00,-9999.00,-9999.00,-9999.00,-9999.00,-9999.00,-9999.00,-9999.00,-9999.00,-9999.00,-9999.00,0,0,0
2022-07-01T00:12:10,40.765743,-111.909637,1259.30,-9999.00,-9999.00,-9999.00,13.29,39.98,33.57,18.56,3.00,2.00,38.78,13.00,871.20,0.00,-9999.00,-9999.00,-9999.00,-9999.00,-9999.00,-9999.00,-9999.00,-9999.00,-9999.00,-9999.00,-9999.00,0,0,0
2022-07-01T00:12:15,40.765747,-111.909653,1258.70,-9999.00,-9999.00,-9999.00,13.29,39.98,33.56,18.58,3.00,2.00,38.78,13.00,871.40,0.00,-9999.00,-9999.00,-9999.00,-9999.00,-9999.00,-9999.00,-9999.00,-9999.00,-9999.00,-9999.00,-9999.00,0,0,0
2022-07-01T00:12:20,40.765751,-111.909660,1258.60,-9999.00,-9999.00,-9999.00,13.29,39.97,33.63,18.60,3.00,2.00,38.78,13.00,871.40,0.00,-9999.00,-9999.00,-9999.00,-9999.00,-9999.00,-9999.00,-9999.00,-9999.00,-9999.00,-9999.00,-9999.00,0,0,0
2022-07-01T00:12:25,40.765759,-111.909676,1258.50,-9999.00,-9999.00,-9999.00,13.29,39.97,33.57,18.61,2.00,2.00,38.78,13.00,871.30,0.00,-9999.00,-9999.00,-9999.00,-9999.00,-9999.00,-9999.00,-9999.00,-9999.00,-9999.00,-9999.00,-9999.00,0,0,0
2022-07-01T00:12:30,40.765759,-111.909714,1258.50,-9999.00,-9999.00,-9999.00,13.29,39.97,33.54,18.57,3.00,2.00,38.78,13.00,871.30,0.00,-9999.00,-9999.00,-9999.00,-9999.00,-9999.00,-9999.00,-9999.00,-9999.00,-9999.00,-9999.00,-9999.00,0,0,0
2022-07-01T00:12:35,40.765766,-111.909737,1258.80,-9999.00,-9999.00,-9999.00,13.28,39.97,33.54,18.57,3.00,2.00,38.78,13.00,871.20,0.00,-9999.00,-9999.00,-9999.00,-9999.00,-9999.00,-9999.00,-9999.00,-9999.00,-9999.00,-9999.00,-9999.00,0,0,0
2022-07-01T00:12:40,40.765774,-111.909752,1259.60,-9999.00,-9999.00,-9999.00,13.29,39.97,33.54,18.49,3.00,2.00,38.78,13.00,871.40,0.00,-9999.00,-9999.00,-9999.00,-9999.00,-9999.00,-9999.00,-9999.00,-9999.00,-9999.00,-9999.00,-9999.00,0,0,0
2022-07-01T00:12:45,40.765774,-111.909767,1260.40,-9999.00,-9999.00,-9999.00,13.29,39.96,33.55,18.30,2.00,2.00,38.78,13.00,871.10,0.00,-9999.00,-9999.00,-9999.00,-9999.00,-9999.00,-9999.00,-9999.00,-9999.00,-9999.00,-9999.00,-9999.00,0,0,0
2022-07-01T00:12:50,40.765778,-111.909760,1261.10,-9999.00,-9999.00,-9999.00,13.29,39.96,33.54,18.23,3.00,2.00,38.78,13.00,871.30,0.00,-9999.00,-9999.00,-9999.00,-9999.00,-9999.00,-9999.00,-9999.00,-9999.00,-9999.00,-9999.00,-9999.00,0,0,0
2022-07-01T00:12:55,40.765770,-111.909729,1261.60,-9999.00,-9999.00,-9999.00,13.29,39.96,33.55,18.24,3.00,2.00,38.78,13.00,871.10,0.00,-9999.00,-9999.00,-9999.00,-9999.00,-9999.00,-9999.00,-9999.00,-9999.00,-9999.00,-9999.00,-9999.00,0,0,0
2022-07-01T00:13:00,40.765759,-111.909714,1262.30,-9999.00,-9999.00,-9999.00,13.29,39.96,33.55,18.25,2.00,2.00,38.78,13.00,871.10,0.00,-9999.00,-9999.00,-9999.00,-9999.00,-9999.00,-9999.00,-9999.00,-9999.00,-9999.00,-9999.00,-9999.00,0,0,0
2022-07-01T00:13:05,40.765739,-111.909706,1263.50,-9999.00,-9999.00,-9999.00,13.28,39.96,33.52,18.28,3.00,2.00,38.78,13.00,871.40,0.00,-9999.00,-9999.00,-9999.00,-9999.00,-9999.00,-9999.00,-9999.00,-9999.00,-9999.00,-9999.00,-9999.00,0,0,0
2022-07-01T00:13:10,40.765736,-111.909706,1264.70,-9999.00,-9999.00,-9999.00,13.29,39.96,33.53,18.32,2.00,2.00,38.78,13.00,871.40,0.00,-9999.00,-9999.00,-9999.00,-9999.00,-9999.00,-9999.00,-9999.00,-9999.00,-9999.00,-9999.00,-9999.00,0,0,0
2022-07-01T00:13:15,40.765732,-111.909691,1266.40,-9999.00,-9999.00,-9999.00,13.29,39.95,33.52,18.37,2.00,2.00,38.78,13.00,871.10,0.00,-9999.00,-9999.00,-9999.00,-9999.00,-9999.00,-9999.00,-9999.00,-9999.00,-9999.00,-9999.00,-9999.00,0,0,0
2022-07-01T00:13:20,40.765728,-111.909691,1268.30,-9999.00,-9999.00,-9999.00,13.29,39.95,33.51,18.44,3.00,2.00,38.78,13.00,871.20,0.00,-9999.00,-9999.00,-9999.00,-9999.00,-9999.00,-9999.00,-9999.00,-9999.00,-9999.00,-9999.00,-9999.00,0,0,0
2022-07-01T00:13:25,40.765732,-111.909683,1270.50,-9999.00,-9999.00,-9999.00,13.28,39.95,33.51,18.41,2.00,2.00,38.78,13.00,871.20,0.00,-9999.00,-9999.00,-9999.00,-9999.00,-9999.00,-9999.00,-9999.00,-9999.00,-9999.00,-9999.00,-9999.00,0,0,0
2022-07-01T00:13:30,40.765713,-111.909683,1271.60,-9999.00,-9999.00,-9999.00,13.29,39.95,33.51,18.42,3.00,2.00,38.78,13.00,871.10,0.00,-9999.00,-9999.00,-9999.00,-9999.00,-9999.00,-9999.00,-9999.00,-9999.00,-9999.00,-9999.00,-9999.00,0,0,0
2022-07-01T00:13:35,40.765697,-111.909683,1272.90,-9999.00,-9999.00,-9999.00,13.28,39.95,33.50,18.40,2.00,2.00,38.72,13.00,871.20,0.00,-9999.00,-9999.00,-9999.00,-9999.00,-9999.00,-9999.00,-9999.00,-9999.00,-9999.00,-9999.00,-9999.00,0,0,0
2022-07-01T00:13:40,40.765682,-111.909691,1274.00,-9999.00,-9999.00,-9999.00,13.29,39.94,33.49,18.37,3.00,2.00,38.78,13.00,871.20,0.00,-9999.00,-9999.00,-9999.00,-9999.00,-9999.00,-9999.00,-9999.00,-9999.00,-9999.00,-9999.00,-9999.00,0,0,0
2022-07-01T00:13:45,40.765690,-111.909698,1275.00,-9999.00,-9999.00,-9999.00,13.29,39.94,33.49,18.33,2.00,2.00,38.72,13.00,871.40,0.00,-9999.00,-9999.00,-9999.00,-9999.00,-9999.00,-9999.00,-9999.00,-9999.00,-9999.00,-9999.00,-9999.00,0,0,0
2022-07-01T00:13:50,40.765701,-111.909714,1275.50,-9999.00,-9999.00,-9999.00,13.29,39.94,33.46,18.36,2.00,2.00,38.72,13.00,871.10,0.00,-9999.00,-9999.00,-9999.00,-9999.00,-9999.00,-9999.00,-9999.00,-9999.00,-9999.00,-9999.00,-9999.00,0,0,0
2022-07-01T00:13:55,40.765709,-111.909721,1275.80,-9999.00,-9999.00,-9999.00,13.28,39.94,33.45,18.41,3.00,2.00,38.72,13.00,871.10,0.00,-9999.00,-9999.00,-9999.00,-9999.00,-9999.00,-9999.00,-9999.00,-9999.00,-9999.00,-9999.00,-9999.00,0,0,0
2022-07-01T00:14:00,40.765713,-111.909729,1275.90,-9999.00,-9999.00,-9999.00,13.29,39.94,33.44,18.41,4.00,2.00,38.72,13.00,871.20,0.00,-9999.00,-9999.00,-9999.00,-9999.00,-9999.00,-9999.00,-9999.00,-9999.00,-9999.00,-9999.00,-9999.00,0,0,0
2022-07-01T00:14:05,40.765717,-111.909729,1275.40,-9999.00,-9999.00,-9999.00,13.29,39.94,33.44,18.35,3.00,2.00,38.72,13.00,871.10,0.00,-9999.00,-9999.00,-9999.00,-9999.00,-9999.00,-9999.00,-9999.00,-9999.00,-9999.00,-9999.00,-9999.00,0,0,0
2022-07-01T00:14:10,40.765717,-111.909729,1274.60,-9999.00,-9999.00,-9999.00,13.29,39.93,33.45,18.34,3.00,2.00,38.72,13.00,871.10,0.00,-9999.00,-9999.00,-9999.00,-9999.00,-9999.00,-9999.00,-9999.00,-9999.00,-9999.00,-9999.00,-9999.00,0,0,0
2022-07-01T00:14:15,40.765717,-111.909729,1274.40,-9999.00,-9999.00,-9999.00,13.29,39.93,33.43,18.32,3.00,2.00,38.72,13.00,871.20,0.00,-9999.00,-9999.00,-9999.00,-9999.00,-9999.00,-9999.00,-9999.00,-9999.00,-9999.00,-9999.00,-9999.00,0,0,0
2022-07-01T00:14:20,40.765717,-111.909729,1274.40,-9999.00,-9999.00,-9999.00,13.29,39.93,33.42,18.30,3.00,2.00,38.72,13.00,871.20,0.00,-9999.00,-9999.00,-9999.00,-9999.00,-9999.00,-9999.00,-9999.00,-9999.00,-9999.00,-9999.00,-9999.00,0,0,0
2022-07-01T00:14:25,40.765720,-111.909721,1274.50,-9999.00,-9999.00,-9999.00,13.28,39.93,33.43,18.31,3.00,2.00,38.72,12.00,871.40,0.00,-9999.00,-9999.00,-9999.00,-9999.00,-9999.00,-9999.00,-9999.00,-9999.00,-9999.00,-9999.00,-9999.00,0,0,0
2022-07-01T00:14:30,40.765720,-111.909706,1274.80,-9999.00,-9999.00,-9999.00,13.29,39.93,33.43,18.37,3.00,2.00,38.72,12.00,871.10,0.00,-9999.00,-9999.00,-9999.00,-9999.00,-9999.00,-9999.00,-9999.00,-9999.00,-9999.00,-9999.00,-9999.00,0,0,0
2022-07-01T00:14:35,40.765713,-111.909676,1275.40,-9999.00,-9999.00,-9999.00,13.29,39.92,33.42,18.40,2.00,2.00,38.72,13.00,871.30,0.00,-9999.00,-9999.00,-9999.00,-9999.00,-9999.00,-9999.00,-9999.00,-9999.00,-9999.00,-9999.00,-9999.00,0,0,0
2022-07-01T00:14:40,40.765717,-111.909645,1275.50,-9999.00,-9999.00,-9999.00,13.29,39.92,33.40,18.36,3.00,2.00,38.72,12.00,871.20,0.00,-9999.00,-9999.00,-9999.00,-9999.00,-9999.00,-9999.00,-9999.00,-9999.00,-9999.00,-9999.00,-9999.00,0,0,0
2022-07-01T00:14:45,40.765720,-111.909637,1274.30,-9999.00,-9999.00,-9999.00,13.29,39.92,33.39,18.44,3.00,2.00,38.72,13.00,871.10,0.00,-9999.00,-9999.00,-9999.00,-9999.00,-9999.00,-9999.00,-9999.00,-9999.00,-9999.00,-9999.00,-9999.00,0,0,0
2022-07-01T00:14:50,40.765732,-111.909645,1273.10,-9999.00,-9999.00,-9999.00,13.29,39.92,33.39,18.46,3.00,2.00,38.72,13.00,871.10,0.00,-9999.00,-9999.00,-9999.00,-9999.00,-9999.00,-9999.00,-9999.00,-9999.00,-9999.00,-9999.00,-9999.00,0,0,0
2022-07-01T00:14:55,40.765755,-111.909645,1272.80,-9999.00,-9999.00,-9999.00,13.28,39.92,33.39,18.47,3.00,2.00,38.72,12.00,871.20,0.00,-9999.00,-9999.00,-9999.00,-9999.00,-9999.00,-9999.00,-9999.00,-9999.00,-9999.00,-9999.00,-9999.00,0,0,0
2022-07-01T00:15:00,40.765774,-111.909645,1272.80,-9999.00,-9999.00,-9999.00,13.28,39.91,33.38,18.48,2.00,2.00,38.72,12.00,871.10,0.00,-9999.00,-9999.00,-9999.00,-9999.00,-9999.00,-9999.00,-9999.00,-9999.00,-9999.00,-9999.00,-9999.00,0,0,0
2022-07-01T00:15:05,40.765781,-111.909645,1272.90,-9999.00,-9999.00,-9999.00,13.29,39.91,33.37,18.50,3.00,2.00,38.72,13.00,871.10,0.00,-9999.00,-9999.00,-9999.00,-9999.00,-9999.00,-9999.00,-9999.00,-9999.00,-9999.00,-9999.00,-9999.00,0,0,0
2022-07-01T00:15:10,40.765789,-111.909630,1272.90,-9999.00,-9999.00,-9999.00,13.29,39.91,33.36,18.50,3.00,2.00,38.72,12.00,871.00,0.00,-9999.00,-9999.00,-9999.00,-9999.00,-9999.00,-9999.00,-9999.00,-9999.00,-9999.00,-9999.00,-9999.00,0,0,0
2022-07-01T00:15:15,40.765800,-111.909622,1273.10,-9999.00,-9999.00,-9999.00,13.29,39.91,33.36,18.48,3.00,2.00,38.61,12.00,871.10,0.00,-9999.00,-9999.00,-9999.00,-9999.00,-9999.00,-9999.00,-9999.00,-9999.00,-9999.00,-9999.00,-9999.00,0,0,0
2022-07-01T00:15:20,40.765808,-111.909615,1273.00,-9999.00,-9999.00,-9999.00,13.29,39.90,33.36,18.49,3.00,2.00,38.61,12.00,871.30,0.00,-9999.00,-9999.00,-9999.00,-9999.00,-9999.00,-9999.00,-9999.00,-9999.00,-9999.00,-9999.00,-9999.00,0,0,0
2022-07-01T00:15:25,40.765812,-111.909607,1273.00,-9999.00,-9999.00,-9999.00,13.29,39.90,33.36,18.50,4.00,2.00,38.61,13.00,871.30,0.00,-9999.00,-9999.00,-9999.00,-9999.00,-9999.00,-9999.00,-9999.00,-9999.00,-9999.00,-9999.00,-9999.00,0,0,0
2022-07-01T00:15:30,40.765812,-111.909615,1272.60,-9999.00,-9999.00,-9999.00,13.29,39.90,33.36,18.51,3.00,2.00,38.61,13.00,871.30,0.00,-9999.00,-9999.00,-9999.00,-9999.00,-9999.00,-9999.00,-9999.00,-9999.00,-9999.00,-9999.00,-9999.00,0,0,0
2022-07-01T00:15:35,40.765808,-111.909615,1272.20,-9999.00,-9999.00,-9999.00,13.28,39.90,33.34,18.53,2.00,2.00,38.61,12.00,871.30,0.00,-9999.00,-9999.00,-9999.00,-9999.00,-9999.00,-9999.00,-9999.00,-9999.00,-9999.00,-9999.00,-9999.00,0,0,0
2022-07-01T00:15:40,40.765808,-111.909622,1271.80,-9999.00,-9999.00,-9999.00,13.28,39.90,33.34,18.52,3.00,2.00,38.61,13.00,871.20,0.00,-9999.00,-9999.00,-9999.00,-9999.00,-9999.00,-9999.00,-9999.00,-9999.00,-9999.00,-9999.00,-9999.00,0,0,0
2022-07-01T00:15:45,40.765808,-111.909622,1271.70,-9999.00,-9999.00,-9999.00,13.29,39.89,33.35,18.52,3.00,2.00,38.61,13.00,871.20,0.00,-9999.00,-9999.00,-9999.00,-9999.00,-9999.00,-9999.00,-9999.00,-9999.00,-9999.00,-9999.00,-9999.00,0,0,0
2022-07-01T00:15:50,40.765816,-111.909645,1271.20,-9999.00,-9999.00,-9999.00,13.28,39.89,33.34,18.52,2.00,2.00,38.61,13.00,871.20,0.00,-9999.00,-9999.00,-9999.00,-9999.00,-9999.00,-9999.00,-9999.00,-9999.00,-9999.00,-9999.00,-9999.00,0,0,0
2022-07-01T00:15:55,40.765823,-111.909660,1270.80,-9999.00,-9999.00,-9999.00,13.28,39.89,33.35,18.54,2.00,2.00,38.61,13.00,871.20,0.00,-9999.00,-9999.00,-9999.00,-9999.00,-9999.00,-9999.00,-9999.00,-9999.00,-9999.00,-9999.00,-9999.00,0,0,0
2022-07-01T00:16:00,40.765835,-111.909691,1270.50,-9999.00,-9999.00,-9999.00,13.29,39.89,33.34,18.54,3.00,2.00,38.61,12.00,871.30,0.00,-9999.00,-9999.00,-9999.00,-9999.00,-9999.00,-9999.00,-9999.00,-9999.00,-9999.00,-9999.00,-9999.00,0,0,0
2022-07-01T00:16:05,40.765839,-111.909698,1270.50,-9999.00,-9999.00,-9999.00,13.29,39.88,33.34,18.56,3.00,2.00,38.61,13.00,871.30,0.00,-9999.00,-9999.00,-9999.00,-9999.00,-9999.00,-9999.00,-9999.00,-9999.00,-9999.00,-9999.00,-9999.00,0,0,0
2022-07-01T00:16:10,40.765839,-111.909698,1270.60,-9999.00,-9999.00,-9999.00,13.28,39.88,33.32,18.57,3.00,2.00,38.61,13.00,871.10,0.00,-9999.00,-9999.00,-9999.00,-9999.00,-9999.00,-9999.00,-9999.00,-9999.00,-9999.00,-9999.00,-9999.00,0,0,0
2022-07-01T00:16:15,40.765835,-111.909691,1270.60,-9999.00,-9999.00,-9999.00,13.29,39.88,33.33,18.60,3.00,2.00,38.61,13.00,871.30,0.00,-9999.00,-9999.00,-9999.00,-9999.00,-9999.00,-9999.00,-9999.00,-9999.00,-9999.00,-9999.00,-9999.00,0,0,0
2022-07-01T00:16:20,40.765839,-111.909683,1270.90,-9999.00,-9999.00,-9999.00,13.29,39.88,33.32,18.58,3.00,2.00,38.61,13.00,871.10,0.00,-9999.00,-9999.00,-9999.00,-9999.00,-9999.00,-9999.00,-9999.00,-9999.00,-9999.00,-9999.00,-9999.00,0,0,0
2022-07-01T00:16:25,40.765858,-111.909698,1271.60,-9999.00,-9999.00,-9999.00,13.28,39.88,33.33,18.60,3.00,2.00,38.61,12.00,871.10,0.00,-9999.00,-9999.00,-9999.00,-9999.00,-9999.00,-9999.00,-9999.00,-9999.00,-9999.00,-9999.00,-9999.00,0,0,0
2022-07-01T00:16:30,40.765865,-111.909691,1271.80,-9999.00,-9999.00,-9999.00,13.29,39.87,33.33,18.58,3.00,2.00,38.61,12.00,871.30,0.00,-9999.00,-9999.00,-9999.00,-9999.00,-9999.00,-9999.00,-9999.00,-9999.00,-9999.00,-9999.00,-9999.00,0,0,0
2022-07-01T00:16:35,40.765869,-111.909691,1271.90,-9999.00,-9999.00,-9999.00,13.29,39.87,33.32,18.57,2.00,2.00,38.61,12.00,871.20,0.00,-9999.00,-9999.00,-9999.00,-9999.00,-9999.00,-9999.00,-9999.00,-9999.00,-9999.00,-9999.00,-9999.00,0,0,0
2022-07-01T00:16:40,40.765873,-111.909683,1272.20,-9999.00,-9999.00,-9999.00,13.29,39.87,33.35,18.67,2.00,2.00,38.61,13.00,871.20,0.00,-9999.00,-9999.00,-9999.00,-9999.00,-9999.00,-9999.00,-9999.00,-9999.00,-9999.00,-9999.00,-9999.00,0,0,0
2022-07-01T00:16:45,40.765865,-111.909668,1273.30,-9999.00,-9999.00,-9999.00,13.29,39.87,33.32,18.68,3.00,2.00,38.61,12.00,871.20,0.00,-9999.00,-9999.00,-9999.00,-9999.00,-9999.00,-9999.00,-9999.00,-9999.00,-9999.00,-9999.00,-9999.00,0,0,0
2022-07-01T00:16:50,40.765862,-111.909668,1274.20,-9999.00,-9999.00,-9999.00,13.29,39.86,33.30,18.63,3.00,2.00,38.61,12.00,871.30,0.00,-9999.00,-9999.00,-9999.00,-9999.00,-9999.00,-9999.00,-9999.00,-9999.00,-9999.00,-9999.00,-9999.00,0,0,0
2022-07-01T00:16:55,40.765854,-111.909668,1274.80,-9999.00,-9999.00,-9999.00,13.29,39.86,33.31,18.64,3.00,2.00,38.61,12.00,871.10,0.00,-9999.00,-9999.00,-9999.00,-9999.00,-9999.00,-9999.00,-9999.00,-9999.00,-9999.00,-9999.00,-9999.00,0,0,0
2022-07-01T00:17:00,40.765846,-111.909668,1274.90,-9999.00,-9999.00,-9999.00,13.29,39.86,33.30,18.62,3.00,2.00,38.61,13.00,871.20,0.00,-9999.00,-9999.00,-9999.00,-9999.00,-9999.00,-9999.00,-9999.00,-9999.00,-9999.00,-9999.00,-9999.00,0,0,0
2022-07-01T00:17:05,40.765831,-111.909668,1274.40,-9999.00,-9999.00,-9999.00,13.29,39.86,33.30,18.48,2.00,2.00,38.61,12.00,871.10,0.00,-9999.00,-9999.00,-9999.00,-9999.00,-9999.00,-9999.00,-9999.00,-9999.00,-9999.00,-9999.00,-9999.00,0,0,0
2022-07-01T00:17:10,40.765781,-111.909668,1272.80,-9999.00,-9999.00,-9999.00,13.29,39.85,33.31,18.44,3.00,2.00,38.61,12.00,871.20,0.00,-9999.00,-9999.00,-9999.00,-9999.00,-9999.00,-9999.00,-9999.00,-9999.00,-9999.00,-9999.00,-9999.00,0,0,0
2022-07-01T00:17:15,40.765762,-111.909676,1272.70,-9999.00,-9999.00,-9999.00,13.29,39.85,33.31,18.46,3.00,2.00,38.61,12.00,871.20,0.00,-9999.00,-9999.00,-9999.00,-9999.00,-9999.00,-9999.00,-9999.00,-9999.00,-9999.00,-9999.00,-9999.00,0,0,0
2022-07-01T00:17:20,40.765762,-111.909676,1274.50,-9999.00,-9999.00,-9999.00,13.29,39.85,33.31,18.50,3.00,2.00,38.61,12.00,871.30,0.00,-9999.00,-9999.00,-9999.00,-9999.00,-9999.00,-9999.00,-9999.00,-9999.00,-9999.00,-9999.00,-9999.00,0,0,0
2022-07-01T00:17:25,40.765781,-111.909676,1277.10,-9999.00,-9999.00,-9999.00,13.28,39.85,33.29,18.52,2.00,2.00,38.50,12.00,871.10,0.00,-9999.00,-9999.00,-9999.00,-9999.00,-9999.00,-9999.00,-9999.00,-9999.00,-9999.00,-9999.00,-9999.00,0,0,0
2022-07-01T00:17:30,40.765808,-111.909660,1281.10,-9999.00,-9999.00,-9999.00,13.28,39.85,33.28,18.52,3.00,2.00,38.61,13.00,871.30,0.00,-9999.00,-9999.00,-9999.00,-9999.00,-9999.00,-9999.00,-9999.00,-9999.00,-9999.00,-9999.00,-9999.00,0,0,0
2022-07-01T00:17:35,40.765820,-111.909645,1283.60,-9999.00,-9999.00,-9999.00,13.29,39.84,33.28,18.55,3.00,2.00,38.61,13.00,871.30,0.00,-9999.00,-9999.00,-9999.00,-9999.00,-9999.00,-9999.00,-9999.00,-9999.00,-9999.00,-9999.00,-9999.00,0,0,0
2022-07-01T00:17:40,40.765808,-111.909645,1283.30,-9999.00,-9999.00,-9999.00,13.29,39.84,33.27,18.59,3.00,2.00,38.50,13.00,871.10,0.00,-9999.00,-9999.00,-9999.00,-9999.00,-9999.00,-9999.00,-9999.00,-9999.00,-9999.00,-9999.00,-9999.00,0,0,0
2022-07-01T00:17:45,40.765789,-111.909637,1282.50,-9999.00,-9999.00,-9999.00,13.29,39.84,33.26,18.59,4.00,2.00,38.50,13.00,871.20,0.00,-9999.00,-9999.00,-9999.00,-9999.00,-9999.00,-9999.00,-9999.00,-9999.00,-9999.00,-9999.00,-9999.00,0,0,0
2022-07-01T00:17:50,40.765759,-111.909630,1281.80,-9999.00,-9999.00,-9999.00,13.29,39.84,33.26,18.61,3.00,2.00,38.50,12.00,871.30,0.00,-9999.00,-9999.00,-9999.00,-9999.00,-9999.00,-9999.00,-9999.00,-9999.00,-9999.00,-9999.00,-9999.00,0,0,0
2022-07-01T00:17:55,40.765743,-111.909630,1281.70,-9999.00,-9999.00,-9999.00,13.29,39.83,33.26,18.62,2.00,2.00,38.50,12.00,871.30,0.00,-9999.00,-9999.00,-9999.00,-9999.00,-9999.00,-9999.00,-9999.00,-9999.00,-9999.00,-9999.00,-9999.00,0,0,0
2022-07-01T00:18:00,40.765736,-111.909615,1282.10,-9999.00,-9999.00,-9999.00,13.29,39.83,33.26,18.63,2.00,2.00,38.50,12.00,871.10,0.00,-9999.00,-9999.00,-9999.00,-9999.00,-9999.00,-9999.00,-9999.00,-9999.00,-9999.00,-9999.00,-9999.00,0,0,0
2022-07-01T00:18:05,40.765739,-111.909599,1282.50,-9999.00,-9999.00,-9999.00,13.28,39.83,33.25,18.62,3.00,2.00,38.50,12.00,871.20,0.00,-9999.00,-9999.00,-9999.00,-9999.00,-9999.00,-9999.00,-9999.00,-9999.00,-9999.00,-9999.00,-9999.00,0,0,0
2022-07-01T00:18:10,40.765739,-111.909592,1281.80,-9999.00,-9999.00,-9999.00,13.28,39.83,33.24,18.63,3.00,2.00,38.50,13.00,871.20,0.00,-9999.00,-9999.00,-9999.00,-9999.00,-9999.00,-9999.00,-9999.00,-9999.00,-9999.00,-9999.00,-9999.00,0,0,0
2022-07-01T00:18:15,40.765739,-111.909592,1282.00,-9999.00,-9999.00,-9999.00,13.29,39.82,33.24,18.62,3.00,2.00,38.50,12.00,871.10,0.00,-9999.00,-9999.00,-9999.00,-9999.00,-9999.00,-9999.00,-9999.00,-9999.00,-9999.00,-9999.00,-9999.00,0,0,0
2022-07-01T00:18:20,40.765732,-111.909592,1282.60,-9999.00,-9999.00,-9999.00,13.28,39.82,33.24,18.63,3.00,2.00,38.50,12.00,871.30,0.00,-9999.00,-9999.00,-9999.00,-9999.00,-9999.00,-9999.00,-9999.00,-9999.00,-9999.00,-9999.00,-9999.00,0,0,0
2022-07-01T00:18:25,40.765728,-111.909592,1282.90,-9999.00,-9999.00,-9999.00,13.28,39.82,33.25,18.60,3.00,2.00,38.50,13.00,871.20,0.00,-9999.00,-9999.00,-9999.00,-9999.00,-9999.00,-9999.00,-9999.00,-9999.00,-9999.00,-9999.00,-9999.00,0,0,0
2022-07-01T00:18:30,40.765728,-111.909592,1283.30,-9999.00,-9999.00,-9999.00,13.29,39.82,33.25,18.56,3.00,2.00,38.50,12.00,871.20,0.00,-9999.00,-9999.00,-9999.00,-9999.00,-9999.00,-9999.00,-9999.00,-9999.00,-9999.00,-9999.00,-9999.00,0,0,0
2022-07-01T00:18:35,40.765724,-111.909584,1283.50,-9999.00,-9999.00,-9999.00,13.29,39.81,33.25,18.55,3.00,2.00,38.50,12.00,871.10,0.00,-9999.00,-9999.00,-9999.00,-9999.00,-9999.00,-9999.00,-9999.00,-9999.00,-9999.00,-9999.00,-9999.00,0,0,0
2022-07-01T00:18:40,40.765713,-111.909576,1283.10,-9999.00,-9999.00,-9999.00,13.29,39.81,33.25,18.56,3.00,2.00,38.50,12.00,871.20,0.00,-9999.00,-9999.00,-9999.00,-9999.00,-9999.00,-9999.00,-9999.00,-9999.00,-9999.00,-9999.00,-9999.00,0,0,0
2022-07-01T00:18:45,40.765705,-111.909576,1282.50,-9999.00,-9999.00,-9999.00,13.28,39.81,33.25,18.54,2.00,2.00,38.50,12.00,871.30,0.00,-9999.00,-9999.00,-9999.00,-9999.00,-9999.00,-9999.00,-9999.00,-9999.00,-9999.00,-9999.00,-9999.00,0,0,0
2022-07-01T00:18:50,40.765701,-111.909576,1281.90,-9999.00,-9999.00,-9999.00,13.29,39.81,33.28,18.52,2.00,2.00,38.50,12.00,871.10,0.00,-9999.00,-9999.00,-9999.00,-9999.00,-9999.00,-9999.00,-9999.00,-9999.00,-9999.00,-9999.00,-9999.00,0,0,0
2022-07-01T00:18:55,40.765697,-111.909576,1281.80,-9999.00,-9999.00,-9999.00,13.29,39.80,33.28,18.56,3.00,2.00,38.50,12.00,871.30,0.00,-9999.00,-9999.00,-9999.00,-9999.00,-9999.00,-9999.00,-9999.00,-9999.00,-9999.00,-9999.00,-9999.00,0,0,0
2022-07-01T00:19:00,40.765694,-111.909569,1282.10,-9999.00,-9999.00,-9999.00,13.29,39.80,33.22,18.52,3.00,2.00,38.50,12.00,871.10,0.00,-9999.00,-9999.00,-9999.00,-9999.00,-9999.00,-9999.00,-9999.00,-9999.00,-9999.00,-9999.00,-9999.00,0,0,0
2022-07-01T00:19:05,40.765694,-111.909561,1282.20,-9999.00,-9999.00,-9999.00,13.29,39.80,33.23,18.54,3.00,2.00,38.50,12.00,871.20,0.00,-9999.00,-9999.00,-9999.00,-9999.00,-9999.00,-9999.00,-9999.00,-9999.00,-9999.00,-9999.00,-9999.00,0,0,0
2022-07-01T00:19:10,40.765690,-111.909554,1282.20,-9999.00,-9999.00,-9999.00,13.29,39.80,33.22,18.54,3.00,2.00,38.50,12.00,871.10,0.00,-9999.00,-9999.00,-9999.00,-9999.00,-9999.00,-9999.00,-9999.00,-9999.00,-9999.00,-9999.00,-9999.00,0,0,0
2022-07-01T00:19:15,40.765694,-111.909546,1282.50,-9999.00,-9999.00,-9999.00,13.28,39.79,33.22,18.55,2.00,2.00,38.39,13.00,871.20,0.00,-9999.00,-9999.00,-9999.00,-9999.00,-9999.00,-9999.00,-9999.00,-9999.00,-9999.00,-9999.00,-9999.00,0,0,0
2022-07-01T00:19:20,40.765694,-111.909538,1283.00,-9999.00,-9999.00,-9999.00,13.28,39.79,33.23,18.56,3.00,2.00,38.39,12.00,871.10,0.00,-9999.00,-9999.00,-9999.00,-9999.00,-9999.00,-9999.00,-9999.00,-9999.00,-9999.00,-9999.00,-9999.00,0,0,0
2022-07-01T00:19:25,40.765694,-111.909523,1283.40,-9999.00,-9999.00,-9999.00,13.29,39.79,33.22,18.55,3.00,2.00,38.39,12.00,871.10,0.00,-9999.00,-9999.00,-9999.00,-9999.00,-9999.00,-9999.00,-9999.00,-9999.00,-9999.00,-9999.00,-9999.00,0,0,0
2022-07-01T00:19:30,40.765694,-111.909523,1282.30,-9999.00,-9999.00,-9999.00,13.28,39.79,33.23,18.54,3.00,2.00,38.39,12.00,871.30,0.00,-9999.00,-9999.00,-9999.00,-9999.00,-9999.00,-9999.00,-9999.00,-9999.00,-9999.00,-9999.00,-9999.00,0,0,0
2022-07-01T00:19:35,40.765690,-111.909531,1281.60,-9999.00,-9999.00,-9999.00,13.28,39.78,33.22,18.55,2.00,2.00,38.39,13.00,871.20,0.00,-9999.00,-9999.00,-9999.00,-9999.00,-9999.00,-9999.00,-9999.00,-9999.00,-9999.00,-9999.00,-9999.00,0,0,0
2022-07-01T00:19:40,40.765690,-111.909538,1281.40,-9999.00,-9999.00,-9999.00,13.29,39.78,33.22,18.53,2.00,2.00,38.50,12.00,871.10,0.00,-9999.00,-9999.00,-9999.00,-9999.00,-9999.00,-9999.00,-9999.00,-9999.00,-9999.00,-9999.00,-9999.00,0,0,0
2022-07-01T00:19:45,40.765694,-111.909561,1281.00,-9999.00,-9999.00,-9999.00,13.29,39.78,33.24,18.50,3.00,2.00,38.39,13.00,871.30,0.00,-9999.00,-9999.00,-9999.00,-9999.00,-9999.00,-9999.00,-9999.00,-9999.00,-9999.00,-9999.00,-9999.00,0,0,0
2022-07-01T00:19:50,40.765717,-111.909584,1280.90,-9999.00,-9999.00,-9999.00,13.29,39.78,33.25,18.50,3.00,2.00,38.39,13.00,871.20,0.00,-9999.00,-9999.00,-9999.00,-9999.00,-9999.00,-9999.00,-9999.00,-9999.00,-9999.00,-9999.00,-9999.00,0,0,0
2022-07-01T00:19:55,40.765724,-111.909599,1280.70,-9999.00,-9999.00,-9999.00,13.29,39.77,33.25,18.50,3.00,2.00,38.39,13.00,871.30,0.00,-9999.00,-9999.00,-9999.00,-9999.00,-9999.00,-9999.00,-9999.00,-9999.00,-9999.00,-9999.00,-9999.00,0,0,0
2022-07-01T00:20:00,40.765743,-111.909622,1280.70,-9999.00,-9999.00,-9999.00,13.29,39.77,33.24,18.48,3.00,2.00,38.39,12.00,871.30,0.00,-9999.00,-9999.00,-9999.00,-9999.00,-9999.00,-9999.00,-9999.00,-9999.00,-9999.00,-9999.00,-9999.00,0,0,0
2022-07-01T00:20:05,40.765759,-111.909645,1280.50,-9999.00,-9999.00,-9999.00,13.29,39.77,33.24,18.50,3.00,2.00,38.39,13.00,871.10,0.00,-9999.00,-9999.00,-9999.00,-9999.00,-9999.00,-9999.00,-9999.00,-9999.00,-9999.00,-9999.00,-9999.00,0,0,0
2022-07-01T00:20:10,40.765766,-111.909668,1280.40,-9999.00,-9999.00,-9999.00,13.28,39.77,33.25,18.51,3.00,2.00,38.39,12.00,871.20,0.00,-9999.00,-9999.00,-9999.00,-9999.00,-9999.00,-9999.00,-9999.00,-9999.00,-9999.00,-9999.00,-9999.00,0,0,0
2022-07-01T00:20:15,40.765778,-111.909676,1280.10,-9999.00,-9999.00,-9999.00,13.28,39.76,33.24,18.54,3.00,2.00,38.39,13.00,871.10,0.00,-9999.00,-9999.00,-9999.00,-9999.00,-9999.00,-9999.00,-9999.00,-9999.00,-9999.00,-9999.00,-9999.00,0,0,0
2022-07-01T00:20:20,40.765781,-111.909676,1279.60,-9999.00,-9999.00,-9999.00,13.29,39.76,33.25,18.51,3.00,2.00,38.39,13.00,871.30,0.00,-9999.00,-9999.00,-9999.00,-9999.00,-9999.00,-9999.00,-9999.00,-9999.00,-9999.00,-9999.00,-9999.00,0,0,0
2022-07-01T00:20:25,40.765785,-111.909676,1279.70,-9999.00,-9999.00,-9999.00,13.29,39.76,33.24,18.43,4.00,2.00,38.39,12.00,871.20,0.00,-9999.00,-9999.00,-9999.00,-9999.00,-9999.00,-9999.00,-9999.00,-9999.00,-9999.00,-9999.00,-9999.00,0,0,0
2022-07-01T00:20:30,40.765785,-111.909668,1279.60,-9999.00,-9999.00,-9999.00,13.29,39.76,33.24,18.42,3.00,2.00,38.39,13.00,871.10,0.00,-9999.00,-9999.00,-9999.00,-9999.00,-9999.00,-9999.00,-9999.00,-9999.00,-9999.00,-9999.00,-9999.00,0,0,0
2022-07-01T00:20:35,40.765789,-111.909676,1279.40,-9999.00,-9999.00,-9999.00,13.29,39.75,33.24,18.45,2.00,2.00,38.39,12.00,871.10,0.00,-9999.00,-9999.00,-9999.00,-9999.00,-9999.00,-9999.00,-9999.00,-9999.00,-9999.00,-9999.00,-9999.00,0,0,0
2022-07-01T00:20:40,40.765789,-111.909676,1279.10,-9999.00,-9999.00,-9999.00,13.29,39.75,33.25,18.50,2.00,2.00,38.39,12.00,871.10,0.00,-9999.00,-9999.00,-9999.00,-9999.00,-9999.00,-9999.00,-9999.00,-9999.00,-9999.00,-9999.00,-9999.00,0,0,0
2022-07-01T00:20:45,40.765781,-111.909676,1278.40,-9999.00,-9999.00,-9999.00,13.29,39.75,33.25,18.50,2.00,2.00,38.39,12.00,871.10,0.00,-9999.00,-9999.00,-9999.00,-9999.00,-9999.00,-9999.00,-9999.00,-9999.00,-9999.00,-9999.00,-9999.00,0,0,0
2022-07-01T00:20:50,40.765785,-111.909676,1277.50,-9999.00,-9999.00,-9999.00,13.29,39.75,33.24,18.43,3.00,2.00,38.39,12.00,871.20,0.00,-9999.00,-9999.00,-9999.00,-9999.00,-9999.00,-9999.00,-9999.00,-9999.00,-9999.00,-9999.00,-9999.00,0,0,0
2022-07-01T00:20:55,40.765766,-111.909637,1277.00,-9999.00,-9999.00,-9999.00,13.29,39.74,33.25,18.42,3.00,2.00,38.39,12.00,871.10,0.00,-9999.00,-9999.00,-9999.00,-9999.00,-9999.00,-9999.00,-9999.00,-9999.00,-9999.00,-9999.00,-9999.00,0,0,0
2022-07-01T00:21:00,40.765766,-111.909637,1276.90,-9999.00,-9999.00,-9999.00,13.29,39.74,33.24,18.43,3.00,2.00,38.39,12.00,871.20,0.00,-9999.00,-9999.00,-9999.00,-9999.00,-9999.00,-9999.00,-9999.00,-9999.00,-9999.00,-9999.00,-9999.00,0,0,0
2022-07-01T00:21:05,40.765766,-111.909637,1276.90,-9999.00,-9999.00,-9999.00,13.29,39.74,33.29,18.51,2.00,2.00,38.39,12.00,871.20,0.00,-9999.00,-9999.00,-9999.00,-9999.00,-9999.00,-9999.00,-9999.00,-9999.00,-9999.00,-9999.00,-9999.00,0,0,0
2022-07-01T00:21:10,40.765743,-111.909630,1274.90,-9999.00,-9999.00,-9999.00,13.29,39.74,33.24,18.48,3.00,2.00,38.39,12.00,871.30,0.00,-9999.00,-9999.00,-9999.00,-9999.00,-9999.00,-9999.00,-9999.00,-9999.00,-9999.00,-9999.00,-9999.00,0,0,0
2022-07-01T00:21:15,40.765724,-111.909622,1272.60,-9999.00,-9999.00,-9999.00,13.29,39.73,33.24,18.49,3.00,2.00,38.39,12.00,871.20,0.00,-9999.00,-9999.00,-9999.00,-9999.00,-9999.00,-9999.00,-9999.00,-9999.00,-9999.00,-9999.00,-9999.00,0,0,0
2022-07-01T00:21:20,40.765713,-111.909630,1271.50,-9999.00,-9999.00,-9999.00,13.29,39.73,33.23,18.50,2.00,2.00,38.39,12.00,871.20,0.00,-9999.00,-9999.00,-9999.00,-9999.00,-9999.00,-9999.00,-9999.00,-9999.00,-9999.00,-9999.00,-9999.00,0,0,0
2022-07-01T00:21:25,40.765697,-111.909630,1269.70,-9999.00,-9999.00,-9999.00,13.29,39.73,33.23,18.52,3.00,2.00,38.39,12.00,871.20,0.00,-9999.00,-9999.00,-9999.00,-9999.00,-9999.00,-9999.00,-9999.00,-9999.00,-9999.00,-9999.00,-9999.00,0,0,0
2022-07-01T00:21:30,40.765690,-111.909622,1267.70,-9999.00,-9999.00,-9999.00,13.29,39.73,33.22,18.52,3.00,2.00,38.39,12.00,871.30,0.00,-9999.00,-9999.00,-9999.00,-9999.00,-9999.00,-9999.00,-9999.00,-9999.00,-9999.00,-9999.00,-9999.00,0,0,0
2022-07-01T00:21:35,40.765678,-111.909622,1265.90,-9999.00,-9999.00,-9999.00,13.29,39.72,33.21,18.56,2.00,2.00,38.39,13.00,871.20,0.00,-9999.00,-9999.00,-9999.00,-9999.00,-9999.00,-9999.00,-9999.00,-9999.00,-9999.00,-9999.00,-9999.00,0,0,0
2022-07-01T00:21:40,40.765671,-111.909622,1264.40,-9999.00,-9999.00,-9999.00,13.29,39.72,33.20,18.56,2.00,2.00,38.39,12.00,871.30,0.00,-9999.00,-9999.00,-9999.00,-9999.00,-9999.00,-9999.00,-9999.00,-9999.00,-9999.00,-9999.00,-9999.00,0,0,0
2022-07-01T00:21:45,40.765656,-111.909630,1262.70,-9999.00,-9999.00,-9999.00,13.29,39.72,33.20,18.59,3.00,2.00,38.28,12.00,871.40,0.00,-9999.00,-9999.00,-9999.00,-9999.00,-9999.00,-9999.00,-9999.00,-9999.00,-9999.00,-9999.00,-9999.00,0,0,0
2022-07-01T00:21:50,40.765652,-111.909653,1262.00,-9999.00,-9999.00,-9999.00,13.29,39.71,33.21,18.62,2.00,2.00,38.28,12.00,871.10,0.00,-9999.00,-9999.00,-9999.00,-9999.00,-9999.00,-9999.00,-9999.00,-9999.00,-9999.00,-9999.00,-9999.00,0,0,0
2022-07-01T00:21:55,40.765644,-111.909668,1260.30,-9999.00,-9999.00,-9999.00,13.28,39.71,33.19,18.62,2.00,2.00,38.28,12.00,871.30,0.00,-9999.00,-9999.00,-9999.00,-9999.00,-9999.00,-9999.00,-9999.00,-9999.00,-9999.00,-9999.00,-9999.00,0,0,0
2022-07-01T00:22:00,40.765625,-111.909676,1255.70,-9999.00,-9999.00,-9999.00,13.29,39.71,33.18,18.60,2.00,2.00,38.28,12.00,871.30,0.00,-9999.00,-9999.00,-9999.00,-9999.00,-9999.00,-9999.00,-9999.00,-9999.00,-9999.00,-9999.00,-9999.00,0,0,0
2022-07-01T00:22:05,40.765617,-111.909660,1253.60,-9999.00,-9999.00,-9999.00,13.29,39.71,33.19,18.60,2.00,2.00,38.28,13.00,871.20,0.00,-9999.00,-9999.00,-9999.00,-9999.00,-9999.00,-9999.00,-9999.00,-9999.00,-9999.00,-9999.00,-9999.00,0,0,0
2022-07-01T00:22:10,40.765617,-111.909645,1251.90,-9999.00,-9999.00,-9999.00,13.29,39.70,33.18,18.58,2.00,2.00,38.28,13.00,871.20,0.00,-9999.00,-9999.00,-9999.00,-9999.00,-9999.00,-9999.00,-9999.00,-9999.00,-9999.00,-9999.00,-9999.00,0,0,0
2022-07-01T00:22:15,40.765625,-111.909645,1251.50,-9999.00,-9999.00,-9999.00,13.29,39.70,33.18,18.59,2.00,2.00,38.28,13.00,871.10,0.00,-9999.00,-9999.00,-9999.00,-9999.00,-9999.00,-9999.00,-9999.00,-9999.00,-9999.00,-9999.00,-9999.00,0,0,0
2022-07-01T00:22:20,40.765636,-111.909660,1251.70,-9999.00,-9999.00,-9999.00,13.29,39.70,33.19,18.60,2.00,2.00,38.28,13.00,871.30,0.00,-9999.00,-9999.00,-9999.00,-9999.00,-9999.00,-9999.00,-9999.00,-9999.00,-9999.00,-9999.00,-9999.00,0,0,0
2022-07-01T00:22:25,40.765659,-111.909683,1251.80,-9999.00,-9999.00,-9999.00,13.28,39.70,33.18,18.59,3.00,2.00,38.28,13.00,871.10,0.00,-9999.00,-9999.00,-9999.00,-9999.00,-9999.00,-9999.00,-9999.00,-9999.00,-9999.00,-9999.00,-9999.00,0,0,0
2022-07-01T00:22:30,40.765663,-111.909683,1250.90,-9999.00,-9999.00,-9999.00,13.29,39.69,33.18,18.59,3.00,2.00,38.28,13.00,871.10,0.00,-9999.00,-9999.00,-9999.00,-9999.00,-9999.00,-9999.00,-9999.00,-9999.00,-9999.00,-9999.00,-9999.00,0,0,0
2022-07-01T00:22:35,40.765663,-111.909676,1250.00,-9999.00,-9999.00,-9999.00,13.29,39.69,33.18,18.59,3.00,2.00,38.28,13.00,871.10,0.00,-9999.00,-9999.00,-9999.00,-9999.00,-9999.00,-9999.00,-9999.00,-9999.00,-9999.00,-9999.00,-9999.00,0,0,0
2022-07-01T00:22:40,40.765659,-111.909676,1249.30,-9999.00,-9999.00,-9999.00,13.29,39.69,33.18,18.58,2.00,2.00,38.28,13.00,871.20,0.00,-9999.00,-9999.00,-9999.00,-9999.00,-9999.00,-9999.00,-9999.00,-9999.00,-9999.00,-9999.00,-9999.00,0,0,0
2022-07-01T00:22:45,40.765659,-111.909668,1249.60,-9999.00,-9999.00,-9999.00,13.29,39.69,33.19,18.62,2.00,2.00,38.28,13.00,871.20,0.00,-9999.00,-9999.00,-9999.00,-9999.00,-9999.00,-9999.00,-9999.00,-9999.00,-9999.00,-9999.00,-9999.00,0,0,0
2022-07-01T00:22:50,40.765656,-111.909676,1249.80,-9999.00,-9999.00,-9999.00,13.29,39.68,33.19,18.62,2.00,2.00,38.28,13.00,871.20,0.00,-9999.00,-9999.00,-9999.00,-9999.00,-9999.00,-9999.00,-9999.00,-9999.00,-9999.00,-9999.00,-9999.00,0,0,0
2022-07-01T00:22:55,40.765656,-111.909676,1250.10,-9999.00,-9999.00,-9999.00,13.29,39.68,33.18,18.61,2.00,2.00,38.28,13.00,871.20,0.00,-9999.00,-9999.00,-9999.00,-9999.00,-9999.00,-9999.00,-9999.00,-9999.00,-9999.00,-9999.00,-9999.00,0,0,0
2022-07-01T00:23:00,40.765663,-111.909683,1251.10,-9999.00,-9999.00,-9999.00,13.29,39.68,33.19,18.61,3.00,2.00,38.28,13.00,871.10,0.00,-9999.00,-9999.00,-9999.00,-9999.00,-9999.00,-9999.00,-9999.00,-9999.00,-9999.00,-9999.00,-9999.00,0,0,0
2022-07-01T00:23:05,40.765667,-111.909691,1252.40,-9999.00,-9999.00,-9999.00,13.28,39.68,33.18,18.61,2.00,2.00,38.28,13.00,871.30,0.00,-9999.00,-9999.00,-9999.00,-9999.00,-9999.00,-9999.00,-9999.00,-9999.00,-9999.00,-9999.00,-9999.00,0,0,0
2022-07-01T00:23:10,40.765671,-111.909676,1253.20,-9999.00,-9999.00,-9999.00,13.29,39.67,33.18,18.60,2.00,2.00,38.28,13.00,871.20,0.00,-9999.00,-9999.00,-9999.00,-9999.00,-9999.00,-9999.00,-9999.00,-9999.00,-9999.00,-9999.00,-9999.00,0,0,0
2022-07-01T00:23:15,40.765667,-111.909660,1254.60,-9999.00,-9999.00,-9999.00,13.29,39.67,33.25,18.62,2.00,2.00,38.28,13.00,871.30,0.00,-9999.00,-9999.00,-9999.00,-9999.00,-9999.00,-9999.00,-9999.00,-9999.00,-9999.00,-9999.00,-9999.00,0,0,0
2022-07-01T00:23:20,40.765678,-111.909607,1257.60,-9999.00,-9999.00,-9999.00,13.28,39.67,33.20,18.61,2.00,2.00,38.28,13.00,871.30,0.00,-9999.00,-9999.00,-9999.00,-9999.00,-9999.00,-9999.00,-9999.00,-9999.00,-9999.00,-9999.00,-9999.00,0,0,0
2022-07-01T00:23:25,40.765678,-111.909599,1257.60,-9999.00,-9999.00,-9999.00,13.28,39.67,33.20,18.57,2.00,2.00,38.28,13.00,871.30,0.00,-9999.00,-9999.00,-9999.00,-9999.00,-9999.00,-9999.00,-9999.00,-9999.00,-9999.00,-9999.00,-9999.00,0,0,0
2022-07-01T00:23:30,40.765682,-111.909592,1259.10,-9999.00,-9999.00,-9999.00,13.29,39.66,33.21,18.53,3.00,2.00,38.28,13.00,871.20,0.00,-9999.00,-9999.00,-9999.00,-9999.00,-9999.00,-9999.00,-9999.00,-9999.00,-9999.00,-9999.00,-9999.00,0,0,0
2022-07-01T00:23:35,40.765686,-111.909561,1261.10,-9999.00,-9999.00,-9999.00,13.29,39.66,33.20,18.50,2.00,2.00,38.28,13.00,871.20,0.00,-9999.00,-9999.00,-9999.00,-9999.00,-9999.00,-9999.00,-9999.00,-9999.00,-9999.00,-9999.00,-9999.00,0,0,0
2022-07-01T00:23:40,40.765694,-111.909538,1263.30,-9999.00,-9999.00,-9999.00,13.29,39.66,33.21,18.45,2.00,2.00,38.28,13.00,871.30,0.00,-9999.00,-9999.00,-9999.00,-9999.00,-9999.00,-9999.00,-9999.00,-9999.00,-9999.00,-9999.00,-9999.00,0,0,0
2022-07-01T00:23:45,40.765701,-111.909523,1265.10,-9999.00,-9999.00,-9999.00,13.28,39.66,33.22,18.43,3.00,2.00,38.28,13.00,871.30,0.00,-9999.00,-9999.00,-9999.00,-9999.00,-9999.00,-9999.00,-9999.00,-9999.00,-9999.00,-9999.00,-9999.00,0,0,0
2022-07-01T00:23:50,40.765709,-111.909508,1266.80,-9999.00,-9999.00,-9999.00,13.29,39.65,33.23,18.42,3.00,2.00,38.28,13.00,871.30,0.00,-9999.00,-9999.00,-9999.00,-9999.00,-9999.00,-9999.00,-9999.00,-9999.00,-9999.00,-9999.00,-9999.00,0,0,0
2022-07-01T00:23:55,40.765728,-111.909500,1268.60,-9999.00,-9999.00,-9999.00,13.29,39.65,33.22,18.39,3.00,2.00,38.28,13.00,871.30,0.00,-9999.00,-9999.00,-9999.00,-9999.00,-9999.00,-9999.00,-9999.00,-9999.00,-9999.00,-9999.00,-9999.00,0,0,0
2022-07-01T00:24:00,40.765743,-111.909508,1269.90,-9999.00,-9999.00,-9999.00,13.29,39.65,33.23,18.37,3.00,2.00,38.28,13.00,871.20,0.00,-9999.00,-9999.00,-9999.00,-9999.00,-9999.00,-9999.00,-9999.00,-9999.00,-9999.00,-9999.00,-9999.00,0,0,0
2022-07-01T00:24:05,40.765759,-111.909508,1270.30,-9999.00,-9999.00,-9999.00,13.29,39.65,33.23,18.38,3.00,2.00,38.28,13.00,871.20,0.00,-9999.00,-9999.00,-9999.00,-9999.00,-9999.00,-9999.00,-9999.00,-9999.00,-9999.00,-9999.00,-9999.00,0,0,0
2022-07-01T00:24:10,40.765785,-111.909523,1271.40,-9999.00,-9999.00,-9999.00,13.29,39.64,33.23,18.38,3.00,2.00,38.28,13.00,871.20,0.00,-9999.00,-9999.00,-9999.00,-9999.00,-9999.00,-9999.00,-9999.00,-9999.00,-9999.00,-9999.00,-9999.00,0,0,0
2022-07-01T00:24:15,40.765800,-111.909554,1271.90,-9999.00,-9999.00,-9999.00,13.29,39.64,33.22,18.36,2.00,2.00,38.28,13.00,871.30,0.00,-9999.00,-9999.00,-9999.00,-9999.00,-9999.00,-9999.00,-9999.00,-9999.00,-9999.00,-9999.00,-9999.00,0,0,0
2022-07-01T00:24:20,40.765800,-111.909615,1271.70,-9999.00,-9999.00,-9999.00,13.29,39.64,33.22,18.32,2.00,2.00,38.28,13.00,871.10,0.00,-9999.00,-9999.00,-9999.00,-9999.00,-9999.00,-9999.00,-9999.00,-9999.00,-9999.00,-9999.00,-9999.00,0,0,0
2022-07-01T00:24:25,40.765808,-111.909637,1271.70,-9999.00,-9999.00,-9999.00,13.29,39.64,33.22,18.32,3.00,2.00,38.28,13.00,871.10,0.00,-9999.00,-9999.00,-9999.00,-9999.00,-9999.00,-9999.00,-9999.00,-9999.00,-9999.00,-9999.00,-9999.00,0,0,0
2022-07-01T00:24:30,40.765823,-111.909645,1272.80,-9999.00,-9999.00,-9999.00,13.29,39.63,33.22,18.33,2.00,2.00,38.28,13.00,871.20,0.00,-9999.00,-9999.00,-9999.00,-9999.00,-9999.00,-9999.00,-9999.00,-9999.00,-9999.00,-9999.00,-9999.00,0,0,0
2022-07-01T00:24:35,40.765835,-111.909653,1274.40,-9999.00,-9999.00,-9999.00,13.28,39.63,33.22,18.32,2.00,2.00,38.28,12.00,871.20,0.00,-9999.00,-9999.00,-9999.00,-9999.00,-9999.00,-9999.00,-9999.00,-9999.00,-9999.00,-9999.00,-9999.00,0,0,0
2022-07-01T00:24:40,40.765842,-111.909645,1276.20,-9999.00,-9999.00,-9999.00,13.28,39.63,33.23,18.33,2.00,2.00,38.28,12.00,871.10,0.00,-9999.00,-9999.00,-9999.00,-9999.00,-9999.00,-9999.00,-9999.00,-9999.00,-9999.00,-9999.00,-9999.00,0,0,0
2022-07-01T00:24:45,40.765835,-111.909645,1276.80,-9999.00,-9999.00,-9999.00,13.29,39.63,33.22,18.32,2.00,2.00,38.28,13.00,871.40,0.00,-9999.00,-9999.00,-9999.00,-9999.00,-9999.00,-9999.00,-9999.00,-9999.00,-9999.00,-9999.00,-9999.00,0,0,0
2022-07-01T00:24:50,40.765823,-111.909637,1276.30,-9999.00,-9999.00,-9999.00,13.28,39.62,33.22,18.32,2.00,2.00,38.28,13.00,871.40,0.00,-9999.00,-9999.00,-9999.00,-9999.00,-9999.00,-9999.00,-9999.00,-9999.00,-9999.00,-9999.00,-9999.00,0,0,0
2022-07-01T00:24:55,40.765820,-111.909637,1276.30,-9999.00,-9999.00,-9999.00,13.29,39.62,33.22,18.32,2.00,2.00,38.28,13.00,871.20,0.00,-9999.00,-9999.00,-9999.00,-9999.00,-9999.00,-9999.00,-9999.00,-9999.00,-9999.00,-9999.00,-9999.00,0,0,0
2022-07-01T00:25:00,40.765816,-111.909630,1276.60,-9999.00,-9999.00,-9999.00,13.28,39.62,33.23,18.34,3.00,2.00,38.28,12.00,871.10,0.00,-9999.00,-9999.00,-9999.00,-9999.00,-9999.00,-9999.00,-9999.00,-9999.00,-9999.00,-9999.00,-9999.00,0,0,0
2022-07-01T00:25:05,40.765808,-111.909630,1276.80,-9999.00,-9999.00,-9999.00,13.29,39.62,33.22,18.33,2.00,2.00,38.28,13.00,871.30,0.00,-9999.00,-9999.00,-9999.00,-9999.00,-9999.00,-9999.00,-9999.00,-9999.00,-9999.00,-9999.00,-9999.00,0,0,0
2022-07-01T00:25:10,40.765804,-111.909622,1276.80,-9999.00,-9999.00,-9999.00,13.28,39.61,33.22,18.32,2.00,2.00,38.28,13.00,871.20,0.00,-9999.00,-9999.00,-9999.00,-9999.00,-9999.00,-9999.00,-9999.00,-9999.00,-9999.00,-9999.00,-9999.00,0,0,0
2022-07-01T00:25:15,40.765800,-111.909622,1277.10,-9999.00,-9999.00,-9999.00,13.29,39.61,33.25,18.34,2.00,2.00,38.28,13.00,871.30,0.00,-9999.00,-9999.00,-9999.00,-9999.00,-9999.00,-9999.00,-9999.00,-9999.00,-9999.00,-9999.00,-9999.00,0,0,0
2022-07-01T00:25:20,40.765793,-111.909615,1277.40,-9999.00,-9999.00,-9999.00,13.29,39.61,33.31,18.36,2.00,2.00,38.28,13.00,871.30,0.00,-9999.00,-9999.00,-9999.00,-9999.00,-9999.00,-9999.00,-9999.00,-9999.00,-9999.00,-9999.00,-9999.00,0,0,0
2022-07-01T00:25:25,40.765793,-111.909615,1277.40,-9999.00,-9999.00,-9999.00,13.29,39.61,33.30,18.42,2.00,2.00,38.28,13.00,871.20,0.00,-9999.00,-9999.00,-9999.00,-9999.00,-9999.00,-9999.00,-9999.00,-9999.00,-9999.00,-9999.00,-9999.00,0,0,0
2022-07-01T00:25:30,40.765781,-111.909622,1277.20,-9999.00,-9999.00,-9999.00,13.29,39.60,33.24,18.36,3.00,2.00,38.22,13.00,871.30,0.00,-9999.00,-9999.00,-9999.00,-9999.00,-9999.00,-9999.00,-9999.00,-9999.00,-9999.00,-9999.00,-9999.00,0,0,0
2022-07-01T00:25:35,40.765778,-111.909637,1276.70,-9999.00,-9999.00,-9999.00,13.29,39.60,33.24,18.41,3.00,2.00,38.28,13.00,871.10,0.00,-9999.00,-9999.00,-9999.00,-9999.00,-9999.00,-9999.00,-9999.00,-9999.00,-9999.00,-9999.00,-9999.00,0,0,0
2022-07-01T00:25:40,40.765774,-111.909653,1276.20,-9999.00,-9999.00,-9999.00,13.28,39.60,33.24,18.42,2.00,2.00,38.22,12.00,871.20,0.00,-9999.00,-9999.00,-9999.00,-9999.00,-9999.00,-9999.00,-9999.00,-9999.00,-9999.00,-9999.00,-9999.00,0,0,0
2022-07-01T00:25:45,40.765770,-111.909676,1275.60,-9999.00,-9999.00,-9999.00,13.28,39.60,33.25,18.44,2.00,2.00,38.22,13.00,871.20,0.00,-9999.00,-9999.00,-9999.00,-9999.00,-9999.00,-9999.00,-9999.00,-9999.00,-9999.00,-9999.00,-9999.00,0,0,0
2022-07-01T00:25:50,40.765766,-111.909698,1275.20,-9999.00,-9999.00,-9999.00,13.29,39.60,33.24,18.42,2.00,2.00,38.22,13.00,871.10,0.00,-9999.00,-9999.00,-9999.00,-9999.00,-9999.00,-9999.00,-9999.00,-9999.00,-9999.00,-9999.00,-9999.00,0,0,0
2022-07-01T00:25:55,40.765774,-111.909714,1274.60,-9999.00,-9999.00,-9999.00,13.28,39.59,33.25,18.44,3.00,2.00,38.28,12.00,871.20,0.00,-9999.00,-9999.00,-9999.00,-9999.00,-9999.00,-9999.00,-9999.00,-9999.00,-9999.00,-9999.00,-9999.00,0,0,0
2022-07-01T00:26:00,40.765781,-111.909714,1274.60,-9999.00,-9999.00,-9999.00,13.28,39.59,33.24,18.47,2.00,2.00,38.22,13.00,871.20,0.00,-9999.00,-9999.00,-9999.00,-9999.00,-9999.00,-9999.00,-9999.00,-9999.00,-9999.00,-9999.00,-9999.00,0,0,0
2022-07-01T00:26:05,40.765774,-111.909721,1275.00,-9999.00,-9999.00,-9999.00,13.29,39.59,33.24,18.48,3.00,2.00,38.22,13.00,871.10,0.00,-9999.00,-9999.00,-9999.00,-9999.00,-9999.00,-9999.00,-9999.00,-9999.00,-9999.00,-9999.00,-9999.00,0,0,0
2022-07-01T00:26:10,40.765766,-111.909706,1275.60,-9999.00,-9999.00,-9999.00,13.29,39.59,33.24,18.49,3.00,2.00,38.22,12.00,871.20,0.00,-9999.00,-9999.00,-9999.00,-9999.00,-9999.00,-9999.00,-9999.00,-9999.00,-9999.00,-9999.00,-9999.00,0,0,0
2022-07-01T00:26:15,40.765766,-111.909691,1276.30,-9999.00,-9999.00,-9999.00,13.29,39.58,33.24,18.48,3.00,2.00,38.22,12.00,871.20,0.00,-9999.00,-9999.00,-9999.00,-9999.00,-9999.00,-9999.00,-9999.00,-9999.00,-9999.00,-9999.00,-9999.00,0,0,0
2022-07-01T00:26:20,40.765759,-111.909683,1276.60,-9999.00,-9999.00,-9999.00,13.28,39.58,33.25,18.51,2.00,2.00,38.22,12.00,871.10,0.00,-9999.00,-9999.00,-9999.00,-9999.00,-9999.00,-9999.00,-9999.00,-9999.00,-9999.00,-9999.00,-9999.00,0,0,0
2022-07-01T00:26:25,40.765751,-111.909683,1276.90,-9999.00,-9999.00,-9999.00,13.29,39.58,33.25,18.52,3.00,2.00,38.22,12.00,871.30,0.00,-9999.00,-9999.00,-9999.00,-9999.00,-9999.00,-9999.00,-9999.00,-9999.00,-9999.00,-9999.00,-9999.00,0,0,0
2022-07-01T00:26:30,40.765762,-111.909683,1277.20,-9999.00,-9999.00,-9999.00,13.29,39.58,33.25,18.52,3.00,2.00,38.22,12.00,871.10,0.00,-9999.00,-9999.00,-9999.00,-9999.00,-9999.00,-9999.00,-9999.00,-9999.00,-9999.00,-9999.00,-9999.00,0,0,0
2022-07-01T00:26:35,40.765781,-111.909683,1278.10,-9999.00,-9999.00,-9999.00,13.29,39.58,33.25,18.52,4.00,2.00,38.22,12.00,871.20,0.00,-9999.00,-9999.00,-9999.00,-9999.00,-9999.00,-9999.00,-9999.00,-9999.00,-9999.00,-9999.00,-9999.00,0,0,0
2022-07-01T00:26:40,40.765808,-111.909676,1279.50,-9999.00,-9999.00,-9999.00,13.29,39.57,33.25,18.52,3.00,2.00,38.22,12.00,871.40,0.00,-9999.00,-9999.00,-9999.00,-9999.00,-9999.00,-9999.00,-9999.00,-9999.00,-9999.00,-9999.00,-9999.00,0,0,0
2022-07-01T00:26:45,40.765816,-111.909676,1280.80,-9999.00,-9999.00,-9999.00,13.29,39.57,33.24,18.52,3.00,2.00,38.22,13.00,871.10,0.00,-9999.00,-9999.00,-9999.00,-9999.00,-9999.00,-9999.00,-9999.00,-9999.00,-9999.00,-9999.00,-9999.00,0,0,0
2022-07-01T00:26:50,40.765831,-111.909691,1282.00,-9999.00,-9999.00,-9999.00,13.28,39.57,33.24,18.52,3.00,2.00,38.22,12.00,871.20,0.00,-9999.00,-9999.00,-9999.00,-9999.00,-9999.00,-9999.00,-9999.00,-9999.00,-9999.00,-9999.00,-9999.00,0,0,0
2022-07-01T00:26:55,40.765846,-111.909698,1282.90,-9999.00,-9999.00,-9999.00,13.29,39.57,33.24,18.49,3.00,2.00,38.22,12.00,871.10,0.00,-9999.00,-9999.00,-9999.00,-9999.00,-9999.00,-9999.00,-9999.00,-9999.00,-9999.00,-9999.00,-9999.00,0,0,0
2022-07-01T00:27:00,40.765846,-111.909698,1282.90,-9999.00,-9999.00,-9999.00,13.29,39.56,33.24,18.48,3.00,2.00,38.22,13.00,871.40,0.00,-9999.00,-9999.00,-9999.00,-9999.00,-9999.00,-9999.00,-9999.00,-9999.00,-9999.00,-9999.00,-9999.00,0,0,0
2022-07-01T00:27:05,40.765846,-111.909698,1282.90,-9999.00,-9999.00,-9999.00,13.28,39.56,33.25,18.49,3.00,2.00,38.22,12.00,871.20,0.00,-9999.00,-9999.00,-9999.00,-9999.00,-9999.00,-9999.00,-9999.00,-9999.00,-9999.00,-9999.00,-9999.00,0,0,0
2022-07-01T00:27:10,40.765846,-111.909698,1282.90,-9999.00,-9999.00,-9999.00,13.29,39.56,33.24,18.50,3.00,2.00,38.22,12.00,871.30,0.00,-9999.00,-9999.00,-9999.00,-9999.00,-9999.00,-9999.00,-9999.00,-9999.00,-9999.00,-9999.00,-9999.00,0,0,0
2022-07-01T00:27:15,40.765846,-111.909698,1282.90,-9999.00,-9999.00,-9999.00,13.29,39.56,33.25,18.50,3.00,2.00,38.22,12.00,871.30,0.00,-9999.00,-9999.00,-9999.00,-9999.00,-9999.00,-9999.00,-9999.00,-9999.00,-9999.00,-9999.00,-9999.00,0,0,0
2022-07-01T00:27:20,40.765846,-111.909698,1283.00,-9999.00,-9999.00,-9999.00,13.28,39.56,33.24,18.49,3.00,2.00,38.22,12.00,871.10,0.00,-9999.00,-9999.00,-9999.00,-9999.00,-9999.00,-9999.00,-9999.00,-9999.00,-9999.00,-9999.00,-9999.00,0,0,0
2022-07-01T00:27:25,40.765846,-111.909698,1283.00,-9999.00,-9999.00,-9999.00,13.29,39.55,33.25,18.50,3.00,2.00,38.22,13.00,871.30,0.00,-9999.00,-9999.00,-9999.00,-9999.00,-9999.00,-9999.00,-9999.00,-9999.00,-9999.00,-9999.00,-9999.00,0,0,0
2022-07-01T00:27:30,40.765846,-111.909698,1283.10,-9999.00,-9999.00,-9999.00,13.29,39.55,33.27,18.55,2.00,2.00,38.22,12.00,871.30,0.00,-9999.00,-9999.00,-9999.00,-9999.00,-9999.00,-9999.00,-9999.00,-9999.00,-9999.00,-9999.00,-9999.00,0,0,0
2022-07-01T00:27:35,40.765846,-111.909698,1283.20,-9999.00,-9999.00,-9999.00,13.28,39.55,33.27,18.56,2.00,2.00,38.22,12.00,871.30,0.00,-9999.00,-9999.00,-9999.00,-9999.00,-9999.00,-9999.00,-9999.00,-9999.00,-9999.00,-9999.00,-9999.00,0,0,0
2022-07-01T00:27:40,40.765846,-111.909698,1283.20,-9999.00,-9999.00,-9999.00,13.28,39.55,33.24,18.53,2.00,2.00,38.22,13.00,871.20,0.00,-9999.00,-9999.00,-9999.00,-9999.00,-9999.00,-9999.00,-9999.00,-9999.00,-9999.00,-9999.00,-9999.00,0,0,0
2022-07-01T00:27:45,40.765846,-111.909698,1283.20,-9999.00,-9999.00,-9999.00,13.29,39.55,33.25,18.56,3.00,2.00,38.22,13.00,871.20,0.00,-9999.00,-9999.00,-9999.00,-9999.00,-9999.00,-9999.00,-9999.00,-9999.00,-9999.00,-9999.00,-9999.00,0,0,0
2022-07-01T00:27:50,40.765846,-111.909698,1283.20,-9999.00,-9999.00,-9999.00,13.28,39.54,33.25,18.56,3.00,2.00,38.22,13.00,871.30,0.00,-9999.00,-9999.00,-9999.00,-9999.00,-9999.00,-9999.00,-9999.00,-9999.00,-9999.00,-9999.00,-9999.00,0,0,0
2022-07-01T00:27:55,40.765846,-111.909698,1283.20,-9999.00,-9999.00,-9999.00,13.29,39.54,33.24,18.56,2.00,2.00,38.22,12.00,871.20,0.00,-9999.00,-9999.00,-9999.00,-9999.00,-9999.00,-9999.00,-9999.00,-9999.00,-9999.00,-9999.00,-9999.00,0,0,0
2022-07-01T00:28:00,40.765842,-111.909691,1283.70,-9999.00,-9999.00,-9999.00,13.28,39.54,33.25,18.56,3.00,2.00,38.22,13.00,871.40,0.00,-9999.00,-9999.00,-9999.00,-9999.00,-9999.00,-9999.00,-9999.00,-9999.00,-9999.00,-9999.00,-9999.00,0,0,0
2022-07-01T00:28:05,40.765823,-111.909683,1284.70,-9999.00,-9999.00,-9999.00,13.29,39.54,33.25,18.54,4.00,2.00,38.22,13.00,871.40,0.00,-9999.00,-9999.00,-9999.00,-9999.00,-9999.00,-9999.00,-9999.00,-9999.00,-9999.00,-9999.00,-9999.00,0,0,0
2022-07-01T00:28:10,40.765812,-111.909668,1284.60,-9999.00,-9999.00,-9999.00,13.29,39.54,33.25,18.55,3.00,2.00,38.22,12.00,871.10,0.00,-9999.00,-9999.00,-9999.00,-9999.00,-9999.00,-9999.00,-9999.00,-9999.00,-9999.00,-9999.00,-9999.00,0,0,0
2022-07-01T00:28:15,40.765823,-111.909660,1284.10,-9999.00,-9999.00,-9999.00,13.29,39.53,33.24,18.55,3.00,2.00,38.22,13.00,871.10,0.00,-9999.00,-9999.00,-9999.00,-9999.00,-9999.00,-9999.00,-9999.00,-9999.00,-9999.00,-9999.00,-9999.00,0,0,0
2022-07-01T00:28:20,40.765846,-111.909668,1285.10,-9999.00,-9999.00,-9999.00,13.29,39.53,33.24,18.56,3.00,2.00,38.22,13.00,871.20,0.00,-9999.00,-9999.00,-9999.00,-9999.00,-9999.00,-9999.00,-9999.00,-9999.00,-9999.00,-9999.00,-9999.00,0,0,0
2022-07-01T00:28:25,40.765850,-111.909668,1285.40,-9999.00,-9999.00,-9999.00,13.28,39.53,33.25,18.56,4.00,2.00,38.22,13.00,871.30,0.00,-9999.00,-9999.00,-9999.00,-9999.00,-9999.00,-9999.00,-9999.00,-9999.00,-9999.00,-9999.00,-9999.00,0,0,0
2022-07-01T00:28:30,40.765858,-111.909660,1285.60,-9999.00,-9999.00,-9999.00,13.29,39.53,33.24,18.57,3.00,2.00,38.22,13.00,871.20,0.00,-9999.00,-9999.00,-9999.00,-9999.00,-9999.00,-9999.00,-9999.00,-9999.00,-9999.00,-9999.00,-9999.00,0,0,0
2022-07-01T00:28:35,40.765858,-111.909653,1286.00,-9999.00,-9999.00,-9999.00,13.28,39.53,33.24,18.55,3.00,2.00,38.22,13.00,871.10,0.00,-9999.00,-9999.00,-9999.00,-9999.00,-9999.00,-9999.00,-9999.00,-9999.00,-9999.00,-9999.00,-9999.00,0,0,0
2022-07-01T00:28:40,40.765839,-111.909653,1286.00,-9999.00,-9999.00,-9999.00,13.29,39.52,33.24,18.55,3.00,2.00,38.22,13.00,871.20,0.00,-9999.00,-9999.00,-9999.00,-9999.00,-9999.00,-9999.00,-9999.00,-9999.00,-9999.00,-9999.00,-9999.00,0,0,0
2022-07-01T00:28:45,40.765835,-111.909660,1286.10,-9999.00,-9999.00,-9999.00,13.29,39.52,33.24,18.55,2.00,2.00,38.22,13.00,871.10,0.00,-9999.00,-9999.00,-9999.00,-9999.00,-9999.00,-9999.00,-9999.00,-9999.00,-9999.00,-9999.00,-9999.00,0,0,0
2022-07-01T00:28:50,40.765831,-111.909660,1286.10,-9999.00,-9999.00,-9999.00,13.29,39.52,33.26,18.55,3.00,2.00,38.22,13.00,871.20,0.00,-9999.00,-9999.00,-9999.00,-9999.00,-9999.00,-9999.00,-9999.00,-9999.00,-9999.00,-9999.00,-9999.00,0,0,0
2022-07-01T00:28:55,40.765835,-111.909660,1285.80,-9999.00,-9999.00,-9999.00,13.28,39.52,33.26,18.53,3.00,2.00,38.22,13.00,871.10,0.00,-9999.00,-9999.00,-9999.00,-9999.00,-9999.00,-9999.00,-9999.00,-9999.00,-9999.00,-9999.00,-9999.00,0,0,0
2022-07-01T00:29:00,40.765827,-111.909660,1285.40,-9999.00,-9999.00,-9999.00,13.29,39.52,33.27,18.53,2.00,2.00,38.22,13.00,871.40,0.00,-9999.00,-9999.00,-9999.00,-9999.00,-9999.00,-9999.00,-9999.00,-9999.00,-9999.00,-9999.00,-9999.00,0,0,0
2022-07-01T00:29:05,40.765816,-111.909653,1284.00,-9999.00,-9999.00,-9999.00,13.29,39.51,33.26,18.51,2.00,2.00,38.22,13.00,871.30,0.00,-9999.00,-9999.00,-9999.00,-9999.00,-9999.00,-9999.00,-9999.00,-9999.00,-9999.00,-9999.00,-9999.00,0,0,0
2022-07-01T00:29:10,40.765800,-111.909653,1283.60,-9999.00,-9999.00,-9999.00,13.29,39.51,33.27,18.50,3.00,2.00,38.22,13.00,871.10,0.00,-9999.00,-9999.00,-9999.00,-9999.00,-9999.00,-9999.00,-9999.00,-9999.00,-9999.00,-9999.00,-9999.00,0,0,0
2022-07-01T00:29:15,40.765789,-111.909660,1283.60,-9999.00,-9999.00,-9999.00,13.29,39.51,33.27,18.50,2.00,2.00,38.22,13.00,871.30,0.00,-9999.00,-9999.00,-9999.00,-9999.00,-9999.00,-9999.00,-9999.00,-9999.00,-9999.00,-9999.00,-9999.00,0,0,0
2022-07-01T00:29:20,40.765789,-111.909653,1283.60,-9999.00,-9999.00,-9999.00,13.29,39.51,33.26,18.51,2.00,2.00,38.22,13.00,871.10,0.00,-9999.00,-9999.00,-9999.00,-9999.00,-9999.00,-9999.00,-9999.00,-9999.00,-9999.00,-9999.00,-9999.00,0,0,0
2022-07-01T00:29:25,40.765800,-111.909637,1283.10,-9999.00,-9999.00,-9999.00,13.29,39.51,33.26,18.50,2.00,2.00,38.22,13.00,871.10,0.00,-9999.00,-9999.00,-9999.00,-9999.00,-9999.00,-9999.00,-9999.00,-9999.00,-9999.00,-9999.00,-9999.00,0,0,0
2022-07-01T00:29:30,40.765800,-111.909630,1283.00,-9999.00,-9999.00,-9999.00,13.28,39.50,33.27,18.51,2.00,2.00,38.11,13.00,871.30,0.00,-9999.00,-9999.00,-9999.00,-9999.00,-9999.00,-9999.00,-9999.00,-9999.00,-9999.00,-9999.00,-9999.00,0,0,0
2022-07-01T00:29:35,40.765808,-111.909622,1282.50,-9999.00,-9999.00,-9999.00,13.28,39.50,33.26,18.52,2.00,2.00,38.11,13.00,871.00,0.00,-9999.00,-9999.00,-9999.00,-9999.00,-9999.00,-9999.00,-9999.00,-9999.00,-9999.00,-9999.00,-9999.00,0,0,0
2022-07-01T00:29:40,40.765797,-111.909592,1282.30,-9999.00,-9999.00,-9999.00,13.29,39.50,33.29,18.58,3.00,2.00,38.22,13.00,871.30,0.00,-9999.00,-9999.00,-9999.00,-9999.00,-9999.00,-9999.00,-9999.00,-9999.00,-9999.00,-9999.00,-9999.00,0,0,0
2022-07-01T00:29:45,40.765778,-111.909569,1281.90,-9999.00,-9999.00,-9999.00,13.29,39.50,33.26,18.59,3.00,2.00,38.22,13.00,871.10,0.00,-9999.00,-9999.00,-9999.00,-9999.00,-9999.00,-9999.00,-9999.00,-9999.00,-9999.00,-9999.00,-9999.00,0,0,0
2022-07-01T00:29:50,40.765743,-111.909554,1280.10,-9999.00,-9999.00,-9999.00,13.29,39.50,33.26,18.56,3.00,2.00,38.11,13.00,871.10,0.00,-9999.00,-9999.00,-9999.00,-9999.00,-9999.00,-9999.00,-9999.00,-9999.00,-9999.00,-9999.00,-9999.00,0,0,0
2022-07-01T00:29:55,40.765720,-111.909561,1278.60,-9999.00,-9999.00,-9999.00,13.29,39.50,33.27,18.58,3.00,2.00,38.11,13.00,871.10,0.00,-9999.00,-9999.00,-9999.00,-9999.00,-9999.00,-9999.00,-9999.00,-9999.00,-9999.00,-9999.00,-9999.00,0,0,0
2022-07-01T00:30:00,40.765701,-111.909569,1278.00,-9999.00,-9999.00,-9999.00,13.29,39.49,33.27,18.56,3.00,2.00,38.11,13.00,871.20,0.00,-9999.00,-9999.00,-9999.00,-9999.00,-9999.00,-9999.00,-9999.00,-9999.00,-9999.00,-9999.00,-9999.00,0,0,0
2022-07-01T00:30:05,40.765690,-111.909576,1277.00,-9999.00,-9999.00,-9999.00,13.29,39.49,33.26,18.53,2.00,2.00,38.11,13.00,871.10,0.00,-9999.00,-9999.00,-9999.00,-9999.00,-9999.00,-9999.00,-9999.00,-9999.00,-9999.00,-9999.00,-9999.00,0,0,0
2022-07-01T00:30:10,40.765686,-111.909599,1276.00,-9999.00,-9999.00,-9999.00,13.28,39.49,33.26,18.54,2.00,2.00,38.11,12.00,871.20,0.00,-9999.00,-9999.00,-9999.00,-9999.00,-9999.00,-9999.00,-9999.00,-9999.00,-9999.00,-9999.00,-9999.00,0,0,0
2022-07-01T00:30:15,40.765678,-111.909599,1275.60,-9999.00,-9999.00,-9999.00,13.28,39.49,33.27,18.53,3.00,2.00,38.22,13.00,871.10,0.00,-9999.00,-9999.00,-9999.00,-9999.00,-9999.00,-9999.00,-9999.00,-9999.00,-9999.00,-9999.00,-9999.00,0,0,0
2022-07-01T00:30:20,40.765663,-111.909615,1274.10,-9999.00,-9999.00,-9999.00,13.28,39.49,33.29,18.56,2.00,2.00,38.11,13.00,871.10,0.00,-9999.00,-9999.00,-9999.00,-9999.00,-9999.00,-9999.00,-9999.00,-9999.00,-9999.00,-9999.00,-9999.00,0,0,0
2022-07-01T00:30:25,40.765659,-111.909622,1273.20,-9999.00,-9999.00,-9999.00,13.29,39.49,33.28,18.54,2.00,2.00,38.11,13.00,871.30,0.00,-9999.00,-9999.00,-9999.00,-9999.00,-9999.00,-9999.00,-9999.00,-9999.00,-9999.00,-9999.00,-9999.00,0,0,0
2022-07-01T00:30:30,40.765663,-111.909622,1272.80,-9999.00,-9999.00,-9999.00,13.28,39.48,33.29,18.52,2.00,2.00,38.11,13.00,871.00,0.00,-9999.00,-9999.00,-9999.00,-9999.00,-9999.00,-9999.00,-9999.00,-9999.00,-9999.00,-9999.00,-9999.00,0,0,0
2022-07-01T00:30:35,40.765671,-111.909622,1272.90,-9999.00,-9999.00,-9999.00,13.29,39.48,33.28,18.52,2.00,2.00,38.11,13.00,871.30,0.00,-9999.00,-9999.00,-9999.00,-9999.00,-9999.00,-9999.00,-9999.00,-9999.00,-9999.00,-9999.00,-9999.00,0,0,0
2022-07-01T00:30:40,40.765675,-111.909622,1272.50,-9999.00,-9999.00,-9999.00,13.29,39.48,33.28,18.52,2.00,2.00,38.11,13.00,871.20,0.00,-9999.00,-9999.00,-9999.00,-9999.00,-9999.00,-9999.00,-9999.00,-9999.00,-9999.00,-9999.00,-9999.00,0,0,0
2022-07-01T00:30:45,40.765678,-111.909630,1272.10,-9999.00,-9999.00,-9999.00,13.29,39.48,33.29,18.52,3.00,2.00,38.11,13.00,871.30,0.00,-9999.00,-9999.00,-9999.00,-9999.00,-9999.00,-9999.00,-9999.00,-9999.00,-9999.00,-9999.00,-9999.00,0,0,0
2022-07-01T00:30:50,40.765678,-111.909637,1271.70,-9999.00,-9999.00,-9999.00,13.28,39.48,33.28,18.52,3.00,2.00,38.11,13.00,871.10,0.00,-9999.00,-9999.00,-9999.00,-9999.00,-9999.00,-9999.00,-9999.00,-9999.00,-9999.00,-9999.00,-9999.00,0,0,0
2022-07-01T00:30:55,40.765686,-111.909645,1271.40,-9999.00,-9999.00,-9999.00,13.29,39.48,33.29,18.57,3.00,2.00,38.11,13.00,871.20,0.00,-9999.00,-9999.00,-9999.00,-9999.00,-9999.00,-9999.00,-9999.00,-9999.00,-9999.00,-9999.00,-9999.00,0,0,0
2022-07-01T00:31:00,40.765697,-111.909660,1270.80,-9999.00,-9999.00,-9999.00,13.29,39.47,33.29,18.62,2.00,2.00,38.11,13.00,871.00,0.00,-9999.00,-9999.00,-9999.00,-9999.00,-9999.00,-9999.00,-9999.00,-9999.00,-9999.00,-9999.00,-9999.00,0,0,0
2022-07-01T00:31:05,40.765701,-111.909668,1270.40,-9999.00,-9999.00,-9999.00,13.28,39.47,33.28,18.63,2.00,2.00,38.11,13.00,871.20,0.00,-9999.00,-9999.00,-9999.00,-9999.00,-9999.00,-9999.00,-9999.00,-9999.00,-9999.00,-9999.00,-9999.00,0,0,0
2022-07-01T00:31:10,40.765697,-111.909653,1268.40,-9999.00,-9999.00,-9999.00,13.28,39.47,33.29,18.67,3.00,2.00,38.11,13.00,871.10,0.00,-9999.00,-9999.00,-9999.00,-9999.00,-9999.00,-9999.00,-9999.00,-9999.00,-9999.00,-9999.00,-9999.00,0,0,0
2022-07-01T00:31:15,40.765694,-111.909622,1267.90,-9999.00,-9999.00,-9999.00,13.29,39.47,33.29,18.68,3.00,2.00,38.11,13.00,871.30,0.00,-9999.00,-9999.00,-9999.00,-9999.00,-9999.00,-9999.00,-9999.00,-9999.00,-9999.00,-9999.00,-9999.00,0,0,0
2022-07-01T00:31:20,40.765682,-111.909599,1267.90,-9999.00,-9999.00,-9999.00,13.28,39.47,33.29,18.68,3.00,2.00,38.11,13.00,871.10,0.00,-9999.00,-9999.00,-9999.00,-9999.00,-9999.00,-9999.00,-9999.00,-9999.00,-9999.00,-9999.00,-9999.00,0,0,0
2022-07-01T00:31:25,40.765682,-111.909576,1264.80,-9999.00,-9999.00,-9999.00,13.28,39.47,33.29,18.69,3.00,2.00,38.11,13.00,871.30,0.00,-9999.00,-9999.00,-9999.00,-9999.00,-9999.00,-9999.00,-9999.00,-9999.00,-9999.00,-9999.00,-9999.00,0,0,0
2022-07-01T00:31:30,40.765682,-111.909576,1264.20,-9999.00,-9999.00,-9999.00,13.28,39.46,33.28,18.72,3.00,2.00,38.11,13.00,871.30,0.00,-9999.00,-9999.00,-9999.00,-9999.00,-9999.00,-9999.00,-9999.00,-9999.00,-9999.00,-9999.00,-9999.00,0,0,0
2022-07-01T00:31:35,40.765690,-111.909569,1265.90,-9999.00,-9999.00,-9999.00,13.29,39.46,33.28,18.73,3.00,2.00,38.11,13.00,871.20,0.00,-9999.00,-9999.00,-9999.00,-9999.00,-9999.00,-9999.00,-9999.00,-9999.00,-9999.00,-9999.00,-9999.00,0,0,0
2022-07-01T00:31:40,40.765694,-111.909569,1268.00,-9999.00,-9999.00,-9999.00,13.28,39.46,33.29,18.74,2.00,2.00,38.11,13.00,871.00,0.00,-9999.00,-9999.00,-9999.00,-9999.00,-9999.00,-9999.00,-9999.00,-9999.00,-9999.00,-9999.00,-9999.00,0,0,0
2022-07-01T00:31:45,40.765694,-111.909561,1269.10,-9999.00,-9999.00,-9999.00,13.28,39.46,33.29,18.76,2.00,2.00,38.11,13.00,871.10,0.00,-9999.00,-9999.00,-9999.00,-9999.00,-9999.00,-9999.00,-9999.00,-9999.00,-9999.00,-9999.00,-9999.00,0,0,0
2022-07-01T00:31:50,40.765697,-111.909561,1269.50,-9999.00,-9999.00,-9999.00,13.29,39.46,33.29,18.76,2.00,2.00,38.11,13.00,871.30,0.00,-9999.00,-9999.00,-9999.00,-9999.00,-9999.00,-9999.00,-9999.00,-9999.00,-9999.00,-9999.00,-9999.00,0,0,0
2022-07-01T00:31:55,40.765724,-111.909538,1272.40,-9999.00,-9999.00,-9999.00,13.29,39.46,33.34,18.78,2.00,2.00,38.11,13.00,871.20,0.00,-9999.00,-9999.00,-9999.00,-9999.00,-9999.00,-9999.00,-9999.00,-9999.00,-9999.00,-9999.00,-9999.00,0,0,0
2022-07-01T00:32:00,40.765751,-111.909538,1275.90,-9999.00,-9999.00,-9999.00,13.29,39.45,33.28,18.69,3.00,2.00,38.11,13.00,871.10,0.00,-9999.00,-9999.00,-9999.00,-9999.00,-9999.00,-9999.00,-9999.00,-9999.00,-9999.00,-9999.00,-9999.00,0,0,0
2022-07-01T00:32:05,40.765778,-111.909531,1278.70,-9999.00,-9999.00,-9999.00,13.29,39.45,33.28,18.64,3.00,2.00,38.11,13.00,871.30,0.00,-9999.00,-9999.00,-9999.00,-9999.00,-9999.00,-9999.00,-9999.00,-9999.00,-9999.00,-9999.00,-9999.00,0,0,0
2022-07-01T00:32:10,40.765797,-111.909554,1282.40,-9999.00,-9999.00,-9999.00,13.28,39.45,33.29,18.63,4.00,2.00,38.11,13.00,871.30,0.00,-9999.00,-9999.00,-9999.00,-9999.00,-9999.00,-9999.00,-9999.00,-9999.00,-9999.00,-9999.00,-9999.00,0,0,0
2022-07-01T00:32:15,40.765812,-111.909576,1284.20,-9999.00,-9999.00,-9999.00,13.29,39.45,33.27,18.64,3.00,2.00,38.11,13.00,871.20,0.00,-9999.00,-9999.00,-9999.00,-9999.00,-9999.00,-9999.00,-9999.00,-9999.00,-9999.00,-9999.00,-9999.00,0,0,0
2022-07-01T00:32:20,40.765823,-111.909576,1283.40,-9999.00,-9999.00,-9999.00,13.29,39.45,33.27,18.64,3.00,2.00,38.11,13.00,871.30,0.00,-9999.00,-9999.00,-9999.00,-9999.00,-9999.00,-9999.00,-9999.00,-9999.00,-9999.00,-9999.00,-9999.00,0,0,0
2022-07-01T00:32:25,40.765835,-111.909569,1283.00,-9999.00,-9999.00,-9999.00,13.29,39.45,33.27,18.58,3.00,2.00,38.11,13.00,871.00,0.00,-9999.00,-9999.00,-9999.00,-9999.00,-9999.00,-9999.00,-9999.00,-9999.00,-9999.00,-9999.00,-9999.00,0,0,0
2022-07-01T00:32:30,40.765827,-111.909576,1284.30,-9999.00,-9999.00,-9999.00,13.29,39.45,33.26,18.55,4.00,2.00,38.11,13.00,871.10,0.00,-9999.00,-9999.00,-9999.00,-9999.00,-9999.00,-9999.00,-9999.00,-9999.00,-9999.00,-9999.00,-9999.00,0,0,0
2022-07-01T00:32:35,40.765827,-111.909592,1287.20,-9999.00,-9999.00,-9999.00,13.29,39.44,33.27,18.54,4.00,2.00,38.11,13.00,871.10,0.00,-9999.00,-9999.00,-9999.00,-9999.00,-9999.00,-9999.00,-9999.00,-9999.00,-9999.00,-9999.00,-9999.00,0,0,0
2022-07-01T00:32:40,40.765839,-111.909615,1289.60,-9999.00,-9999.00,-9999.00,13.29,39.44,33.27,18.50,3.00,2.00,38.11,13.00,871.10,0.00,-9999.00,-9999.00,-9999.00,-9999.00,-9999.00,-9999.00,-9999.00,-9999.00,-9999.00,-9999.00,-9999.00,0,0,0
2022-07-01T00:32:45,40.765846,-111.909637,1291.20,-9999.00,-9999.00,-9999.00,13.29,39.44,33.29,18.48,3.00,2.00,38.11,13.00,871.10,0.00,-9999.00,-9999.00,-9999.00,-9999.00,-9999.00,-9999.00,-9999.00,-9999.00,-9999.00,-9999.00,-9999.00,0,0,0
2022-07-01T00:32:50,40.765862,-111.909668,1293.50,-9999.00,-9999.00,-9999.00,13.29,39.44,33.28,18.47,3.00,2.00,38.11,13.00,871.30,0.00,-9999.00,-9999.00,-9999.00,-9999.00,-9999.00,-9999.00,-9999.00,-9999.00,-9999.00,-9999.00,-9999.00,0,0,0
2022-07-01T00:32:55,40.765881,-111.909698,1293.30,-9999.00,-9999.00,-9999.00,13.29,39.44,33.29,18.48,3.00,2.00,38.11,13.00,871.10,0.00,-9999.00,-9999.00,-9999.00,-9999.00,-9999.00,-9999.00,-9999.00,-9999.00,-9999.00,-9999.00,-9999.00,0,0,0
2022-07-01T00:33:00,40.765892,-111.909706,1294.20,-9999.00,-9999.00,-9999.00,13.29,39.44,33.28,18.46,2.00,2.00,38.11,13.00,871.10,0.00,-9999.00,-9999.00,-9999.00,-9999.00,-9999.00,-9999.00,-9999.00,-9999.00,-9999.00,-9999.00,-9999.00,0,0,0
2022-07-01T00:33:05,40.765873,-111.909683,1296.50,-9999.00,-9999.00,-9999.00,13.29,39.43,33.28,18.46,2.00,2.00,38.11,13.00,871.30,0.00,-9999.00,-9999.00,-9999.00,-9999.00,-9999.00,-9999.00,-9999.00,-9999.00,-9999.00,-9999.00,-9999.00,0,0,0
2022-07-01T00:33:10,40.765846,-111.909660,1298.20,-9999.00,-9999.00,-9999.00,13.29,39.43,33.28,18.48,2.00,2.00,38.11,13.00,871.00,0.00,-9999.00,-9999.00,-9999.00,-9999.00,-9999.00,-9999.00,-9999.00,-9999.00,-9999.00,-9999.00,-9999.00,0,0,0
2022-07-01T00:33:15,40.765846,-111.909653,1299.00,-9999.00,-9999.00,-9999.00,13.29,39.43,33.28,18.47,2.00,2.00,38.11,13.00,871.00,0.00,-9999.00,-9999.00,-9999.00,-9999.00,-9999.00,-9999.00,-9999.00,-9999.00,-9999.00,-9999.00,-9999.00,0,0,0
2022-07-01T00:33:20,40.765842,-111.909653,1299.30,-9999.00,-9999.00,-9999.00,13.29,39.43,33.28,18.44,2.00,2.00,38.11,13.00,871.20,0.00,-9999.00,-9999.00,-9999.00,-9999.00,-9999.00,-9999.00,-9999.00,-9999.00,-9999.00,-9999.00,-9999.00,0,0,0
2022-07-01T00:33:25,40.765846,-111.909660,1300.80,-9999.00,-9999.00,-9999.00,13.28,39.43,33.28,18.44,2.00,2.00,38.11,13.00,871.30,0.00,-9999.00,-9999.00,-9999.00,-9999.00,-9999.00,-9999.00,-9999.00,-9999.00,-9999.00,-9999.00,-9999.00,0,0,0
2022-07-01T00:33:30,40.765846,-111.909668,1302.20,-9999.00,-9999.00,-9999.00,13.28,39.43,33.29,18.40,2.00,2.00,38.11,13.00,871.10,0.00,-9999.00,-9999.00,-9999.00,-9999.00,-9999.00,-9999.00,-9999.00,-9999.00,-9999.00,-9999.00,-9999.00,0,0,0
2022-07-01T00:33:35,40.765839,-111.909668,1304.10,-9999.00,-9999.00,-9999.00,13.28,39.43,33.29,18.42,3.00,2.00,38.11,13.00,871.30,0.00,-9999.00,-9999.00,-9999.00,-9999.00,-9999.00,-9999.00,-9999.00,-9999.00,-9999.00,-9999.00,-9999.00,0,0,0
2022-07-01T00:33:40,40.765820,-111.909668,1306.10,-9999.00,-9999.00,-9999.00,13.29,39.42,33.28,18.42,2.00,2.00,38.11,13.00,871.00,0.00,-9999.00,-9999.00,-9999.00,-9999.00,-9999.00,-9999.00,-9999.00,-9999.00,-9999.00,-9999.00,-9999.00,0,0,0
2022-07-01T00:33:45,40.765816,-111.909668,1306.70,-9999.00,-9999.00,-9999.00,13.29,39.42,33.30,18.40,2.00,2.00,38.11,13.00,871.20,0.00,-9999.00,-9999.00,-9999.00,-9999.00,-9999.00,-9999.00,-9999.00,-9999.00,-9999.00,-9999.00,-9999.00,0,0,0
2022-07-01T00:33:50,40.765816,-111.909660,1307.30,-9999.00,-9999.00,-9999.00,13.28,39.42,33.30,18.41,-9999.00,-9999.00,-9999.00,-9999.00,-9999.00,-9999.00,-9999.00,-9999.00,-9999.00,-9999.00,-9999.00,-9999.00,-9999.00,-9999.00,-9999.00,-9999.00,-9999.00,0,0,0
2022-07-01T00:33:55,40.765816,-111.909653,1307.90,-9999.00,-9999.00,-9999.00,13.29,39.42,33.31,18.44,-9999.00,-9999.00,-9999.00,-9999.00,-9999.00,-9999.00,-9999.00,-9999.00,-9999.00,-9999.00,-9999.00,-9999.00,-9999.00,-9999.00,-9999.00,-9999.00,-9999.00,0,0,0
2022-07-01T00:34:00,40.765812,-111.909645,1308.50,-9999.00,-9999.00,-9999.00,13.28,39.42,33.30,18.42,-9999.00,-9999.00,-9999.00,-9999.00,-9999.00,-9999.00,-9999.00,-9999.00,-9999.00,-9999.00,-9999.00,-9999.00,-9999.00,-9999.00,-9999.00,-9999.00,-9999.00,0,0,0
2022-07-01T00:34:05,40.765800,-111.909637,1308.90,-9999.00,-9999.00,-9999.00,13.29,39.42,33.34,18.49,-9999.00,-9999.00,-9999.00,-9999.00,-9999.00,-9999.00,-9999.00,-9999.00,-9999.00,-9999.00,-9999.00,-9999.00,-9999.00,-9999.00,-9999.00,-9999.00,-9999.00,0,0,0
2022-07-01T00:34:10,40.765759,-111.909615,1308.70,-9999.00,-9999.00,-9999.00,13.29,39.42,33.30,18.47,-9999.00,-9999.00,-9999.00,-9999.00,-9999.00,-9999.00,-9999.00,-9999.00,-9999.00,-9999.00,-9999.00,-9999.00,-9999.00,-9999.00,-9999.00,-9999.00,-9999.00,0,0,0
2022-07-01T00:34:15,40.765743,-111.909615,1308.60,-9999.00,-9999.00,-9999.00,13.28,39.41,33.30,18.46,-9999.00,-9999.00,-9999.00,-9999.00,-9999.00,-9999.00,-9999.00,-9999.00,-9999.00,-9999.00,-9999.00,-9999.00,-9999.00,-9999.00,-9999.00,-9999.00,-9999.00,0,0,0
