Timestamp,Latitude,Longitude,Elevation,GPS_Speed,GPS_Direction,GPS_RMC_Valid,Battery_Voltage,Bus_Box_Temperature,Bus_Top_Temperature,Bus_Top_Relative_Humidity,ES642_PM2.5_Concentration,ES642_Air_Flow_Rate,ES642_Internal_Air_Temperature,ES642_Internal_Relative_Humidity,ES642_Internal_Air_Pressure,ES642_Error_Code,2B_Ozone_Concentration,2B_Air_Flow_Rate,2B_Internal_Air_Temperature,2B_Internal_Air_Pressure,2B405_NO_Concentration,2B405_NO2_Concentration,2B405_NOX_Concentration,2B405_Internal_Air_Temperature,2B405_Internal_Air_Pressure,2B405_Air_Flow_Rate,2B405_Cell_O3_Flow_Rate,PM2.5_Data_Flagged,Ozone_Data_Flagged,GPS_Data_Flagged
UTC,ddeg,ddeg,m,m/s,deg,binary,volts,degC,degC,%,ug/m3,L/min,degC,%,hpa,code,ppbv,L/min,degC,hpa,ppbv,ppbv,ppbv,degC,hpa,L/min,mL/min,binary,binary,binary
2022-04-06T13:12:10,-9999.000000,-9999.000000,-9999.00,-9999.00,-9999.00,-9999.00,14.01,1.08,0.10,50.88,-9999.00,-9999.00,-9999.00,-9999.00,-9999.00,-9999.00,-9999.00,-9999.00,-9999.00,-9999.00,-9999.00,-9999.00,-9999.00,-9999.00,-9999.00,-9999.00,-9999.00,0,0,1
2022-04-06T13:12:15,-9999.000000,-9999.000000,-9999.00,-9999.00,-9999.00,-9999.00,14.02,1.08,0.10,50.46,-9999.00,-9999.00,-9999.00,-9999.00,-9999.00,-9999.00,-9999.00,1.85,1.90,834.80,-9999.00,-9999.00,-9999.00,-9999.00,-9999.00,-9999.00,-9999.00,0,0,1
2022-04-06T13:12:20,-9999.000000,-9999.000000,-9999.00,-9999.00,-9999.00,-9999.00,14.02,1.08,0.10,50.06,-9999.00,-9999.00,-9999.00,-9999.00,-9999.00,-9999.00,-9999.00,1.85,2.00,834.90,-9999.00,-9999.00,-9999.00,-9999.00,-9999.00,-9999.00,-9999.00,0,0,1
2022-04-06T13:12:25,-9999.000000,-9999.000000,-9999.00,-9999.00,-9999.00,-9999.00,14.02,1.08,0.11,49.88,-9999.00,-9999.00,-9999.00,-9999.00,-9999.00,-9999.00,-9999.00,1.86,2.00,834.70,-9999.00,-9999.00,-9999.00,-9999.00,-9999.00,-9999.00,-9999.00,0,0,1
2022-04-06T13:12:30,-9999.000000,-9999.000000,-9999.00,-9999.00,-9999.00,-9999.00,14.03,1.08,0.11,49.69,-9999.00,-9999.00,-9999.00,-9999.00,-9999.00,-9999.00,-9999.00,1.86,2.10,834.40,-9999.00,-9999.00,-9999.00,-9999.00,-9999.00,-9999.00,-9999.00,0,0,1
2022-04-06T13:12:35,-9999.000000,-9999.000000,-9999.00,-9999.00,-9999.00,-9999.00,14.03,1.08,0.11,49.62,-9999.00,-9999.00,-9999.00,-9999.00,-9999.00,-9999.00,-9999.00,1.85,2.20,834.30,-9999.00,-9999.00,-9999.00,-9999.00,-9999.00,-9999.00,-9999.00,0,0,1
2022-04-06T13:12:40,-9999.000000,-9999.000000,-9999.00,-9999.00,-9999.00,-9999.00,14.03,1.08,0.10,49.59,-9999.00,-9999.00,-9999.00,-9999.00,-9999.00,-9999.00,-9999.00,1.87,2.20,834.20,-9999.00,-9999.00,-9999.00,-9999.00,-9999.00,-9999.00,-9999.00,0,0,1
2022-04-06T13:12:45,-9999.000000,-9999.000000,-9999.00,-9999.00,-9999.00,-9999.00,14.02,1.08,0.10,49.56,-9999.00,-9999.00,-9999.00,-9999.00,-9999.00,-9999.00,-9999.00,1.87,2.30,834.00,-9999.00,-9999.00,-9999.00,-9999.00,-9999.00,-9999.00,-9999.00,0,0,1
2022-04-06T13:12:50,-9999.000000,-9999.000000,-9999.00,-9999.00,-9999.00,-9999.00,14.03,1.08,0.10,49.55,-9999.00,-9999.00,-9999.00,-9999.00,-9999.00,-9999.00,-9999.00,1.88,2.40,834.00,-9999.00,-9999.00,-9999.00,-9999.00,-9999.00,-9999.00,-9999.00,0,0,1
2022-04-06T13:12:55,-9999.000000,-9999.000000,-9999.00,-9999.00,-9999.00,-9999.00,14.02,1.08,0.10,49.52,-9999.00,-9999.00,-9999.00,-9999.00,-9999.00,-9999.00,-9999.00,1.87,2.40,834.00,-9999.00,-9999.00,-9999.00,-9999.00,-9999.00,-9999.00,-9999.00,0,0,1
2022-04-06T13:13:00,40.765507,-111.909859,1385.90,-9999.00,-9999.00,-9999.00,14.03,1.08,0.10,49.42,-9999.00,-9999.00,-9999.00,-9999.00,-9999.00,-9999.00,-9999.00,1.88,2.50,833.70,-9999.00,-9999.00,-9999.00,-9999.00,-9999.00,-9999.00,-9999.00,0,0,1
2022-04-06T13:13:05,40.765461,-111.909843,1421.20,-9999.00,-9999.00,-9999.00,14.02,1.08,0.10,49.25,-9999.00,-9999.00,-9999.00,-9999.00,-9999.00,-9999.00,-9999.00,1.87,2.50,833.40,-9999.00,-9999.00,-9999.00,-9999.00,-9999.00,-9999.00,-9999.00,0,0,1
2022-04-06T13:13:10,40.765434,-111.909828,1447.20,-9999.00,-9999.00,-9999.00,14.02,1.08,0.16,49.21,7.00,2.00,-2.39,32.00,884.60,0.00,-9999.00,1.89,2.60,833.90,-9999.00,-9999.00,-9999.00,-9999.00,-9999.00,-9999.00,-9999.00,0,0,1
2022-04-06T13:13:15,40.765419,-111.909828,1453.80,-9999.00,-9999.00,-9999.00,14.02,1.07,0.14,49.19,6.00,2.00,-2.39,33.00,884.50,0.00,-9999.00,1.89,2.70,833.90,-9999.00,-9999.00,-9999.00,-9999.00,-9999.00,-9999.00,-9999.00,0,0,1
2022-04-06T13:13:20,40.765411,-111.909813,1455.50,-9999.00,-9999.00,-9999.00,14.02,1.07,0.10,49.11,5.00,2.00,-2.39,33.00,884.70,0.00,-9999.00,1.88,2.70,833.10,-9999.00,-9999.00,-9999.00,-9999.00,-9999.00,-9999.00,-9999.00,0,0,1
2022-04-06T13:13:25,40.765408,-111.909805,1456.10,-9999.00,-9999.00,-9999.00,14.02,1.07,0.11,49.11,5.00,2.00,-2.39,33.00,884.60,0.00,-9999.00,1.89,2.80,833.00,-9999.00,-9999.00,-9999.00,-9999.00,-9999.00,-9999.00,-9999.00,0,0,1
2022-04-06T13:13:30,40.765404,-111.909805,1456.90,-9999.00,-9999.00,-9999.00,14.02,1.07,0.10,49.13,7.00,2.00,-2.39,34.00,884.50,0.00,-9999.00,1.86,2.80,833.80,-9999.00,-9999.00,-9999.00,-9999.00,-9999.00,-9999.00,-9999.00,0,0,1
2022-04-06T13:13:35,40.765446,-111.909813,1450.00,-9999.00,-9999.00,-9999.00,14.02,1.07,0.12,49.14,6.00,2.00,-2.39,34.00,884.60,0.00,-9999.00,1.89,2.90,833.70,-9999.00,-9999.00,-9999.00,-9999.00,-9999.00,-9999.00,-9999.00,0,0,1
2022-04-06T13:13:40,40.765480,-111.909843,1439.40,-9999.00,-9999.00,-9999.00,14.02,1.07,0.10,49.11,8.00,2.00,-2.39,34.00,884.60,0.00,-9999.00,1.88,2.90,832.40,-9999.00,-9999.00,-9999.00,-9999.00,-9999.00,-9999.00,-9999.00,0,0,1
2022-04-06T13:13:45,40.765499,-111.909851,1434.90,-9999.00,-9999.00,-9999.00,14.02,1.07,0.11,49.13,8.00,2.00,-2.39,34.00,884.80,0.00,-9999.00,1.87,3.00,832.50,-9999.00,-9999.00,-9999.00,-9999.00,-9999.00,-9999.00,-9999.00,0,0,1
2022-04-06T13:13:50,40.765533,-111.909851,1431.30,-9999.00,-9999.00,-9999.00,14.02,1.07,0.12,49.15,11.00,2.00,-2.39,35.00,884.60,0.00,-9999.00,1.87,3.10,833.60,-9999.00,-9999.00,-9999.00,-9999.00,-9999.00,-9999.00,-9999.00,0,0,1
2022-04-06T13:13:55,40.765606,-111.909821,1427.60,-9999.00,-9999.00,-9999.00,14.02,1.07,0.12,49.15,11.00,2.00,-2.39,35.00,884.60,0.00,-9999.00,1.90,3.10,833.60,-9999.00,-9999.00,-9999.00,-9999.00,-9999.00,-9999.00,-9999.00,0,0,1
2022-04-06T13:14:00,40.765629,-111.909798,1422.50,-9999.00,-9999.00,-9999.00,14.02,1.07,0.12,49.17,12.00,2.00,-2.39,35.00,884.80,0.00,-9999.00,1.89,3.20,831.90,-9999.00,-9999.00,-9999.00,-9999.00,-9999.00,-9999.00,-9999.00,0,0,1
2022-04-06T13:14:05,40.765629,-111.909775,1418.80,-9999.00,-9999.00,-9999.00,14.02,1.07,0.12,49.19,11.00,2.00,-2.39,35.00,884.60,0.00,-9999.00,1.89,3.20,831.60,-9999.00,-9999.00,-9999.00,-9999.00,-9999.00,-9999.00,-9999.00,0,0,1
2022-04-06T13:14:10,40.765579,-111.909760,1421.20,-9999.00,-9999.00,-9999.00,14.02,1.07,0.12,49.19,9.00,2.00,-2.39,36.00,884.50,0.00,-9999.00,1.89,3.30,833.60,-9999.00,-9999.00,-9999.00,-9999.00,-9999.00,-9999.00,-9999.00,0,0,1
2022-04-06T13:14:15,40.765522,-111.909744,1427.00,-9999.00,-9999.00,-9999.00,14.02,1.07,0.12,49.23,10.00,2.00,-2.39,36.00,884.80,0.00,-9999.00,1.89,3.30,833.50,-9999.00,-9999.00,-9999.00,-9999.00,-9999.00,-9999.00,-9999.00,0,0,1
2022-04-06T13:14:20,40.765488,-111.909737,1430.30,-9999.00,-9999.00,-9999.00,14.02,1.07,0.14,49.36,9.00,2.00,-2.39,36.00,884.50,0.00,-9999.00,1.88,3.40,831.40,-9999.00,-9999.00,-9999.00,-9999.00,-9999.00,-9999.00,-9999.00,0,0,1
2022-04-06T13:14:25,40.765457,-111.909737,1431.60,-9999.00,-9999.00,-9999.00,14.02,1.07,0.12,49.43,10.00,2.00,-2.50,36.00,884.80,0.00,-9999.00,1.91,3.40,831.10,-9999.00,-9999.00,-9999.00,-9999.00,-9999.00,-9999.00,-9999.00,0,0,1
2022-04-06T13:14:30,40.765430,-111.909729,1432.70,-9999.00,-9999.00,-9999.00,14.02,1.07,0.14,49.37,8.00,2.00,-2.39,36.00,884.60,0.00,-9999.00,1.89,3.50,833.50,-9999.00,-9999.00,-9999.00,-9999.00,-9999.00,-9999.00,-9999.00,0,0,1
2022-04-06T13:14:35,40.765423,-111.909721,1433.70,-9999.00,-9999.00,-9999.00,14.02,1.07,0.12,49.21,7.00,2.00,-2.39,36.00,884.70,0.00,-9999.00,1.90,3.50,833.50,-9999.00,-9999.00,-9999.00,-9999.00,-9999.00,-9999.00,-9999.00,0,0,1
2022-04-06T13:14:40,40.765427,-111.909721,1434.30,-9999.00,-9999.00,-9999.00,14.02,1.07,0.13,49.16,7.00,2.00,-2.50,36.00,884.70,0.00,-9999.00,1.89,3.60,831.00,-9999.00,-9999.00,-9999.00,-9999.00,-9999.00,-9999.00,-9999.00,0,0,1
2022-04-06T13:14:45,40.765484,-111.909706,1432.80,-9999.00,-9999.00,-9999.00,14.02,1.07,0.14,49.16,7.00,2.00,-2.39,37.00,884.60,0.00,-9999.00,1.89,3.60,831.00,-9999.00,-9999.00,-9999.00,-9999.00,-9999.00,-9999.00,-9999.00,0,0,1
2022-04-06T13:14:50,40.765537,-111.909676,1438.20,-9999.00,-9999.00,-9999.00,14.02,1.07,0.14,49.11,6.00,2.00,-2.50,37.00,884.60,0.00,-9999.00,1.90,3.70,833.40,-9999.00,-9999.00,-9999.00,-9999.00,-9999.00,-9999.00,-9999.00,0,0,1
2022-04-06T13:14:55,40.765591,-111.909645,1446.80,-9999.00,-9999.00,-9999.00,14.02,1.07,0.15,49.08,6.00,2.00,-2.39,37.00,884.60,0.00,-9999.00,1.90,3.70,833.40,-9999.00,-9999.00,-9999.00,-9999.00,-9999.00,-9999.00,-9999.00,0,0,1
2022-04-06T13:15:00,40.765663,-111.909637,1448.10,-9999.00,-9999.00,-9999.00,14.02,1.07,0.16,49.02,7.00,2.00,-2.39,37.00,884.90,0.00,-9999.00,1.89,3.80,830.60,-9999.00,-9999.00,-9999.00,-9999.00,-9999.00,-9999.00,-9999.00,0,0,1
2022-04-06T13:15:05,40.765701,-111.909660,1447.90,-9999.00,-9999.00,-9999.00,14.02,1.07,0.16,48.94,7.00,2.00,-2.39,37.00,884.80,0.00,-9999.00,1.89,3.80,830.70,-9999.00,-9999.00,-9999.00,-9999.00,-9999.00,-9999.00,-9999.00,0,0,1
2022-04-06T13:15:10,40.765717,-111.909691,1447.90,-9999.00,-9999.00,-9999.00,14.02,1.06,0.14,48.88,8.00,2.00,-2.50,37.00,884.50,0.00,-9999.00,1.90,3.90,833.20,-9999.00,-9999.00,-9999.00,-9999.00,-9999.00,-9999.00,-9999.00,0,0,1
2022-04-06T13:15:15,40.765720,-111.909691,1448.30,-9999.00,-9999.00,-9999.00,14.02,1.06,0.14,48.84,10.00,2.00,-2.50,37.00,884.60,0.00,-9999.00,1.89,4.00,833.30,-9999.00,-9999.00,-9999.00,-9999.00,-9999.00,-9999.00,-9999.00,0,0,1
2022-04-06T13:15:20,40.765724,-111.909683,1448.20,-9999.00,-9999.00,-9999.00,14.02,1.06,0.16,48.79,9.00,2.00,-2.50,37.00,884.80,0.00,-9999.00,1.89,4.00,830.40,-9999.00,-9999.00,-9999.00,-9999.00,-9999.00,-9999.00,-9999.00,0,0,1
2022-04-06T13:15:25,40.765720,-111.909691,1448.10,-9999.00,-9999.00,-9999.00,14.02,1.06,0.15,48.71,8.00,2.00,-2.50,37.00,884.70,0.00,-9999.00,1.90,4.00,830.30,-9999.00,-9999.00,-9999.00,-9999.00,-9999.00,-9999.00,-9999.00,0,0,1
2022-04-06T13:15:30,40.765713,-111.909683,1448.00,-9999.00,-9999.00,-9999.00,14.02,1.06,0.17,48.67,7.00,2.00,-2.39,38.00,884.70,0.00,-9999.00,1.91,4.10,833.30,-9999.00,-9999.00,-9999.00,-9999.00,-9999.00,-9999.00,-9999.00,0,0,1
2022-04-06T13:15:35,40.765682,-111.909660,1447.60,-9999.00,-9999.00,-9999.00,14.02,1.06,0.19,48.70,8.00,2.00,-2.50,38.00,884.70,0.00,-9999.00,1.90,4.20,833.20,-9999.00,-9999.00,-9999.00,-9999.00,-9999.00,-9999.00,-9999.00,0,0,1
2022-04-06T13:15:40,40.765690,-111.909584,1442.40,-9999.00,-9999.00,-9999.00,14.02,1.06,0.15,48.59,10.00,2.00,-2.50,38.00,884.70,0.00,-9999.00,1.92,4.20,830.10,-9999.00,-9999.00,-9999.00,-9999.00,-9999.00,-9999.00,-9999.00,0,0,1
2022-04-06T13:15:45,40.765732,-111.909500,1386.30,-9999.00,-9999.00,-9999.00,14.02,1.06,0.17,48.61,8.00,2.00,-2.50,38.00,884.80,0.00,-9999.00,1.90,4.20,830.00,-9999.00,-9999.00,-9999.00,-9999.00,-9999.00,-9999.00,-9999.00,0,0,1
2022-04-06T13:15:50,40.765709,-111.909462,1364.10,-9999.00,-9999.00,-9999.00,14.02,1.06,0.17,48.63,8.00,2.00,-2.50,38.00,884.80,0.00,-9999.00,1.89,4.30,833.00,-9999.00,-9999.00,-9999.00,-9999.00,-9999.00,-9999.00,-9999.00,0,0,1
2022-04-06T13:15:55,40.765652,-111.909431,1354.00,-9999.00,-9999.00,-9999.00,14.02,1.06,0.17,48.63,9.00,2.00,-2.50,38.00,884.70,0.00,-9999.00,1.90,4.30,833.10,-9999.00,-9999.00,-9999.00,-9999.00,-9999.00,-9999.00,-9999.00,0,0,1
2022-04-06T13:16:00,40.765572,-111.909424,1347.10,-9999.00,-9999.00,-9999.00,14.02,1.06,0.17,48.59,8.00,2.00,-2.50,38.00,884.50,0.00,-9999.00,1.90,4.40,829.80,-9999.00,-9999.00,-9999.00,-9999.00,-9999.00,-9999.00,-9999.00,0,0,1
2022-04-06T13:16:05,40.765469,-111.909424,1338.10,-9999.00,-9999.00,-9999.00,14.02,1.06,0.17,48.51,8.00,2.00,-2.39,38.00,884.50,0.00,-9999.00,1.91,4.40,832.90,-9999.00,-9999.00,-9999.00,-9999.00,-9999.00,-9999.00,-9999.00,0,0,1
2022-04-06T13:16:10,40.765347,-111.909462,1331.90,-9999.00,-9999.00,-9999.00,14.02,1.06,0.17,48.39,9.00,2.00,-2.50,38.00,884.50,0.00,-9999.00,1.91,4.50,833.00,-9999.00,-9999.00,-9999.00,-9999.00,-9999.00,-9999.00,-9999.00,0,0,1
2022-04-06T13:16:15,40.765320,-111.909523,1327.00,-9999.00,-9999.00,-9999.00,14.02,1.06,0.17,48.33,8.00,2.00,-2.50,39.00,884.80,0.00,-9999.00,1.91,4.50,833.00,-9999.00,-9999.00,-9999.00,-9999.00,-9999.00,-9999.00,-9999.00,0,0,1
2022-04-06T13:16:20,40.765320,-111.909523,1325.90,-9999.00,-9999.00,-9999.00,14.02,1.06,0.17,48.33,10.00,2.00,-2.50,39.00,884.80,0.00,-9999.00,1.90,4.60,829.70,-9999.00,-9999.00,-9999.00,-9999.00,-9999.00,-9999.00,-9999.00,0,0,1
2022-04-06T13:16:25,40.765320,-111.909515,1325.80,-9999.00,-9999.00,-9999.00,14.02,1.06,0.17,48.27,12.00,2.00,-2.50,39.00,884.70,0.00,-9999.00,1.91,4.60,829.80,-9999.00,-9999.00,-9999.00,-9999.00,-9999.00,-9999.00,-9999.00,0,0,1
2022-04-06T13:16:30,40.765324,-111.909492,1323.20,-9999.00,-9999.00,-9999.00,14.02,1.06,0.17,48.23,12.00,2.00,-2.50,39.00,884.60,0.00,-9999.00,1.91,4.70,832.90,-9999.00,-9999.00,-9999.00,-9999.00,-9999.00,-9999.00,-9999.00,0,0,1
2022-04-06T13:16:35,40.765331,-111.909462,1320.80,-9999.00,-9999.00,-9999.00,14.02,1.06,0.17,48.21,10.00,2.00,-2.50,39.00,884.80,0.00,-9999.00,1.91,4.70,832.90,-9999.00,-9999.00,-9999.00,-9999.00,-9999.00,-9999.00,-9999.00,0,0,1
2022-04-06T13:16:40,40.765335,-111.909424,1319.20,-9999.00,-9999.00,-9999.00,14.02,1.06,0.17,48.21,11.00,2.00,-2.50,39.00,884.80,0.00,-9999.00,1.91,4.70,829.30,-9999.00,-9999.00,-9999.00,-9999.00,-9999.00,-9999.00,-9999.00,0,0,1
2022-04-06T13:16:45,40.765339,-111.909409,1317.00,-9999.00,-9999.00,-9999.00,14.02,1.06,0.17,48.21,9.00,2.00,-2.50,39.00,884.60,0.00,-9999.00,1.91,4.80,829.00,-9999.00,-9999.00,-9999.00,-9999.00,-9999.00,-9999.00,-9999.00,0,0,1
2022-04-06T13:16:50,40.765339,-111.909409,1316.60,-9999.00,-9999.00,-9999.00,14.02,1.06,0.19,48.21,10.00,2.00,-2.50,39.00,884.80,0.00,-9999.00,1.90,4.90,832.90,-9999.00,-9999.00,-9999.00,-9999.00,-9999.00,-9999.00,-9999.00,0,0,1
2022-04-06T13:16:55,40.765335,-111.909401,1316.50,-9999.00,-9999.00,-9999.00,14.02,1.06,0.19,48.17,10.00,2.00,-2.50,39.00,884.50,0.00,-9999.00,1.91,4.90,832.80,-9999.00,-9999.00,-9999.00,-9999.00,-9999.00,-9999.00,-9999.00,0,0,1
2022-04-06T13:17:00,40.765335,-111.909401,1315.30,-9999.00,-9999.00,-9999.00,14.02,1.06,0.19,48.11,10.00,2.00,-2.50,39.00,884.60,0.00,-9999.00,1.90,4.90,829.20,-9999.00,-9999.00,-9999.00,-9999.00,-9999.00,-9999.00,-9999.00,0,0,1
2022-04-06T13:17:05,40.765335,-111.909401,1315.20,-9999.00,-9999.00,-9999.00,14.02,1.07,0.19,47.95,9.00,2.00,-2.50,39.00,884.80,0.00,-9999.00,1.90,5.00,829.10,-9999.00,-9999.00,-9999.00,-9999.00,-9999.00,-9999.00,-9999.00,0,0,1
2022-04-06T13:17:10,40.765335,-111.909393,1315.20,-9999.00,-9999.00,-9999.00,14.02,1.07,0.20,47.86,9.00,2.00,-2.50,39.00,884.60,0.00,-9999.00,1.91,5.00,832.90,-9999.00,-9999.00,-9999.00,-9999.00,-9999.00,-9999.00,-9999.00,0,0,1
2022-04-06T13:17:15,40.765335,-111.909393,1315.20,-9999.00,-9999.00,-9999.00,14.02,1.07,0.19,47.81,11.00,2.00,-2.50,39.00,884.50,0.00,-9999.00,1.92,5.10,832.90,-9999.00,-9999.00,-9999.00,-9999.00,-9999.00,-9999.00,-9999.00,0,0,1
2022-04-06T13:17:20,40.765331,-111.909363,1314.40,-9999.00,-9999.00,-9999.00,14.02,1.07,0.19,47.80,10.00,2.00,-2.39,39.00,884.60,0.00,-9999.00,1.91,5.10,829.10,-9999.00,-9999.00,-9999.00,-9999.00,-9999.00,-9999.00,-9999.00,0,0,1
2022-04-06T13:17:25,40.765324,-111.909355,1314.20,-9999.00,-9999.00,-9999.00,14.01,1.07,0.19,47.90,12.00,2.00,-2.50,39.00,884.50,0.00,-9999.00,1.91,5.10,828.60,-9999.00,-9999.00,-9999.00,-9999.00,-9999.00,-9999.00,-9999.00,0,0,1
2022-04-06T13:17:30,40.765320,-111.909332,1314.30,-9999.00,-9999.00,-9999.00,14.02,1.07,0.19,48.61,11.00,2.00,-2.50,39.00,884.70,0.00,-9999.00,1.92,5.20,832.70,-9999.00,-9999.00,-9999.00,-9999.00,-9999.00,-9999.00,-9999.00,0,0,1
2022-04-06T13:17:35,40.765308,-111.909294,1314.50,-9999.00,-9999.00,-9999.00,14.01,1.07,0.20,58.74,14.00,2.00,-2.50,40.00,884.60,0.00,-9999.00,1.92,5.30,832.60,-9999.00,-9999.00,-9999.00,-9999.00,-9999.00,-9999.00,-9999.00,0,0,1
2022-04-06T13:17:40,40.765293,-111.909279,1314.90,-9999.00,-9999.00,-9999.00,14.02,1.07,0.21,65.55,14.00,2.00,-2.50,40.00,884.50,0.00,-9999.00,1.92,5.30,828.60,-9999.00,-9999.00,-9999.00,-9999.00,-9999.00,-9999.00,-9999.00,0,0,1
2022-04-06T13:17:45,40.765282,-111.909279,1315.10,-9999.00,-9999.00,-9999.00,14.02,1.07,0.29,67.39,16.00,2.00,-2.50,40.00,884.50,0.00,-9999.00,1.90,5.30,828.90,-9999.00,-9999.00,-9999.00,-9999.00,-9999.00,-9999.00,-9999.00,0,0,1
2022-04-06T13:17:50,40.765270,-111.909279,1315.20,-9999.00,-9999.00,-9999.00,14.02,1.07,0.35,67.05,23.00,2.00,-2.50,40.00,884.80,0.00,-9999.00,1.92,5.40,832.60,-9999.00,-9999.00,-9999.00,-9999.00,-9999.00,-9999.00,-9999.00,0,0,1
2022-04-06T13:17:55,40.765263,-111.909203,1315.10,-9999.00,-9999.00,-9999.00,14.02,1.07,0.47,65.01,21.00,2.00,-2.50,40.00,884.50,0.00,-9999.00,1.90,5.40,832.60,-9999.00,-9999.00,-9999.00,-9999.00,-9999.00,-9999.00,-9999.00,0,0,1
2022-04-06T13:18:00,40.765274,-111.909157,1315.20,-9999.00,-9999.00,-9999.00,14.02,1.07,0.56,64.16,17.00,2.00,-2.50,40.00,884.80,0.00,-9999.00,1.91,5.50,828.90,-9999.00,-9999.00,-9999.00,-9999.00,-9999.00,-9999.00,-9999.00,0,0,1
2022-04-06T13:18:05,40.765278,-111.909142,1315.20,-9999.00,-9999.00,-9999.00,14.02,1.07,0.61,62.57,16.00,2.00,-2.50,40.00,884.60,0.00,-9999.00,1.92,5.50,828.50,-9999.00,-9999.00,-9999.00,-9999.00,-9999.00,-9999.00,-9999.00,0,0,1
2022-04-06T13:18:10,40.765270,-111.909134,1315.20,-9999.00,-9999.00,-9999.00,14.02,1.07,0.71,62.12,15.00,2.00,-2.50,41.00,884.80,0.00,-9999.00,1.92,5.60,832.40,-9999.00,-9999.00,-9999.00,-9999.00,-9999.00,-9999.00,-9999.00,0,0,1
2022-04-06T13:18:15,40.765266,-111.909126,1315.30,-9999.00,-9999.00,-9999.00,14.02,1.07,0.81,62.89,15.00,2.00,-2.39,41.00,884.50,0.00,-9999.00,1.92,5.60,832.50,-9999.00,-9999.00,-9999.00,-9999.00,-9999.00,-9999.00,-9999.00,0,0,1
2022-04-06T13:18:20,40.765259,-111.909119,1315.30,-9999.00,-9999.00,-9999.00,14.02,1.07,0.91,63.76,16.00,2.00,-2.50,41.00,884.50,0.00,-9999.00,1.92,5.60,828.70,-9999.00,-9999.00,-9999.00,-9999.00,-9999.00,-9999.00,-9999.00,0,0,1
2022-04-06T13:18:25,40.765251,-111.909096,1315.20,-9999.00,-9999.00,-9999.00,14.02,1.07,0.99,64.40,17.00,2.00,-2.50,42.00,884.50,0.00,-9999.00,1.93,5.70,828.40,-9999.00,-9999.00,-9999.00,-9999.00,-9999.00,-9999.00,-9999.00,0,0,1
2022-04-06T13:18:30,40.765251,-111.909088,1315.20,-9999.00,-9999.00,-9999.00,14.02,1.08,1.07,65.07,17.00,2.00,-2.50,42.00,884.50,0.00,-9999.00,1.93,5.70,832.40,-9999.00,-9999.00,-9999.00,-9999.00,-9999.00,-9999.00,-9999.00,0,0,1
2022-04-06T13:18:40,40.765240,-111.909065,1315.20,-9999.00,-9999.00,-9999.00,14.02,1.08,1.21,64.32,19.00,2.00,-2.50,43.00,884.70,0.00,-9999.00,1.92,5.80,828.20,-9999.00,-9999.00,-9999.00,-9999.00,-9999.00,-9999.00,-9999.00,0,0,1
2022-04-06T13:18:45,40.765228,-111.909058,1315.20,-9999.00,-9999.00,-9999.00,14.02,1.08,1.27,64.17,18.00,2.00,-2.50,43.00,884.50,0.00,-9999.00,1.91,5.90,832.30,-9999.00,-9999.00,-9999.00,-9999.00,-9999.00,-9999.00,-9999.00,0,0,1
2022-04-06T13:18:50,40.765221,-111.909058,1315.20,-9999.00,-9999.00,-9999.00,14.02,1.08,1.35,62.99,18.00,2.00,-2.50,43.00,884.60,0.00,-9999.00,1.91,5.90,832.50,-9999.00,-9999.00,-9999.00,-9999.00,-9999.00,-9999.00,-9999.00,0,0,1
2022-04-06T13:18:55,40.765232,-111.909096,1315.10,-9999.00,-9999.00,-9999.00,14.02,1.08,1.42,61.05,17.00,2.00,-2.50,43.00,884.70,0.00,-9999.00,1.93,5.90,828.30,-9999.00,-9999.00,-9999.00,-9999.00,-9999.00,-9999.00,-9999.00,0,0,1
2022-04-06T13:19:00,40.765232,-111.909096,1315.10,-9999.00,-9999.00,-9999.00,14.02,1.08,1.50,59.73,15.00,2.00,-2.39,44.00,884.80,0.00,-9999.00,1.93,5.90,828.00,-9999.00,-9999.00,-9999.00,-9999.00,-9999.00,-9999.00,-9999.00,0,0,1
2022-04-06T13:19:05,40.765228,-111.909096,1315.10,-9999.00,-9999.00,-9999.00,14.02,1.08,1.56,58.89,16.00,2.00,-2.50,44.00,884.80,0.00,1.00,1.93,6.00,832.20,-9999.00,-9999.00,-9999.00,-9999.00,-9999.00,-9999.00,-9999.00,0,0,1
2022-04-06T13:19:10,40.765221,-111.909103,1315.10,-9999.00,-9999.00,-9999.00,14.02,1.08,1.62,58.46,13.00,2.00,-2.39,44.00,884.50,0.00,1.30,1.93,6.10,832.40,-9999.00,-9999.00,-9999.00,-9999.00,-9999.00,-9999.00,-9999.00,0,0,1
2022-04-06T13:19:15,40.765213,-111.909111,1315.10,-9999.00,-9999.00,-9999.00,14.02,1.09,1.68,58.48,14.00,2.00,-2.39,44.00,884.70,0.00,-1.80,1.93,6.10,828.00,-9999.00,-9999.00,-9999.00,-9999.00,-9999.00,-9999.00,-9999.00,0,0,1
2022-04-06T13:19:20,40.765202,-111.909126,1315.10,-9999.00,-9999.00,-9999.00,14.02,1.09,1.76,58.48,13.00,2.00,-2.39,45.00,884.60,0.00,-3.80,1.92,6.10,827.50,-9999.00,-9999.00,-9999.00,-9999.00,-9999.00,-9999.00,-9999.00,0,0,1
2022-04-06T13:19:25,40.765194,-111.909142,1315.20,-9999.00,-9999.00,-9999.00,14.02,1.09,1.84,58.21,14.00,2.00,-2.39,45.00,884.50,0.00,0.80,1.92,6.20,832.20,-9999.00,-9999.00,-9999.00,-9999.00,-9999.00,-9999.00,-9999.00,0,0,1
2022-04-06T13:19:30,40.765186,-111.909157,1315.30,-9999.00,-9999.00,-9999.00,14.02,1.09,1.88,57.04,14.00,2.00,-2.39,45.00,884.50,0.00,4.30,1.93,6.20,832.30,-9999.00,-9999.00,-9999.00,-9999.00,-9999.00,-9999.00,-9999.00,0,0,1
2022-04-06T13:19:35,40.765179,-111.909180,1315.50,-9999.00,-9999.00,-9999.00,14.02,1.09,1.96,55.92,14.00,2.00,-2.39,45.00,884.50,0.00,-1.60,1.92,6.20,827.10,-9999.00,-9999.00,-9999.00,-9999.00,-9999.00,-9999.00,-9999.00,0,0,1
2022-04-06T13:19:40,40.765171,-111.909187,1315.70,-9999.00,-9999.00,-9999.00,14.02,1.09,2.04,55.61,14.00,2.00,-2.39,45.00,884.60,0.00,2.50,1.93,6.30,827.50,-9999.00,-9999.00,-9999.00,-9999.00,-9999.00,-9999.00,-9999.00,0,0,1
2022-04-06T13:19:45,40.765163,-111.909203,1315.80,-9999.00,-9999.00,-9999.00,14.02,1.10,2.10,55.39,16.00,2.00,-2.39,46.00,884.70,0.00,-5.30,1.94,6.30,832.20,-9999.00,-9999.00,-9999.00,-9999.00,-9999.00,-9999.00,-9999.00,0,0,1
2022-04-06T13:19:50,40.765163,-111.909210,1315.90,-9999.00,-9999.00,-9999.00,14.02,1.10,2.14,54.92,14.00,2.00,-2.39,46.00,884.70,0.00,5.50,1.93,6.30,832.40,-9999.00,-9999.00,-9999.00,-9999.00,-9999.00,-9999.00,-9999.00,0,0,1
2022-04-06T13:19:55,40.765167,-111.909225,1316.00,-9999.00,-9999.00,-9999.00,14.02,1.10,2.18,54.58,14.00,2.00,-2.39,46.00,884.70,0.00,-6.00,1.93,6.40,826.60,-9999.00,-9999.00,-9999.00,-9999.00,-9999.00,-9999.00,-9999.00,0,0,1
2022-04-06T13:20:00,40.765163,-111.909233,1316.10,-9999.00,-9999.00,-9999.00,14.02,1.10,2.24,55.13,13.00,2.00,-2.39,46.00,884.60,0.00,3.20,1.91,6.40,827.50,-9999.00,-9999.00,-9999.00,-9999.00,-9999.00,-9999.00,-9999.00,0,0,1
2022-04-06T13:20:05,40.765167,-111.909233,1316.10,-9999.00,-9999.00,-9999.00,14.02,1.11,2.28,56.00,13.00,2.00,-2.39,46.00,884.80,0.00,7.20,1.93,6.30,831.90,-9999.00,-9999.00,-9999.00,-9999.00,-9999.00,-9999.00,-9999.00,0,0,1
2022-04-06T13:20:10,40.765179,-111.909233,1316.10,-9999.00,-9999.00,-9999.00,14.02,1.11,2.32,57.01,15.00,2.00,-2.39,46.00,884.80,0.00,7.40,1.92,6.50,832.20,-9999.00,-9999.00,-9999.00,-9999.00,-9999.00,-9999.00,-9999.00,0,0,1
2022-04-06T13:20:15,40.765190,-111.909225,1316.00,-9999.00,-9999.00,-9999.00,14.02,1.11,2.35,57.90,15.00,2.00,-2.39,46.00,884.80,0.00,-5.80,1.93,6.60,827.10,-9999.00,-9999.00,-9999.00,-9999.00,-9999.00,-9999.00,-9999.00,0,0,1
2022-04-06T13:20:20,40.765221,-111.909195,1315.90,-9999.00,-9999.00,-9999.00,14.02,1.11,2.38,58.08,16.00,2.00,-2.28,46.00,884.70,0.00,2.10,1.93,6.60,826.90,-9999.00,-9999.00,-9999.00,-9999.00,-9999.00,-9999.00,-9999.00,0,0,1
2022-04-06T13:20:25,40.765247,-111.909157,1315.80,-9999.00,-9999.00,-9999.00,14.02,1.12,2.41,57.90,19.00,2.00,-2.28,46.00,884.50,0.00,1.50,1.93,6.60,832.20,-9999.00,-9999.00,-9999.00,-9999.00,-9999.00,-9999.00,-9999.00,0,0,1
2022-04-06T13:20:30,40.765259,-111.909126,1315.70,-9999.00,-9999.00,-9999.00,14.02,1.12,2.44,57.59,18.00,2.00,-2.28,46.00,884.80,0.00,-9999.00,1.93,6.70,832.20,-9999.00,-9999.00,-9999.00,-9999.00,-9999.00,-9999.00,-9999.00,0,0,1
2022-04-06T13:20:35,40.765266,-111.909111,1315.80,-9999.00,-9999.00,-9999.00,14.02,1.12,2.49,57.87,17.00,2.00,-2.28,46.00,884.60,0.00,-9999.00,1.92,6.70,827.00,-9999.00,-9999.00,-9999.00,-9999.00,-9999.00,-9999.00,-9999.00,0,0,1
2022-04-06T13:20:40,40.765285,-111.909088,1315.80,-9999.00,-9999.00,-9999.00,14.02,1.12,2.54,56.58,18.00,2.00,-2.28,46.00,884.60,0.00,-9999.00,1.92,6.70,826.60,-9999.00,-9999.00,-9999.00,-9999.00,-9999.00,-9999.00,-9999.00,0,0,1
2022-04-06T13:20:45,40.765289,-111.909065,1315.90,-9999.00,-9999.00,-9999.00,14.02,1.13,2.58,54.01,19.00,2.00,-2.28,46.00,884.70,0.00,-3.20,1.92,6.80,831.90,-9999.00,-9999.00,-9999.00,-9999.00,-9999.00,-9999.00,-9999.00,0,0,1
2022-04-06T13:20:50,40.765289,-111.909050,1315.90,-9999.00,-9999.00,-9999.00,14.02,1.13,2.62,53.74,18.00,2.00,-2.28,46.00,884.70,0.00,0.70,1.93,6.80,832.10,-9999.00,-9999.00,-9999.00,-9999.00,-9999.00,-9999.00,-9999.00,0,0,1
2022-04-06T13:20:55,40.765278,-111.909050,1316.10,-9999.00,-9999.00,-9999.00,14.02,1.13,2.69,55.04,17.00,2.00,-2.22,46.00,884.60,0.00,5.50,1.93,6.90,826.40,-9999.00,-9999.00,-9999.00,-9999.00,-9999.00,-9999.00,-9999.00,0,0,1
2022-04-06T13:21:00,40.765266,-111.909042,1316.30,-9999.00,-9999.00,-9999.00,14.02,1.14,2.73,55.24,15.00,2.00,-2.22,47.00,884.50,0.00,2.90,1.92,6.90,826.80,-9999.00,-9999.00,-9999.00,-9999.00,-9999.00,-9999.00,-9999.00,0,0,1
2022-04-06T13:21:05,40.765255,-111.909035,1316.60,-9999.00,-9999.00,-9999.00,14.02,1.14,2.74,55.24,16.00,2.00,-2.22,47.00,884.80,0.00,-5.20,1.94,6.90,832.10,-9999.00,-9999.00,-9999.00,-9999.00,-9999.00,-9999.00,-9999.00,0,0,1
2022-04-06T13:21:10,40.765228,-111.909035,1316.60,-9999.00,-9999.00,-9999.00,14.02,1.14,2.80,55.30,15.00,2.00,-2.22,47.00,884.80,0.00,-0.40,1.96,7.00,832.10,-9999.00,-9999.00,-9999.00,-9999.00,-9999.00,-9999.00,-9999.00,0,0,1
2022-04-06T13:21:15,40.765202,-111.909019,1316.50,-9999.00,-9999.00,-9999.00,14.02,1.15,2.84,54.29,15.00,2.00,-2.22,47.00,884.60,0.00,0.40,1.93,7.00,826.40,-9999.00,-9999.00,-9999.00,-9999.00,-9999.00,-9999.00,-9999.00,0,0,1
2022-04-06T13:21:20,40.765186,-111.908997,1316.30,-9999.00,-9999.00,-9999.00,14.02,1.15,2.90,53.02,15.00,2.00,-2.22,47.00,884.90,0.00,2.70,1.94,7.00,827.00,-9999.00,-9999.00,-9999.00,-9999.00,-9999.00,-9999.00,-9999.00,0,0,1
2022-04-06T13:21:25,40.765182,-111.908974,1316.20,-9999.00,-9999.00,-9999.00,14.02,1.15,2.94,52.65,14.00,2.00,-2.22,47.00,884.80,0.00,0.70,1.93,7.10,831.50,-9999.00,-9999.00,-9999.00,-9999.00,-9999.00,-9999.00,-9999.00,0,0,1
2022-04-06T13:21:30,40.765171,-111.908951,1316.30,-9999.00,-9999.00,-9999.00,14.02,1.16,2.98,52.95,14.00,2.00,-2.11,47.00,884.90,0.00,-1.10,1.94,7.10,832.00,-9999.00,-9999.00,-9999.00,-9999.00,-9999.00,-9999.00,-9999.00,0,0,1
2022-04-06T13:21:35,40.765148,-111.908920,1316.40,-9999.00,-9999.00,-9999.00,14.02,1.16,3.04,53.39,14.00,2.00,-2.11,47.00,884.70,0.00,2.40,1.93,7.10,826.50,-9999.00,-9999.00,-9999.00,-9999.00,-9999.00,-9999.00,-9999.00,0,0,1
2022-04-06T13:21:40,40.765133,-111.908890,1316.40,-9999.00,-9999.00,-9999.00,14.02,1.17,3.08,53.47,14.00,2.00,-2.11,47.00,884.70,0.00,-5.50,1.94,7.20,826.20,-9999.00,-9999.00,-9999.00,-9999.00,-9999.00,-9999.00,-9999.00,0,0,1
2022-04-06T13:21:45,40.765121,-111.908844,1316.50,-9999.00,-9999.00,-9999.00,14.02,1.17,3.13,53.47,14.00,2.00,-2.11,47.00,884.70,0.00,-1.00,1.93,7.20,832.00,-9999.00,-9999.00,-9999.00,-9999.00,-9999.00,-9999.00,-9999.00,0,0,1
2022-04-06T13:21:50,40.765099,-111.908829,1316.70,-9999.00,-9999.00,-9999.00,14.02,1.17,3.15,53.45,14.00,2.00,-2.11,47.00,884.80,0.00,1.10,1.94,7.30,831.90,-9999.00,-9999.00,-9999.00,-9999.00,-9999.00,-9999.00,-9999.00,0,0,1
2022-04-06T13:21:55,40.765083,-111.908821,1316.90,-9999.00,-9999.00,-9999.00,14.02,1.18,3.21,53.10,13.00,2.00,-2.11,47.00,884.90,0.00,-4.70,1.94,7.30,826.50,-9999.00,-9999.00,-9999.00,-9999.00,-9999.00,-9999.00,-9999.00,0,0,1
2022-04-06T13:22:00,40.765079,-111.908821,1317.00,-9999.00,-9999.00,-9999.00,14.02,1.18,3.23,52.62,12.00,2.00,-2.00,47.00,884.80,0.00,1.10,1.93,7.30,826.50,-9999.00,-9999.00,-9999.00,-9999.00,-9999.00,-9999.00,-9999.00,0,0,1
2022-04-06T13:22:05,40.765076,-111.908829,1317.20,-9999.00,-9999.00,-9999.00,14.02,1.19,3.29,52.26,11.00,2.00,-2.00,47.00,884.70,0.00,4.30,1.94,7.40,831.80,-9999.00,-9999.00,-9999.00,-9999.00,-9999.00,-9999.00,-9999.00,0,0,1
2022-04-06T13:22:10,40.765076,-111.908836,1317.40,-9999.00,-9999.00,-9999.00,14.02,1.19,3.34,51.93,10.00,2.00,-2.00,47.00,884.70,0.00,-2.00,1.94,7.40,831.70,-9999.00,-9999.00,-9999.00,-9999.00,-9999.00,-9999.00,-9999.00,0,0,1
2022-04-06T13:22:15,40.765087,-111.908829,1317.60,-9999.00,-9999.00,-9999.00,14.02,1.19,3.38,51.71,11.00,2.00,-2.00,47.00,884.70,0.00,-2.80,1.94,7.40,826.30,-9999.00,-9999.00,-9999.00,-9999.00,-9999.00,-9999.00,-9999.00,0,0,1
2022-04-06T13:22:20,40.765099,-111.908836,1317.80,-9999.00,-9999.00,-9999.00,14.02,1.20,3.41,51.79,13.00,2.00,-2.00,47.00,884.90,0.00,-4.10,1.93,7.40,826.50,-9999.00,-9999.00,-9999.00,-9999.00,-9999.00,-9999.00,-9999.00,0,0,1
2022-04-06T13:22:25,40.765121,-111.908875,1318.10,-9999.00,-9999.00,-9999.00,14.02,1.20,3.46,51.83,12.00,2.00,-2.00,47.00,884.80,0.00,1.60,1.94,7.50,831.90,-9999.00,-9999.00,-9999.00,-9999.00,-9999.00,-9999.00,-9999.00,0,0,1
2022-04-06T13:22:30,40.765118,-111.908905,1318.20,-9999.00,-9999.00,-9999.00,14.02,1.21,3.52,51.96,14.00,2.00,-1.89,47.00,884.80,0.00,1.40,1.93,7.50,831.80,-9999.00,-9999.00,-9999.00,-9999.00,-9999.00,-9999.00,-9999.00,0,0,1
2022-04-06T13:22:35,40.765160,-111.908943,1318.40,-9999.00,-9999.00,-9999.00,14.02,1.21,3.56,52.41,13.00,2.00,-1.89,47.00,885.00,0.00,-3.50,1.95,7.50,826.00,-9999.00,-9999.00,-9999.00,-9999.00,-9999.00,-9999.00,-9999.00,0,0,1
2022-04-06T13:22:40,40.765182,-111.908974,1318.40,-9999.00,-9999.00,-9999.00,14.02,1.22,3.60,52.81,13.00,2.00,-1.89,47.00,884.70,0.00,8.20,1.94,7.50,826.10,-9999.00,-9999.00,-9999.00,-9999.00,-9999.00,-9999.00,-9999.00,0,0,1
2022-04-06T13:22:45,40.765175,-111.908974,1318.50,-9999.00,-9999.00,-9999.00,14.02,1.22,3.65,52.92,12.00,2.00,-1.89,47.00,884.80,0.00,0.80,1.95,7.60,831.90,-9999.00,-9999.00,-9999.00,-9999.00,-9999.00,-9999.00,-9999.00,0,0,1
2022-04-06T13:22:50,40.765163,-111.908974,1318.50,-9999.00,-9999.00,-9999.00,14.02,1.23,3.69,53.01,12.00,2.00,-1.89,47.00,884.70,0.00,1.00,1.95,7.60,831.50,-9999.00,-9999.00,-9999.00,-9999.00,-9999.00,-9999.00,-9999.00,0,0,1
2022-04-06T13:22:55,40.765175,-111.908981,1318.50,-9999.00,-9999.00,-9999.00,14.02,1.23,3.73,52.55,13.00,2.00,-1.78,47.00,884.80,0.00,-0.50,1.93,7.70,826.40,-9999.00,-9999.00,-9999.00,-9999.00,-9999.00,-9999.00,-9999.00,0,0,1
2022-04-06T13:23:00,40.765171,-111.908989,1318.50,-9999.00,-9999.00,-9999.00,14.02,1.24,3.77,51.21,13.00,2.00,-1.78,47.00,884.70,0.00,3.50,1.94,7.70,826.00,-9999.00,-9999.00,-9999.00,-9999.00,-9999.00,-9999.00,-9999.00,0,0,1
2022-04-06T13:23:05,40.765167,-111.908981,1318.50,-9999.00,-9999.00,-9999.00,14.02,1.24,3.81,50.21,14.00,2.00,-1.78,47.00,884.90,0.00,4.30,1.93,7.60,831.80,-9999.00,-9999.00,-9999.00,-9999.00,-9999.00,-9999.00,-9999.00,0,0,1
2022-04-06T13:23:10,40.765171,-111.908981,1318.50,-9999.00,-9999.00,-9999.00,14.02,1.25,3.83,49.30,14.00,2.00,-1.78,47.00,884.70,0.00,7.50,1.95,7.80,831.80,-9999.00,-9999.00,-9999.00,-9999.00,-9999.00,-9999.00,-9999.00,0,0,1
2022-04-06T13:23:15,40.765171,-111.908981,1318.60,-9999.00,-9999.00,-9999.00,14.02,1.25,3.87,48.76,13.00,2.00,-1.72,47.00,885.00,0.00,0.20,1.92,7.80,826.00,-9999.00,-9999.00,-9999.00,-9999.00,-9999.00,-9999.00,-9999.00,0,0,1
2022-04-06T13:23:20,40.765175,-111.908981,1318.60,-9999.00,-9999.00,-9999.00,14.02,1.26,3.93,48.43,13.00,2.00,-1.72,47.00,884.70,0.00,0.30,1.96,7.80,826.20,-9999.00,-9999.00,-9999.00,-9999.00,-9999.00,-9999.00,-9999.00,0,0,1
2022-04-06T13:23:25,40.765179,-111.908981,1318.60,-9999.00,-9999.00,-9999.00,14.02,1.26,3.96,48.34,13.00,2.00,-1.72,47.00,884.90,0.00,-8.00,1.95,7.70,831.80,-9999.00,-9999.00,-9999.00,-9999.00,-9999.00,-9999.00,-9999.00,0,0,1
2022-04-06T13:23:30,40.765179,-111.908981,1318.60,-9999.00,-9999.00,-9999.00,14.02,1.27,3.99,49.17,13.00,2.00,-1.72,47.00,885.00,0.00,3.10,1.94,7.90,831.60,-9999.00,-9999.00,-9999.00,-9999.00,-9999.00,-9999.00,-9999.00,0,0,1
2022-04-06T13:23:35,40.765179,-111.908981,1318.60,-9999.00,-9999.00,-9999.00,14.02,1.28,4.03,49.97,12.00,2.00,-1.72,47.00,884.90,0.00,-1.10,1.97,7.90,826.20,-9999.00,-9999.00,-9999.00,-9999.00,-9999.00,-9999.00,-9999.00,0,0,1
2022-04-06T13:23:40,40.765175,-111.908981,1318.60,-9999.00,-9999.00,-9999.00,14.02,1.28,4.09,50.08,12.00,2.00,-1.61,47.00,884.90,0.00,5.60,1.95,8.00,825.90,-9999.00,-9999.00,-9999.00,-9999.00,-9999.00,-9999.00,-9999.00,0,0,1
2022-04-06T13:23:45,40.765167,-111.908981,1318.60,-9999.00,-9999.00,-9999.00,14.02,1.29,4.13,49.96,10.00,2.00,-1.61,47.00,884.70,0.00,0.00,1.93,8.00,831.70,-9999.00,-9999.00,-9999.00,-9999.00,-9999.00,-9999.00,-9999.00,0,0,1
2022-04-06T13:23:50,40.765152,-111.908974,1318.60,-9999.00,-9999.00,-9999.00,14.02,1.29,4.17,49.70,10.00,2.00,-1.61,47.00,884.80,0.00,-1.30,1.95,8.00,831.80,-9999.00,-9999.00,-9999.00,-9999.00,-9999.00,-9999.00,-9999.00,0,0,1
2022-04-06T13:23:55,40.765129,-111.908951,1318.40,-9999.00,-9999.00,-9999.00,14.02,1.30,4.21,49.30,9.00,2.00,-1.61,47.00,884.90,0.00,-1.00,1.95,8.10,826.10,-9999.00,-9999.00,-9999.00,-9999.00,-9999.00,-9999.00,-9999.00,0,0,1
2022-04-06T13:24:00,40.765118,-111.908951,1318.40,-9999.00,-9999.00,-9999.00,14.02,1.31,4.25,48.89,11.00,2.00,-1.61,47.00,884.80,0.00,0.20,1.92,8.10,825.80,-9999.00,-9999.00,-9999.00,-9999.00,-9999.00,-9999.00,-9999.00,0,0,1
2022-04-06T13:24:05,40.765118,-111.908958,1318.50,-9999.00,-9999.00,-9999.00,14.02,1.31,4.29,48.65,10.00,2.00,-1.50,47.00,885.00,0.00,3.50,1.93,8.20,831.70,-9999.00,-9999.00,-9999.00,-9999.00,-9999.00,-9999.00,-9999.00,0,0,1
2022-04-06T13:24:10,40.765121,-111.908981,1318.60,-9999.00,-9999.00,-9999.00,14.02,1.32,4.35,48.37,11.00,2.00,-1.50,47.00,885.00,0.00,5.60,1.94,8.20,831.50,-9999.00,-9999.00,-9999.00,-9999.00,-9999.00,-9999.00,-9999.00,0,0,1
2022-04-06T13:24:15,40.765118,-111.908981,1318.60,-9999.00,-9999.00,-9999.00,14.02,1.33,4.39,48.29,10.00,2.00,-1.50,46.00,884.90,0.00,4.50,1.95,8.20,825.90,-9999.00,-9999.00,-9999.00,-9999.00,-9999.00,-9999.00,-9999.00,0,0,1
2022-04-06T13:24:20,40.765118,-111.908974,1318.50,-9999.00,-9999.00,-9999.00,14.02,1.33,4.41,48.42,11.00,2.00,-1.50,46.00,885.00,0.00,-0.10,1.96,8.20,826.20,-9999.00,-9999.00,-9999.00,-9999.00,-9999.00,-9999.00,-9999.00,0,0,1
2022-04-06T13:24:25,40.765114,-111.908974,1318.60,-9999.00,-9999.00,-9999.00,14.02,1.34,4.45,48.51,11.00,2.00,-1.50,46.00,885.00,0.00,0.40,1.94,8.30,831.40,-9999.00,-9999.00,-9999.00,-9999.00,-9999.00,-9999.00,-9999.00,0,0,1
2022-04-06T13:24:30,40.765106,-111.908974,1318.60,-9999.00,-9999.00,-9999.00,14.02,1.35,4.51,48.57,10.00,2.00,-1.50,46.00,885.00,0.00,0.60,1.95,8.10,831.50,-9999.00,-9999.00,-9999.00,-9999.00,-9999.00,-9999.00,-9999.00,0,0,1
2022-04-06T13:24:35,40.765099,-111.908974,1318.60,-9999.00,-9999.00,-9999.00,14.02,1.35,4.57,48.14,11.00,2.00,-1.39,46.00,885.00,0.00,-0.40,1.95,8.30,825.80,-9999.00,-9999.00,-9999.00,-9999.00,-9999.00,-9999.00,-9999.00,0,0,1
2022-04-06T13:24:40,40.765106,-111.908981,1318.60,-9999.00,-9999.00,-9999.00,14.02,1.36,4.61,47.77,11.00,2.00,-1.39,46.00,885.00,0.00,-2.80,1.95,8.30,826.10,-9999.00,-9999.00,-9999.00,-9999.00,-9999.00,-9999.00,-9999.00,0,0,1
2022-04-06T13:24:45,40.765148,-111.909012,1318.60,-9999.00,-9999.00,-9999.00,14.02,1.37,4.65,47.95,11.00,2.00,-1.39,46.00,884.80,0.00,4.60,1.94,8.40,831.70,-9999.00,-9999.00,-9999.00,-9999.00,-9999.00,-9999.00,-9999.00,0,0,1
2022-04-06T13:24:50,40.765167,-111.909019,1318.60,-9999.00,-9999.00,-9999.00,14.02,1.37,4.69,48.35,11.00,2.00,-1.39,46.00,885.00,0.00,0.30,1.95,8.40,831.40,-9999.00,-9999.00,-9999.00,-9999.00,-9999.00,-9999.00,-9999.00,0,0,1
2022-04-06T13:24:55,40.765171,-111.909019,1318.60,-9999.00,-9999.00,-9999.00,13.48,1.38,4.73,48.46,11.00,2.00,-1.28,46.00,884.90,0.00,0.70,1.94,8.40,825.80,-9999.00,-9999.00,-9999.00,-9999.00,-9999.00,-9999.00,-9999.00,0,0,1
2022-04-06T13:25:00,40.765167,-111.909019,1318.60,-9999.00,-9999.00,-9999.00,13.52,1.39,4.78,48.47,11.00,2.00,-1.28,46.00,884.70,0.00,-0.50,1.95,8.50,825.80,-9999.00,-9999.00,-9999.00,-9999.00,-9999.00,-9999.00,-9999.00,0,0,1
2022-04-06T13:25:05,40.765167,-111.909027,1318.60,-9999.00,-9999.00,-9999.00,13.52,1.40,4.83,48.40,10.00,2.00,-1.28,46.00,885.00,0.00,-3.20,1.95,8.50,831.60,-9999.00,-9999.00,-9999.00,-9999.00,-9999.00,-9999.00,-9999.00,0,0,1
2022-04-06T13:25:10,40.765163,-111.909027,1318.60,-9999.00,-9999.00,-9999.00,13.51,1.40,4.87,47.96,10.00,2.00,-1.28,46.00,884.80,0.00,0.00,1.95,8.50,831.60,-9999.00,-9999.00,-9999.00,-9999.00,-9999.00,-9999.00,-9999.00,0,0,1
2022-04-06T13:25:15,40.765160,-111.909035,1318.70,-9999.00,-9999.00,-9999.00,13.52,1.41,4.91,46.60,9.00,2.00,-1.28,46.00,884.90,0.00,1.20,1.93,8.50,825.80,-9999.00,-9999.00,-9999.00,-9999.00,-9999.00,-9999.00,-9999.00,0,0,1
2022-04-06T13:25:20,40.765156,-111.909042,1318.70,-9999.00,-9999.00,-9999.00,13.52,1.42,4.96,45.87,10.00,2.00,-1.22,46.00,885.10,0.00,-1.30,1.94,8.60,825.90,-9999.00,-9999.00,-9999.00,-9999.00,-9999.00,-9999.00,-9999.00,0,0,1
2022-04-06T13:25:25,40.765152,-111.909042,1318.70,-9999.00,-9999.00,-9999.00,13.52,1.43,5.00,45.74,9.00,2.00,-1.22,46.00,885.00,0.00,3.20,1.95,8.60,830.90,-9999.00,-9999.00,-9999.00,-9999.00,-9999.00,-9999.00,-9999.00,0,0,1
2022-04-06T13:25:30,40.765144,-111.909042,1318.70,-9999.00,-9999.00,-9999.00,13.52,1.43,5.04,45.36,9.00,2.00,-1.22,46.00,885.10,0.00,4.60,1.96,8.70,831.60,-9999.00,-9999.00,-9999.00,-9999.00,-9999.00,-9999.00,-9999.00,0,0,1
2022-04-06T13:25:35,40.765141,-111.909050,1318.70,-9999.00,-9999.00,-9999.00,13.52,1.44,5.12,44.90,8.00,2.00,-1.22,46.00,884.70,0.00,-0.10,1.97,8.70,825.80,-9999.00,-9999.00,-9999.00,-9999.00,-9999.00,-9999.00,-9999.00,0,0,1
2022-04-06T13:25:40,40.765133,-111.909050,1318.80,-9999.00,-9999.00,-9999.00,13.52,1.45,5.21,44.69,8.00,2.00,-1.11,46.00,884.90,0.00,2.10,1.94,8.70,825.80,-9999.00,-9999.00,-9999.00,-9999.00,-9999.00,-9999.00,-9999.00,0,0,1
2022-04-06T13:25:45,40.765125,-111.909058,1318.80,-9999.00,-9999.00,-9999.00,13.52,1.46,5.23,44.40,8.00,2.00,-1.11,46.00,885.00,0.00,-4.00,1.95,8.70,831.30,-9999.00,-9999.00,-9999.00,-9999.00,-9999.00,-9999.00,-9999.00,0,0,1
2022-04-06T13:25:50,40.765118,-111.909058,1318.80,-9999.00,-9999.00,-9999.00,13.52,1.46,5.24,43.85,9.00,2.00,-1.11,46.00,885.00,0.00,2.60,1.95,8.80,831.60,-9999.00,-9999.00,-9999.00,-9999.00,-9999.00,-9999.00,-9999.00,0,0,1
2022-04-06T13:25:55,40.765102,-111.909103,1319.10,-9999.00,-9999.00,-9999.00,13.52,1.47,5.28,43.46,9.00,2.00,-1.11,46.00,884.90,0.00,2.60,1.95,8.80,825.70,-9999.00,-9999.00,-9999.00,-9999.00,-9999.00,-9999.00,-9999.00,0,0,1
2022-04-06T13:26:00,40.765118,-111.909088,1319.40,-9999.00,-9999.00,-9999.00,13.52,1.48,5.34,43.28,11.00,2.00,-1.11,46.00,884.90,0.00,-0.60,1.95,8.80,826.00,-9999.00,-9999.00,-9999.00,-9999.00,-9999.00,-9999.00,-9999.00,0,0,1
2022-04-06T13:26:05,40.765194,-111.909065,1320.00,-9999.00,-9999.00,-9999.00,13.52,1.49,5.40,43.16,11.00,2.00,-1.00,46.00,884.80,0.00,-1.20,1.95,8.90,831.30,-9999.00,-9999.00,-9999.00,-9999.00,-9999.00,-9999.00,-9999.00,0,0,1
2022-04-06T13:26:10,40.765194,-111.909065,1320.10,-9999.00,-9999.00,-9999.00,13.52,1.50,5.44,43.04,9.00,2.00,-1.00,46.00,885.10,0.00,4.20,1.96,8.90,831.50,-9999.00,0.00,-9999.00,-9999.00,-9999.00,-9999.00,-9999.00,0,0,1
2022-04-06T13:26:15,40.765194,-111.909073,1320.20,-9999.00,-9999.00,-9999.00,13.52,1.50,5.48,42.98,11.00,2.00,-1.00,46.00,885.00,0.00,1.90,1.95,8.90,826.00,-9999.00,-9999.00,-9999.00,-9999.00,-9999.00,-9999.00,-9999.00,0,0,1
2022-04-06T13:26:20,40.765202,-111.909073,1320.20,-9999.00,-9999.00,-9999.00,13.52,1.51,5.52,43.24,9.00,2.00,-1.00,46.00,885.10,0.00,-2.70,1.96,8.90,825.60,-9999.00,-9999.00,-9999.00,-9999.00,-9999.00,-9999.00,-9999.00,0,0,1
2022-04-06T13:26:25,40.765209,-111.909065,1320.20,-9999.00,-9999.00,-9999.00,13.52,1.52,5.56,43.76,9.00,2.00,-0.89,46.00,885.10,0.00,4.80,1.96,9.00,831.50,-9999.00,-9999.00,-9999.00,-9999.00,-9999.00,-9999.00,-9999.00,0,0,1
2022-04-06T13:26:30,40.765217,-111.909065,1319.90,-9999.00,-9999.00,-9999.00,13.52,1.53,5.62,43.94,9.00,2.00,-0.89,46.00,885.00,0.00,4.50,1.96,8.90,831.40,0.00,0.00,0.00,0.00,0.00,0.00,0.00,0,0,1
2022-04-06T13:26:35,40.765213,-111.909065,1319.70,-9999.00,-9999.00,-9999.00,13.52,1.54,5.66,43.79,11.00,2.00,-0.89,46.00,885.00,0.00,-5.00,1.95,9.00,825.70,-9999.00,-9999.00,-9999.00,-9999.00,-9999.00,-9999.00,-9999.00,0,0,1
2022-04-06T13:26:40,40.765217,-111.909065,1319.50,-9999.00,-9999.00,-9999.00,13.52,1.54,5.70,43.46,12.00,2.00,-0.89,46.00,884.80,0.00,0.30,1.95,9.00,825.80,0.00,0.00,0.00,1.30,805.40,1.43,102.00,0,0,1
2022-04-06T13:26:45,40.765217,-111.909058,1319.10,-9999.00,-9999.00,-9999.00,13.52,1.55,5.76,43.52,10.00,2.00,-0.89,46.00,884.90,0.00,-3.20,1.95,9.10,831.40,0.00,0.00,0.00,1.30,833.20,1.49,72.50,0,0,1
2022-04-06T13:26:50,40.765217,-111.909058,1318.70,-9999.00,-9999.00,-9999.00,13.51,1.56,5.80,43.20,9.00,2.00,-0.78,46.00,885.00,0.00,-2.80,1.96,9.10,831.60,0.00,0.00,0.00,1.30,832.70,1.99,85.00,0,0,1
2022-04-06T13:26:55,40.765217,-111.909058,1318.70,-9999.00,-9999.00,-9999.00,14.48,1.57,5.84,43.42,11.00,2.00,-0.78,46.00,885.10,0.00,1.50,1.96,9.10,825.70,0.00,0.00,0.00,1.30,808.70,1.94,109.50,0,0,1
2022-04-06T13:27:00,40.765213,-111.909058,1318.70,-9999.00,-9999.00,-9999.00,13.98,1.58,5.90,43.44,11.00,2.00,-0.78,46.00,885.10,0.00,1.70,1.96,9.20,825.70,0.00,0.00,0.00,1.30,806.70,1.97,113.60,0,0,1
2022-04-06T13:27:05,40.765205,-111.909065,1318.70,-9999.00,-9999.00,-9999.00,13.98,1.59,5.92,43.36,10.00,2.00,-0.78,46.00,884.80,0.00,3.30,1.98,9.20,831.50,0.00,0.00,0.00,1.30,806.50,2.02,111.90,0,0,1
2022-04-06T13:27:10,40.765205,-111.909065,1318.80,-9999.00,-9999.00,-9999.00,13.98,1.60,5.98,42.83,9.00,2.00,-0.72,46.00,884.90,0.00,-0.30,1.94,8.80,830.80,0.00,0.00,0.00,1.30,808.60,1.91,109.60,0,0,1
2022-04-06T13:27:15,40.765205,-111.909073,1318.80,-9999.00,-9999.00,-9999.00,13.98,1.60,6.02,42.68,9.00,2.00,-0.72,46.00,884.90,0.00,2.00,1.95,9.30,825.60,0.00,0.00,0.00,1.30,807.50,1.94,112.50,0,0,1
2022-04-06T13:27:20,40.765213,-111.909081,1318.80,-9999.00,-9999.00,-9999.00,13.98,1.61,6.06,42.84,8.00,2.00,-0.72,46.00,884.90,0.00,3.60,1.95,9.20,826.10,113.60,47.60,161.20,1.30,807.60,1.99,110.90,0,0,1
2022-04-06T13:27:25,40.765217,-111.909081,1318.80,-9999.00,-9999.00,-9999.00,13.98,1.62,6.12,43.13,9.00,2.00,-0.72,46.00,885.10,0.00,1.20,1.95,9.30,831.40,113.70,31.50,145.20,1.30,808.40,1.89,109.70,0,0,1
2022-04-06T13:27:30,40.765224,-111.909081,1318.80,-9999.00,-9999.00,-9999.00,13.98,1.63,6.16,43.16,9.00,2.00,-0.61,46.00,885.10,0.00,-0.20,1.96,9.30,831.30,116.00,39.00,155.00,1.30,808.10,1.93,111.50,0,0,1
2022-04-06T13:27:35,40.765228,-111.909081,1318.80,-9999.00,-9999.00,-9999.00,13.98,1.64,6.20,42.91,9.00,2.00,-0.61,46.00,885.10,0.00,-0.70,1.95,9.40,825.60,130.20,38.90,169.10,1.30,808.20,1.98,110.00,0,0,1
2022-04-06T13:27:40,40.765228,-111.909081,1318.80,-9999.00,-9999.00,-9999.00,13.98,1.65,6.24,42.59,10.00,2.00,-0.61,46.00,884.90,0.00,8.90,1.97,9.40,825.70,130.60,40.30,170.90,1.30,808.50,1.89,109.60,0,0,1
2022-04-06T13:27:45,40.765232,-111.909081,1318.80,-9999.00,-9999.00,-9999.00,13.98,1.66,6.27,42.19,10.00,2.00,-0.61,46.00,884.90,0.00,3.40,1.95,9.40,831.20,135.40,47.00,182.40,1.30,808.30,1.93,111.20,0,0,1
2022-04-06T13:27:50,40.765236,-111.909088,1318.80,-9999.00,-9999.00,-9999.00,13.98,1.67,6.33,41.93,9.00,2.00,-0.61,46.00,885.10,0.00,-7.70,1.96,9.50,831.10,146.40,47.00,193.40,1.30,807.80,1.99,110.40,0,0,1
2022-04-06T13:27:55,40.765232,-111.909088,1318.80,-9999.00,-9999.00,-9999.00,13.98,1.68,6.38,41.81,10.00,2.00,-0.50,46.00,884.90,0.00,2.90,1.95,9.50,825.60,146.70,47.00,193.70,1.30,808.70,1.89,109.20,0,0,1
2022-04-06T13:28:00,40.765228,-111.909088,1318.80,-9999.00,-9999.00,-9999.00,13.98,1.69,6.45,41.59,9.00,2.00,-0.50,46.00,885.00,0.00,0.80,1.96,9.50,825.60,152.70,40.20,192.90,1.30,807.90,1.93,111.40,0,0,1
2022-04-06T13:28:05,40.765228,-111.909096,1318.70,-9999.00,-9999.00,-9999.00,13.98,1.70,6.49,41.23,10.00,2.00,-0.50,45.00,885.00,0.00,0.40,1.96,9.50,831.30,163.90,40.10,204.00,1.30,808.60,2.00,109.80,0,0,1
2022-04-06T13:28:10,40.765228,-111.909096,1318.70,-9999.00,-9999.00,-9999.00,13.98,1.71,6.50,40.77,10.00,2.00,-0.50,45.00,885.00,0.00,3.10,1.96,9.60,831.20,164.40,39.90,204.30,1.30,808.70,1.89,109.00,0,0,1
2022-04-06T13:28:15,40.765236,-111.909096,1318.70,-9999.00,-9999.00,-9999.00,13.98,1.72,6.54,40.49,9.00,2.00,-0.39,45.00,885.10,0.00,3.10,1.95,9.60,825.70,168.90,46.10,215.00,1.30,808.50,1.94,110.70,0,0,1
2022-04-06T13:28:20,40.765240,-111.909103,1318.70,-9999.00,-9999.00,-9999.00,13.98,1.73,6.59,40.37,10.00,2.00,-0.39,45.00,885.20,0.00,6.30,1.95,9.60,825.60,169.60,46.00,215.60,1.30,808.40,2.02,109.60,0,0,1
2022-04-06T13:28:25,40.765240,-111.909096,1318.70,-9999.00,-9999.00,-9999.00,13.98,1.74,6.63,40.35,10.00,2.00,-0.39,45.00,885.00,0.00,3.60,1.94,9.50,831.10,170.20,47.20,217.40,1.30,808.30,1.90,109.50,0,0,1
2022-04-06T13:28:30,40.765240,-111.909096,1318.70,-9999.00,-9999.00,-9999.00,13.98,1.75,6.67,40.33,9.00,2.00,-0.39,45.00,884.90,0.00,5.60,1.96,9.60,831.40,168.70,45.50,214.20,1.30,808.40,1.95,110.70,0,0,1
2022-04-06T13:28:35,40.765240,-111.909103,1318.70,-9999.00,-9999.00,-9999.00,13.98,1.75,6.73,40.31,8.00,2.00,-0.39,45.00,885.00,0.00,0.50,1.96,9.60,825.60,175.40,45.30,220.70,1.30,808.30,2.04,109.80,0,0,1
2022-04-06T13:28:40,40.765240,-111.909119,1318.90,-9999.00,-9999.00,-9999.00,13.98,1.76,6.77,40.30,10.00,2.00,-0.28,45.00,885.00,0.00,-1.40,1.96,9.70,825.80,176.00,42.60,218.60,1.30,808.70,1.90,108.90,0,0,1
2022-04-06T13:28:45,40.765240,-111.909119,1318.90,-9999.00,-9999.00,-9999.00,13.98,1.77,6.81,40.39,9.00,2.00,-0.28,45.00,884.90,0.00,0.90,1.97,9.80,831.30,179.20,38.90,218.10,1.30,808.50,1.95,110.40,0,0,1
2022-04-06T13:28:50,40.765244,-111.909119,1318.90,-9999.00,-9999.00,-9999.00,13.98,1.78,6.85,40.58,9.00,2.00,-0.28,45.00,885.10,0.00,-0.20,1.96,9.70,831.30,176.30,38.90,215.20,1.30,808.40,2.04,110.00,0,0,1
2022-04-06T13:28:55,40.765244,-111.909126,1318.60,-9999.00,-9999.00,-9999.00,13.98,1.79,6.89,40.80,9.00,2.00,-0.22,45.00,885.00,0.00,0.00,1.95,9.80,825.80,176.90,38.90,215.80,1.30,808.50,1.91,109.30,0,0,1
2022-04-06T13:29:00,40.765244,-111.909126,1318.50,-9999.00,-9999.00,-9999.00,13.98,1.80,6.93,40.79,9.00,2.00,-0.22,45.00,885.20,0.00,-4.00,1.96,9.80,825.50,174.10,38.20,212.30,1.30,808.20,1.95,110.80,0,0,1
2022-04-06T13:29:05,40.765244,-111.909134,1318.30,-9999.00,-9999.00,-9999.00,13.98,1.81,6.97,40.08,9.00,2.00,-0.22,45.00,885.00,0.00,-3.00,1.98,9.90,831.00,174.20,38.10,212.30,1.30,808.10,2.03,110.20,0,0,1
2022-04-06T13:29:10,40.765232,-111.909134,1318.30,-9999.00,-9999.00,-9999.00,13.98,1.82,7.01,39.57,9.00,2.00,-0.22,45.00,884.90,0.00,1.90,1.95,9.90,831.20,174.80,39.70,214.50,1.30,808.40,1.90,109.20,0,0,1
2022-04-06T13:29:15,40.765224,-111.909134,1318.30,-9999.00,-9999.00,-9999.00,13.98,1.83,7.05,39.10,11.00,2.00,-0.22,45.00,885.20,0.00,3.00,1.97,9.90,825.70,174.70,48.80,223.50,1.30,808.40,1.94,110.70,0,0,1
2022-04-06T13:29:20,40.765221,-111.909134,1318.30,-9999.00,-9999.00,-9999.00,13.98,1.84,7.09,38.52,11.00,2.00,-0.22,45.00,885.10,0.00,5.30,1.96,9.90,825.50,165.80,48.70,214.50,1.30,808.60,2.01,109.60,0,0,1
2022-04-06T13:29:25,40.765221,-111.909134,1318.30,-9999.00,-9999.00,-9999.00,13.98,1.86,7.13,38.19,11.00,2.00,-0.11,45.00,885.20,0.00,-2.20,1.97,10.00,831.10,166.40,54.70,221.10,1.30,808.40,1.90,109.80,0,0,1
2022-04-06T13:29:30,40.765224,-111.909134,1318.20,-9999.00,-9999.00,-9999.00,13.98,1.87,7.17,37.95,10.00,2.00,-0.11,45.00,884.90,0.00,0.80,1.95,10.00,831.10,167.30,49.70,217.00,1.30,808.60,1.93,110.60,0,0,1
2022-04-06T13:29:35,40.765228,-111.909126,1318.20,-9999.00,-9999.00,-9999.00,13.98,1.88,7.20,37.64,10.00,2.00,-0.11,45.00,885.00,0.00,-0.40,1.97,10.00,825.50,180.00,49.60,229.60,1.40,808.20,2.00,110.10,0,0,1
2022-04-06T13:29:40,40.765240,-111.909119,1318.10,-9999.00,-9999.00,-9999.00,13.98,1.89,7.23,37.57,9.00,2.00,0.00,45.00,884.90,0.00,5.00,1.97,10.00,825.50,180.40,43.20,223.60,1.40,808.40,1.90,109.70,0,0,1
2022-04-06T13:29:45,40.765240,-111.909119,1318.10,-9999.00,-9999.00,-9999.00,13.98,1.90,7.27,37.85,9.00,2.00,0.00,45.00,884.90,0.00,-0.60,1.95,10.10,831.20,183.80,41.80,225.60,1.40,807.70,1.94,111.70,0,0,1
2022-04-06T13:29:50,40.765244,-111.909119,1318.10,-9999.00,-9999.00,-9999.00,13.98,1.91,7.30,38.28,9.00,2.00,0.00,45.00,885.00,0.00,2.30,1.95,10.10,831.20,178.20,41.70,219.90,1.40,808.20,2.00,110.20,0,0,1
2022-04-06T13:29:55,40.765251,-111.909119,1318.10,-9999.00,-9999.00,-9999.00,13.98,1.92,7.33,38.56,10.00,2.00,0.00,45.00,885.00,0.00,-0.50,1.97,10.10,825.60,178.70,42.70,221.40,1.40,808.60,1.89,109.30,0,0,1
2022-04-06T13:30:00,40.765259,-111.909126,1318.10,-9999.00,-9999.00,-9999.00,13.98,1.93,7.37,38.72,9.00,2.00,0.11,45.00,885.00,0.00,-1.80,1.96,10.10,825.80,174.10,42.30,216.40,1.40,808.60,1.93,110.40,0,0,1
2022-04-06T13:30:05,40.765266,-111.909126,1317.80,-9999.00,-9999.00,-9999.00,13.98,1.94,7.41,38.78,10.00,2.00,0.11,45.00,885.20,0.00,2.40,1.96,10.20,831.20,178.90,42.20,221.10,1.40,808.50,2.01,110.00,0,0,1
2022-04-06T13:30:10,40.765274,-111.909119,1317.70,-9999.00,-9999.00,-9999.00,13.98,1.95,7.51,38.78,9.00,2.00,0.11,44.00,885.20,0.00,2.90,1.96,10.20,831.00,179.50,39.50,219.00,1.40,808.40,1.90,109.60,0,0,1
2022-04-06T13:30:15,40.765282,-111.909126,1317.70,-9999.00,-9999.00,-9999.00,13.98,1.96,7.51,38.66,10.00,2.00,0.11,44.00,885.00,0.00,-0.90,1.96,10.20,825.60,181.90,38.00,219.90,1.40,808.50,1.94,110.50,0,0,1
2022-04-06T13:30:20,40.765282,-111.909126,1317.70,-9999.00,-9999.00,-9999.00,13.98,1.97,7.53,37.94,11.00,2.00,0.11,44.00,885.00,0.00,2.80,1.96,10.20,825.70,171.20,37.90,209.10,1.40,808.10,2.02,110.40,0,0,1
2022-04-06T13:30:25,40.765278,-111.909134,1317.70,-9999.00,-9999.00,-9999.00,13.98,1.98,7.57,36.63,10.00,2.00,0.11,44.00,885.20,0.00,1.70,1.95,10.30,831.00,171.70,42.20,213.90,1.40,808.30,1.91,109.80,0,0,1
2022-04-06T13:30:30,40.765270,-111.909142,1317.70,-9999.00,-9999.00,-9999.00,13.98,1.99,7.59,36.01,10.00,2.00,0.22,44.00,885.20,0.00,3.70,1.98,10.30,831.30,168.10,42.30,210.40,1.40,807.90,1.94,111.30,0,0,1
2022-04-06T13:30:35,40.765263,-111.909142,1317.60,-9999.00,-9999.00,-9999.00,13.98,2.00,7.65,35.79,8.00,2.00,0.22,44.00,885.00,0.00,0.10,1.96,10.30,825.50,173.20,42.20,215.40,1.40,808.50,2.02,109.90,0,0,1
2022-04-06T13:30:40,40.765251,-111.909142,1317.60,-9999.00,-9999.00,-9999.00,13.98,2.02,7.69,35.76,8.00,2.00,0.22,44.00,885.20,0.00,1.60,1.97,10.30,825.50,173.80,41.50,215.30,1.40,808.60,1.90,109.00,0,0,1
2022-04-06T13:30:45,40.765244,-111.909149,1317.60,-9999.00,-9999.00,-9999.00,13.98,2.03,7.73,35.76,9.00,2.00,0.22,44.00,885.10,0.00,0.40,1.96,10.40,831.20,175.50,51.10,226.60,1.40,808.40,1.94,110.60,0,0,1
2022-04-06T13:30:50,40.765228,-111.909157,1317.70,-9999.00,-9999.00,-9999.00,13.98,2.04,7.75,35.74,9.00,2.00,0.28,44.00,885.00,0.00,-4.50,1.97,10.40,830.70,169.30,51.00,220.30,1.40,808.40,2.03,110.00,0,0,1
2022-04-06T13:30:55,40.765221,-111.909164,1317.60,-9999.00,-9999.00,-9999.00,13.98,2.05,7.79,35.96,10.00,2.00,0.28,44.00,884.90,0.00,4.20,1.96,10.40,825.50,169.90,52.60,222.50,1.40,808.50,1.90,109.20,0,0,1
2022-04-06T13:31:00,40.765213,-111.909164,1317.70,-9999.00,-9999.00,-9999.00,13.98,2.06,7.83,36.24,9.00,2.00,0.28,44.00,885.20,0.00,3.00,1.97,10.40,825.90,167.20,44.00,211.20,1.40,808.70,1.94,110.40,0,0,1
2022-04-06T13:31:05,40.765213,-111.909164,1317.60,-9999.00,-9999.00,-9999.00,13.98,2.07,7.89,36.31,8.00,2.00,0.39,44.00,885.00,0.00,3.20,1.98,10.50,831.10,168.60,43.90,212.50,1.40,808.20,2.02,110.60,0,0,1
2022-04-06T13:31:10,40.765205,-111.909164,1317.60,-9999.00,-9999.00,-9999.00,13.98,2.08,7.93,36.34,8.00,2.00,0.39,44.00,884.90,0.00,1.80,1.97,10.50,831.10,169.00,42.80,211.80,1.40,808.30,1.91,109.40,0,0,1
2022-04-06T13:31:15,40.765202,-111.909164,1317.60,-9999.00,-9999.00,-9999.00,13.98,2.09,7.97,36.44,7.00,2.00,0.39,44.00,885.20,0.00,-0.80,1.96,10.50,825.70,170.10,46.70,216.80,1.40,808.10,1.94,111.00,0,0,1
2022-04-06T13:31:20,40.765202,-111.909164,1317.60,-9999.00,-9999.00,-9999.00,13.98,2.10,8.01,36.47,9.00,2.00,0.39,44.00,884.90,0.00,2.80,1.95,10.50,825.50,169.90,46.60,216.50,1.40,808.20,2.01,110.30,0,0,1
2022-04-06T13:31:25,40.765217,-111.909157,1317.50,-9999.00,-9999.00,-9999.00,13.98,2.12,8.05,36.06,8.00,2.00,0.39,44.00,885.00,0.00,4.30,1.97,10.60,831.00,170.40,48.50,218.90,1.40,808.30,1.90,109.70,0,0,1
2022-04-06T13:31:30,40.765221,-111.909157,1317.50,-9999.00,-9999.00,-9999.00,13.98,2.13,8.07,35.27,9.00,2.00,0.50,44.00,885.00,0.00,5.00,1.95,10.60,831.10,171.90,48.30,220.20,1.40,808.10,1.94,110.90,0,0,1
2022-04-06T13:31:35,40.765224,-111.909157,1317.60,-9999.00,-9999.00,-9999.00,13.98,2.14,8.12,34.91,9.00,2.00,0.50,44.00,885.20,0.00,0.60,1.97,10.60,825.60,172.50,48.20,220.70,1.40,808.00,2.01,110.60,0,0,1
2022-04-06T13:31:40,40.765228,-111.909157,1317.50,-9999.00,-9999.00,-9999.00,13.98,2.15,8.15,35.23,9.00,2.00,0.50,44.00,885.10,0.00,2.00,1.96,10.60,825.50,173.00,46.10,219.10,1.40,808.40,1.90,109.60,0,0,1
2022-04-06T13:31:45,40.765236,-111.909157,1317.50,-9999.00,-9999.00,-9999.00,13.98,2.16,8.20,35.60,10.00,2.00,0.50,44.00,884.90,0.00,2.30,1.97,10.70,831.00,170.50,45.20,215.70,1.40,808.00,1.94,111.10,0,0,1
2022-04-06T13:31:50,40.765244,-111.909149,1317.50,-9999.00,-9999.00,-9999.00,13.98,2.17,8.24,35.48,9.00,2.00,0.61,44.00,885.20,0.00,-2.80,1.96,10.70,830.80,166.10,45.10,211.20,1.40,808.20,2.01,110.20,0,0,1
2022-04-06T13:31:55,40.765247,-111.909142,1317.50,-9999.00,-9999.00,-9999.00,13.98,2.18,8.28,35.08,8.00,2.00,0.61,44.00,884.90,0.00,0.70,1.97,10.70,825.60,166.60,45.50,212.10,1.40,808.20,1.90,109.40,0,0,1
2022-04-06T13:32:00,40.765251,-111.909142,1317.40,-9999.00,-9999.00,-9999.00,13.98,2.19,8.32,34.65,9.00,2.00,0.61,44.00,885.10,0.00,1.20,1.98,10.70,825.60,165.00,44.70,209.70,1.40,808.30,1.94,110.70,0,0,1
2022-04-06T13:32:05,40.765251,-111.909142,1317.40,-9999.00,-9999.00,-9999.00,13.98,2.21,8.34,34.44,8.00,2.00,0.61,44.00,885.00,0.00,0.20,1.97,10.80,830.80,162.50,44.60,207.10,1.40,808.10,2.01,110.50,0,0,1
2022-04-06T13:32:10,40.765247,-111.909142,1317.40,-9999.00,-9999.00,-9999.00,13.98,2.22,8.40,34.45,8.00,2.00,0.61,44.00,885.20,0.00,3.40,1.96,10.80,830.70,163.00,46.70,209.70,1.40,808.20,1.90,109.60,0,0,1
2022-04-06T13:32:15,40.765251,-111.909134,1317.40,-9999.00,-9999.00,-9999.00,13.98,2.23,8.42,34.78,8.00,2.00,0.72,43.00,885.20,0.00,5.20,1.97,10.80,825.60,165.10,47.10,212.20,1.40,807.70,1.95,111.80,0,0,1
2022-04-06T13:32:20,40.765251,-111.909134,1317.40,-9999.00,-9999.00,-9999.00,13.98,2.24,8.48,35.12,9.00,2.00,0.72,43.00,885.20,0.00,1.30,1.96,10.80,825.50,173.40,47.00,220.40,1.50,808.00,2.02,110.50,0,0,1
2022-04-06T13:32:25,40.765251,-111.909134,1317.40,-9999.00,-9999.00,-9999.00,13.98,2.25,8.52,35.24,9.00,2.00,0.72,43.00,884.90,0.00,-0.50,1.97,10.90,831.20,173.80,43.50,217.30,1.50,808.20,1.90,109.40,0,0,1
2022-04-06T13:32:30,40.765251,-111.909134,1317.40,-9999.00,-9999.00,-9999.00,13.98,2.26,8.54,35.36,8.00,2.00,0.72,43.00,885.20,0.00,0.40,1.95,10.90,830.60,175.80,42.40,218.20,1.50,808.50,1.94,110.30,0,0,1
2022-04-06T13:32:35,40.765247,-111.909126,1317.40,-9999.00,-9999.00,-9999.00,13.98,2.28,8.58,35.44,10.00,2.00,0.78,43.00,885.10,0.00,-0.60,1.97,10.90,825.90,168.50,42.30,210.80,1.50,808.30,2.02,110.20,0,0,1
2022-04-06T13:32:40,40.765247,-111.909126,1317.40,-9999.00,-9999.00,-9999.00,13.98,2.29,8.62,35.48,9.00,2.00,0.78,43.00,885.00,0.00,7.40,1.97,10.90,825.80,169.00,42.50,211.50,1.50,808.20,1.91,109.60,0,0,1
2022-04-06T13:32:45,40.765244,-111.909126,1317.40,-9999.00,-9999.00,-9999.00,13.98,2.30,8.64,35.40,7.00,2.00,0.78,43.00,885.10,0.00,-0.70,1.96,11.00,831.10,163.10,40.30,203.40,1.50,808.10,1.95,111.20,0,0,1
2022-04-06T13:32:50,40.765244,-111.909126,1317.40,-9999.00,-9999.00,-9999.00,13.98,2.31,8.66,35.30,8.00,2.00,0.89,43.00,885.10,0.00,-2.00,1.98,11.00,830.80,162.70,40.20,202.90,1.50,808.10,2.02,110.40,0,0,1
2022-04-06T13:32:55,40.765244,-111.909119,1317.40,-9999.00,-9999.00,-9999.00,13.98,2.32,8.70,35.20,9.00,2.00,0.89,43.00,885.00,0.00,2.70,1.98,11.00,825.50,163.20,40.70,203.90,1.50,808.40,1.91,109.40,0,0,1
2022-04-06T13:33:00,40.765244,-111.909119,1317.50,-9999.00,-9999.00,-9999.00,13.98,2.33,8.74,35.00,8.00,2.00,0.89,43.00,885.00,0.00,-0.10,1.97,11.00,825.60,168.00,37.00,205.00,1.50,808.10,1.94,110.80,0,0,1
2022-04-06T13:33:05,40.765244,-111.909111,1317.50,-9999.00,-9999.00,-9999.00,13.98,2.35,8.78,34.77,8.00,2.00,0.89,43.00,885.10,0.00,-1.80,1.98,11.00,830.80,174.90,36.90,211.80,1.50,808.20,2.02,110.60,0,0,1
2022-04-06T13:33:10,40.765240,-111.909103,1317.50,-9999.00,-9999.00,-9999.00,13.98,2.36,8.82,34.32,8.00,2.00,0.89,43.00,885.10,0.00,0.10,1.97,11.10,831.10,175.40,34.60,210.00,1.50,808.40,1.90,109.30,0,0,1
2022-04-06T13:33:15,40.765244,-111.909103,1317.50,-9999.00,-9999.00,-9999.00,13.98,2.37,8.84,34.28,8.00,2.00,1.00,43.00,885.30,0.00,-0.50,1.97,11.10,825.60,176.10,38.30,214.40,1.50,808.50,1.94,110.30,0,0,1
2022-04-06T13:33:20,40.765247,-111.909096,1317.50,-9999.00,-9999.00,-9999.00,13.98,2.38,8.88,34.22,7.00,2.00,1.00,43.00,885.10,0.00,-0.70,1.97,11.10,825.50,172.10,38.30,210.40,1.50,808.30,2.02,110.30,0,0,1
2022-04-06T13:33:25,40.765251,-111.909096,1317.50,-9999.00,-9999.00,-9999.00,13.98,2.39,8.90,34.23,9.00,2.00,1.00,43.00,885.00,0.00,-6.70,1.97,11.00,831.00,172.70,40.30,213.00,1.50,808.40,1.90,109.30,0,0,1
2022-04-06T13:33:30,40.765255,-111.909103,1317.50,-9999.00,-9999.00,-9999.00,13.98,2.41,8.94,34.35,8.00,2.00,1.11,43.00,884.90,0.00,-3.10,1.97,11.20,830.70,169.60,42.90,212.50,1.50,808.20,1.94,110.70,0,0,1
2022-04-06T13:33:35,40.765259,-111.909119,1317.50,-9999.00,-9999.00,-9999.00,13.98,2.42,8.98,34.33,8.00,2.00,1.11,43.00,885.10,0.00,7.20,1.98,11.20,825.80,159.50,42.80,202.30,1.50,808.10,2.02,110.50,0,0,1
2022-04-06T13:33:40,40.765266,-111.909126,1317.50,-9999.00,-9999.00,-9999.00,13.98,2.43,9.02,34.08,8.00,2.00,1.11,42.00,885.00,0.00,-1.80,1.97,11.20,825.70,160.00,45.80,205.80,1.50,808.30,1.90,109.60,0,0,1
2022-04-06T13:33:45,40.765270,-111.909134,1317.50,-9999.00,-9999.00,-9999.00,13.98,2.44,9.05,33.94,8.00,2.00,1.11,42.00,885.00,0.00,0.90,1.97,11.20,831.00,157.50,43.60,201.10,1.50,808.10,1.94,111.00,0,0,1
2022-04-06T13:33:50,40.765278,-111.909142,1317.50,-9999.00,-9999.00,-9999.00,13.98,2.45,9.09,33.84,8.00,2.00,1.11,42.00,885.00,0.00,0.90,1.98,11.30,831.10,160.70,43.50,204.20,1.50,808.20,2.01,110.50,0,0,1
2022-04-06T13:33:55,40.765282,-111.909142,1317.50,-9999.00,-9999.00,-9999.00,13.98,2.47,9.12,33.63,8.00,2.00,1.22,42.00,885.00,0.00,1.50,1.97,11.30,825.70,161.10,41.20,202.30,1.50,808.50,1.90,109.00,0,0,1
2022-04-06T13:34:00,40.765293,-111.909142,1317.50,-9999.00,-9999.00,-9999.00,13.98,2.48,9.14,33.51,8.00,2.00,1.22,42.00,885.10,0.00,-9999.00,1.98,11.30,825.70,162.00,43.50,205.50,1.50,808.40,1.94,110.30,0,0,1
2022-04-06T13:34:05,40.765301,-111.909149,1317.50,-9999.00,-9999.00,-9999.00,13.98,2.49,9.16,33.47,7.00,2.00,1.22,42.00,885.10,0.00,-9999.00,1.98,11.30,830.80,164.50,43.40,207.90,1.50,808.20,2.02,110.40,0,0,1
2022-04-06T13:34:10,40.765308,-111.909157,1317.50,-9999.00,-9999.00,-9999.00,13.98,2.50,9.26,33.28,7.00,2.00,1.22,42.00,885.10,0.00,-9999.00,1.98,11.30,831.00,165.00,42.20,207.20,1.50,808.20,1.90,109.30,0,0,1
2022-04-06T13:34:15,40.765312,-111.909157,1317.10,-9999.00,-9999.00,-9999.00,13.98,2.52,9.24,33.27,8.00,2.00,1.28,42.00,885.00,0.00,-9999.00,1.97,11.30,825.70,167.10,35.70,202.80,1.50,808.10,1.94,110.80,0,0,1
2022-04-06T13:34:20,40.765320,-111.909164,1317.10,-9999.00,-9999.00,-9999.00,13.98,2.53,9.26,33.29,8.00,2.00,1.28,42.00,885.00,0.00,-9999.00,1.98,11.40,825.70,165.00,35.60,200.60,1.60,808.20,2.02,110.30,0,0,1
2022-04-06T13:34:25,40.765324,-111.909157,1317.10,-9999.00,-9999.00,-9999.00,13.98,2.54,9.30,33.29,8.00,2.00,1.28,42.00,885.20,0.00,-9999.00,1.96,11.40,830.60,165.50,36.90,202.40,1.60,808.40,1.90,109.10,0,0,1
2022-04-06T13:34:30,40.765327,-111.909164,1317.10,-9999.00,-9999.00,-9999.00,13.98,2.55,9.34,33.21,7.00,2.00,1.39,42.00,885.10,0.00,-9999.00,1.98,11.40,831.10,164.50,41.70,206.20,1.50,808.20,1.94,110.60,0,0,1
2022-04-06T13:34:35,40.765331,-111.909164,1316.90,-9999.00,-9999.00,-9999.00,13.98,2.56,9.38,33.17,8.00,2.00,1.39,42.00,885.10,0.00,-9999.00,1.96,11.50,825.70,165.90,41.60,207.50,1.60,808.40,2.02,110.30,0,0,1
2022-04-06T13:34:40,40.765331,-111.909164,1316.90,-9999.00,-9999.00,-9999.00,13.98,2.58,9.42,33.05,8.00,2.00,1.39,42.00,885.20,0.00,-9999.00,1.97,11.50,825.60,166.40,39.10,205.50,1.60,808.10,1.91,109.60,0,0,1
2022-04-06T13:34:45,40.765327,-111.909164,1316.90,-9999.00,-9999.00,-9999.00,13.98,2.59,9.44,32.87,7.00,2.00,1.39,42.00,885.00,0.00,-9999.00,1.97,11.40,831.10,164.50,37.20,201.70,1.60,808.20,1.94,110.60,0,0,1
2022-04-06T13:34:50,40.765316,-111.909164,1316.90,-9999.00,-9999.00,-9999.00,13.98,2.60,9.46,32.55,7.00,2.00,1.50,42.00,885.10,0.00,-9999.00,1.97,11.50,830.80,160.90,37.20,198.10,1.60,808.00,2.02,110.70,0,0,1
2022-04-06T13:34:55,40.765312,-111.909157,1316.90,-9999.00,-9999.00,-9999.00,13.98,2.61,9.48,32.33,7.00,2.00,1.50,42.00,885.20,0.00,-9999.00,1.98,11.40,825.80,161.40,42.10,203.50,1.60,808.20,1.91,109.80,0,0,1
2022-04-06T13:35:00,40.765320,-111.909157,1316.80,-9999.00,-9999.00,-9999.00,13.98,2.63,9.52,32.29,6.00,2.00,1.50,41.00,885.10,0.00,-9999.00,1.99,11.60,826.10,164.20,47.30,211.50,1.60,807.90,1.94,111.00,0,0,1
2022-04-06T13:35:05,40.765312,-111.909157,1316.80,-9999.00,-9999.00,-9999.00,13.98,2.64,9.56,32.46,7.00,2.00,1.50,42.00,885.00,0.00,-9999.00,1.97,11.60,830.90,163.90,47.20,211.10,1.60,808.20,2.02,110.20,0,0,1
2022-04-06T13:35:10,40.765308,-111.909157,1316.80,-9999.00,-9999.00,-9999.00,13.98,2.65,9.60,32.59,8.00,2.00,1.50,41.00,885.10,0.00,-9999.00,2.00,11.60,831.20,164.40,46.10,210.50,1.60,808.10,1.91,109.60,0,0,1
2022-04-06T13:35:15,40.765305,-111.909157,1316.80,-9999.00,-9999.00,-9999.00,13.98,2.66,9.62,32.59,8.00,2.00,1.61,41.00,885.00,0.00,-9999.00,1.98,11.60,825.90,161.20,45.50,206.70,1.60,807.90,1.94,111.10,0,0,1
2022-04-06T13:35:20,40.765297,-111.909164,1316.80,-9999.00,-9999.00,-9999.00,13.98,2.68,9.64,32.55,7.00,2.00,1.61,41.00,885.20,0.00,-9999.00,1.98,11.60,826.10,158.90,45.40,204.30,1.60,808.10,2.02,110.30,0,0,1
2022-04-06T13:35:25,40.765297,-111.909164,1316.80,-9999.00,-9999.00,-9999.00,13.98,2.69,9.68,32.56,7.00,2.00,1.61,41.00,885.10,0.00,-9999.00,1.99,11.70,830.90,159.40,47.00,206.40,1.60,808.20,1.91,109.40,0,0,1
2022-04-06T13:35:30,40.765297,-111.909157,1316.80,-9999.00,-9999.00,-9999.00,13.98,2.70,9.70,32.50,7.00,2.00,1.61,41.00,885.00,0.00,-9999.00,1.98,11.70,830.90,161.30,45.90,207.20,1.60,808.30,1.94,110.60,0,0,1
2022-04-06T13:35:35,40.765293,-111.909157,1316.80,-9999.00,-9999.00,-9999.00,13.98,2.71,9.74,32.26,7.00,2.00,1.72,41.00,885.10,0.00,-9999.00,1.97,11.70,826.10,164.60,45.80,210.40,1.60,807.90,2.01,110.30,0,0,1
2022-04-06T13:35:40,40.765293,-111.909157,1316.80,-9999.00,-9999.00,-9999.00,13.98,2.73,9.76,32.06,7.00,2.00,1.72,41.00,885.30,0.00,-9999.00,1.97,11.70,825.90,165.10,43.70,208.80,1.60,808.20,1.91,109.50,0,0,1
2022-04-06T13:35:45,40.765285,-111.909157,1316.80,-9999.00,-9999.00,-9999.00,13.98,2.74,9.81,31.92,8.00,2.00,1.72,41.00,885.10,0.00,-9999.00,1.98,11.80,830.90,164.80,43.30,208.10,1.60,807.90,1.94,110.80,0,0,1
2022-04-06T13:35:50,40.765289,-111.909149,1316.80,-9999.00,-9999.00,-9999.00,13.98,2.75,9.85,31.81,7.00,2.00,1.72,41.00,885.20,0.00,-9999.00,1.97,11.80,830.90,163.40,43.30,206.70,1.60,808.20,2.01,110.30,0,0,1
2022-04-06T13:35:55,40.765285,-111.909149,1316.80,-9999.00,-9999.00,-9999.00,13.98,2.77,9.87,31.74,6.00,2.00,1.78,41.00,885.10,0.00,-9999.00,1.97,11.80,825.90,163.80,43.00,206.80,1.60,808.20,1.91,109.50,0,0,1
2022-04-06T13:36:00,40.765289,-111.909149,1316.80,-9999.00,-9999.00,-9999.00,13.98,2.78,9.89,31.72,7.00,2.00,1.78,41.00,885.20,0.00,-9999.00,1.97,11.80,826.30,162.90,41.20,204.10,1.60,808.50,1.93,110.20,0,0,1
2022-04-06T13:36:05,40.765289,-111.909149,1316.80,-9999.00,-9999.00,-9999.00,13.98,2.79,9.91,31.72,8.00,2.00,1.78,41.00,885.30,0.00,1.00,1.97,11.90,830.90,156.30,41.10,197.40,1.60,807.90,2.02,110.90,0,0,1
2022-04-06T13:36:10,40.765285,-111.909149,1316.80,-9999.00,-9999.00,-9999.00,13.99,2.80,9.95,31.70,8.00,2.00,1.78,41.00,885.00,0.00,1.80,1.98,11.90,831.00,156.70,44.10,200.80,1.60,808.20,1.91,109.50,0,0,1
2022-04-06T13:36:15,40.765285,-111.909149,1316.90,-9999.00,-9999.00,-9999.00,13.98,2.82,9.97,31.66,6.00,2.00,1.78,41.00,885.30,0.00,3.40,1.98,11.90,826.10,155.10,46.80,201.90,1.60,808.10,1.93,110.40,0,0,1
2022-04-06T13:36:20,40.765289,-111.909149,1316.90,-9999.00,-9999.00,-9999.00,13.98,2.83,10.01,31.60,7.00,2.00,1.89,41.00,885.20,0.00,0.70,1.98,11.90,826.10,157.00,46.70,203.70,1.70,808.20,2.02,110.30,0,0,1
2022-04-06T13:36:25,40.765285,-111.909149,1316.90,-9999.00,-9999.00,-9999.00,13.98,2.84,10.03,31.60,8.00,2.00,1.89,41.00,885.20,0.00,-6.30,1.97,12.00,830.90,157.40,42.20,199.60,1.70,808.30,1.91,109.30,0,0,1
2022-04-06T13:36:30,40.765285,-111.909149,1316.90,-9999.00,-9999.00,-9999.00,13.98,2.85,10.07,31.58,8.00,2.00,1.89,41.00,885.10,0.00,1.20,1.98,12.00,830.80,157.70,30.90,188.60,1.70,808.10,1.94,110.60,0,0,1
2022-04-06T13:36:35,40.765285,-111.909149,1316.90,-9999.00,-9999.00,-9999.00,13.98,2.87,10.09,31.58,7.00,2.00,2.00,40.00,885.10,0.00,1.40,1.98,12.00,825.90,161.20,30.80,192.00,1.70,808.30,2.01,110.30,0,0,1
2022-04-06T13:36:40,40.765289,-111.909149,1316.90,-9999.00,-9999.00,-9999.00,13.98,2.88,10.13,31.54,8.00,2.00,2.00,40.00,885.00,0.00,-2.50,1.99,12.00,826.20,161.70,30.40,192.10,1.70,808.00,1.91,109.80,0,0,1
2022-04-06T13:36:45,40.765285,-111.909149,1316.70,-9999.00,-9999.00,-9999.00,13.98,2.89,10.15,31.46,9.00,2.00,2.00,40.00,885.20,0.00,5.00,1.98,12.00,830.70,161.90,43.20,205.10,1.70,807.90,1.94,110.80,0,0,1
2022-04-06T13:36:50,40.765282,-111.909142,1316.60,-9999.00,-9999.00,-9999.00,13.98,2.91,10.19,31.36,8.00,2.00,2.00,40.00,885.20,0.00,6.70,1.99,12.10,830.90,155.90,43.10,199.00,1.70,807.80,2.02,110.40,0,0,1
2022-04-06T13:36:55,40.765285,-111.909126,1316.60,-9999.00,-9999.00,-9999.00,13.98,2.92,10.21,31.24,9.00,2.00,2.11,40.00,885.10,0.00,-1.90,1.98,12.10,826.20,156.40,48.70,205.10,1.70,808.00,1.92,110.00,0,0,1
2022-04-06T13:37:00,40.765285,-111.909119,1316.50,-9999.00,-9999.00,-9999.00,13.98,2.93,10.23,31.14,7.00,2.00,2.11,40.00,885.10,0.00,-4.00,1.97,12.10,826.60,156.50,47.70,204.20,1.70,807.80,1.94,111.10,0,0,1
2022-04-06T13:37:05,40.765282,-111.909119,1316.30,-9999.00,-9999.00,-9999.00,13.98,2.94,10.25,30.99,8.00,2.00,2.11,40.00,885.10,0.00,3.90,1.99,12.10,831.00,162.10,47.60,209.70,1.70,807.90,2.02,110.60,0,0,1
2022-04-06T13:37:10,40.765293,-111.909111,1316.30,-9999.00,-9999.00,-9999.00,13.98,2.96,10.27,30.73,7.00,2.00,2.11,40.00,885.00,0.00,-1.90,1.97,12.20,830.80,162.50,43.90,206.40,1.70,808.30,1.91,109.40,0,0,1
2022-04-06T13:37:15,40.765297,-111.909111,1316.30,-9999.00,-9999.00,-9999.00,13.98,2.97,10.31,30.66,8.00,2.00,2.11,40.00,885.30,0.00,3.50,1.99,12.20,826.30,164.30,38.70,203.00,1.70,808.10,1.94,110.50,0,0,1
2022-04-06T13:37:20,40.765297,-111.909111,1316.30,-9999.00,-9999.00,-9999.00,13.98,2.98,10.33,30.70,7.00,2.00,2.22,40.00,885.10,0.00,-0.80,1.98,12.20,826.50,163.60,38.60,202.20,1.70,808.30,2.02,110.20,0,0,1
2022-04-06T13:37:25,40.765305,-111.909111,1316.30,-9999.00,-9999.00,-9999.00,13.98,3.00,10.37,30.50,8.00,2.00,2.22,40.00,885.20,0.00,0.60,1.97,12.20,830.90,164.10,38.50,202.60,1.70,808.00,1.91,109.70,0,0,1
2022-04-06T13:37:30,40.765305,-111.909103,1316.30,-9999.00,-9999.00,-9999.00,13.98,3.01,10.41,30.31,7.00,2.00,2.22,40.00,885.00,0.00,-1.30,1.99,12.20,830.80,163.20,40.30,203.50,1.70,808.00,1.94,111.00,0,0,1
2022-04-06T13:37:35,40.765305,-111.909103,1316.30,-9999.00,-9999.00,-9999.00,13.98,3.02,10.43,30.26,7.00,2.00,2.22,40.00,885.20,0.00,-1.00,2.00,12.30,826.30,160.90,40.30,201.20,1.70,807.90,2.01,110.30,0,0,1
2022-04-06T13:37:40,40.765305,-111.909103,1316.30,-9999.00,-9999.00,-9999.00,13.98,3.04,10.45,30.22,7.00,2.00,2.28,40.00,885.10,0.00,-1.30,1.99,12.30,826.70,161.30,43.50,204.80,1.70,808.10,1.91,109.60,0,0,1
2022-04-06T13:37:45,40.765305,-111.909103,1316.30,-9999.00,-9999.00,-9999.00,13.98,3.05,10.47,30.23,6.00,2.00,2.28,40.00,885.20,0.00,2.00,1.97,12.30,830.80,162.20,48.20,210.40,1.70,808.20,1.94,110.50,0,0,1
2022-04-06T13:37:50,40.765305,-111.909103,1316.30,-9999.00,-9999.00,-9999.00,13.98,3.06,10.50,30.40,6.00,2.00,2.28,40.00,885.30,0.00,0.30,1.97,12.30,830.70,163.40,48.10,211.50,1.70,807.90,2.02,110.60,0,0,1
2022-04-06T13:37:55,40.765305,-111.909111,1316.30,-9999.00,-9999.00,-9999.00,13.98,3.08,10.52,30.49,6.00,2.00,2.28,40.00,885.20,0.00,2.20,1.97,12.30,826.50,163.80,46.60,210.40,1.70,808.00,1.92,109.70,0,0,1
2022-04-06T13:38:00,40.765308,-111.909119,1316.60,-9999.00,-9999.00,-9999.00,13.98,3.09,10.55,30.50,6.00,2.00,2.39,40.00,885.10,0.00,2.50,1.97,12.40,826.60,162.70,43.60,206.30,1.70,807.60,1.94,111.10,0,0,1
2022-04-06T13:38:05,40.765308,-111.909126,1316.60,-9999.00,-9999.00,-9999.00,13.98,3.10,10.57,30.50,5.00,2.00,2.39,40.00,885.40,0.00,0.00,1.96,12.40,830.90,168.80,43.50,212.30,1.80,807.90,2.02,110.80,0,0,1
2022-04-06T13:38:10,40.765308,-111.909126,1316.60,-9999.00,-9999.00,-9999.00,13.98,3.12,10.65,30.50,7.00,2.00,2.39,40.00,885.20,0.00,1.00,1.98,12.40,830.60,169.20,44.50,213.70,1.80,808.20,1.90,109.00,0,0,1
2022-04-06T13:38:15,40.765312,-111.909126,1316.60,-9999.00,-9999.00,-9999.00,13.98,3.13,10.67,30.56,8.00,2.00,2.39,40.00,885.10,0.00,-6.00,1.98,12.40,826.60,176.80,43.60,220.40,1.80,808.10,1.94,110.40,0,0,1
2022-04-06T13:38:20,40.765316,-111.909126,1316.60,-9999.00,-9999.00,-9999.00,13.98,3.14,10.65,30.40,7.00,2.00,2.50,40.00,885.20,0.00,1.10,1.98,12.40,826.60,176.60,43.50,220.10,1.80,808.20,2.01,110.30,0,0,1
2022-04-06T13:38:25,40.765320,-111.909119,1316.60,-9999.00,-9999.00,-9999.00,13.98,3.15,10.69,30.06,8.00,2.00,2.50,39.00,885.10,0.00,-9.40,1.98,12.40,830.90,177.00,41.20,218.20,1.80,808.10,1.91,109.50,0,0,1
2022-04-06T13:38:30,40.765324,-111.909119,1316.60,-9999.00,-9999.00,-9999.00,13.98,3.17,10.71,29.82,8.00,2.00,2.50,39.00,885.10,0.00,5.40,1.98,12.50,830.80,173.20,35.00,208.20,1.80,808.20,1.94,110.30,0,0,1
2022-04-06T13:38:35,40.765324,-111.909119,1316.60,-9999.00,-9999.00,-9999.00,13.98,3.18,10.73,29.64,7.00,2.00,2.50,39.00,885.30,0.00,4.40,1.99,12.50,826.70,175.20,34.90,210.10,1.80,808.30,2.01,110.10,0,0,1
2022-04-06T13:38:40,40.765324,-111.909119,1316.60,-9999.00,-9999.00,-9999.00,13.98,3.19,10.77,29.55,7.00,2.00,2.61,39.00,885.00,0.00,-1.80,1.98,12.50,826.70,175.70,32.70,208.40,1.80,808.20,1.90,109.10,0,0,1
2022-04-06T13:38:45,40.765324,-111.909111,1316.60,-9999.00,-9999.00,-9999.00,13.98,3.21,10.79,29.55,8.00,2.00,2.61,39.00,885.40,0.00,13.00,1.99,12.50,830.90,175.40,36.40,211.80,1.80,808.10,1.94,110.50,0,0,1
2022-04-06T13:38:50,40.765316,-111.909119,1316.60,-9999.00,-9999.00,-9999.00,13.98,3.22,10.81,29.57,7.00,2.00,2.61,39.00,885.30,0.00,-2.90,1.97,12.60,830.80,169.40,36.30,205.70,1.80,807.90,2.01,110.10,0,0,1
2022-04-06T13:38:55,40.765308,-111.909119,1316.60,-9999.00,-9999.00,-9999.00,13.98,3.23,10.85,29.59,6.00,2.00,2.61,39.00,885.20,0.00,-2.00,2.00,12.60,827.20,169.80,38.10,207.90,1.80,808.10,1.91,109.30,0,0,1
2022-04-06T13:39:00,40.765308,-111.909119,1316.60,-9999.00,-9999.00,-9999.00,13.98,3.25,10.87,29.59,6.00,2.00,2.72,39.00,885.20,0.00,4.00,1.98,12.60,826.90,164.70,43.90,208.60,1.80,808.00,1.94,110.60,0,0,1
2022-04-06T13:39:05,40.765305,-111.909126,1316.70,-9999.00,-9999.00,-9999.00,13.98,3.26,10.89,29.57,6.00,2.00,2.72,39.00,885.30,0.00,-1.10,1.98,12.60,830.60,159.30,43.80,203.10,1.80,808.20,2.01,110.10,0,0,1
2022-04-06T13:39:10,40.765308,-111.909126,1316.70,-9999.00,-9999.00,-9999.00,13.98,3.27,10.93,29.61,7.00,2.00,2.72,39.00,885.40,0.00,-0.20,1.99,12.70,830.90,159.80,48.90,208.70,1.80,808.10,1.91,109.20,0,0,1
2022-04-06T13:39:15,40.765308,-111.909126,1316.70,-9999.00,-9999.00,-9999.00,13.98,3.29,10.95,29.63,7.00,2.00,2.72,39.00,885.30,0.00,0.00,2.00,12.70,826.80,164.70,45.30,210.00,1.80,808.20,1.94,110.40,0,0,1
2022-04-06T13:39:20,40.765312,-111.909134,1316.60,-9999.00,-9999.00,-9999.00,13.98,3.30,10.97,29.63,7.00,2.00,2.78,39.00,885.20,0.00,4.80,1.98,12.70,827.10,167.90,45.20,213.10,1.80,808.10,2.01,110.10,0,0,1
2022-04-06T13:39:25,40.765316,-111.909134,1316.60,-9999.00,-9999.00,-9999.00,13.99,3.31,10.99,29.60,7.00,2.00,2.78,39.00,885.20,0.00,3.30,1.98,12.70,830.80,168.30,40.80,209.10,1.80,808.00,1.91,109.50,0,0,1
2022-04-06T13:39:30,40.765316,-111.909134,1316.60,-9999.00,-9999.00,-9999.00,13.98,3.33,11.03,29.56,7.00,2.00,2.78,39.00,885.10,0.00,1.20,1.98,12.70,830.80,163.00,45.50,208.50,1.80,808.00,1.94,110.70,0,0,1
2022-04-06T13:39:35,40.765316,-111.909134,1316.60,-9999.00,-9999.00,-9999.00,13.98,3.34,11.05,29.38,7.00,2.00,2.78,39.00,885.20,0.00,2.40,2.00,12.70,827.20,157.20,45.50,202.70,1.80,807.60,2.02,110.80,0,0,1
2022-04-06T13:39:40,40.765316,-111.909134,1316.60,-9999.00,-9999.00,-9999.00,13.98,3.35,11.07,29.20,6.00,2.00,2.89,39.00,885.10,0.00,1.90,1.98,12.80,827.00,157.70,49.40,207.10,1.80,807.90,1.91,109.70,0,0,1
2022-04-06T13:39:45,40.765308,-111.909149,1316.40,-9999.00,-9999.00,-9999.00,13.98,3.37,11.09,29.13,7.00,2.00,2.89,39.00,885.10,0.00,3.60,1.99,12.80,830.90,160.10,46.10,206.20,1.90,807.90,1.94,110.40,0,0,1
2022-04-06T13:39:50,40.765301,-111.909149,1316.30,-9999.00,-9999.00,-9999.00,13.95,3.38,11.12,29.11,7.00,2.00,2.89,39.00,885.10,0.00,-1.10,1.98,12.80,830.90,159.40,46.00,205.40,1.90,808.00,2.01,110.40,0,0,1
2022-04-06T13:39:55,40.765301,-111.909142,1316.30,-9999.00,-9999.00,-9999.00,13.95,3.40,11.14,29.08,6.00,2.00,2.89,38.00,885.20,0.00,1.50,1.98,12.80,827.00,159.80,44.00,203.80,1.90,807.90,1.92,109.80,0,0,1
2022-04-06T13:40:00,40.765301,-111.909142,1316.30,-9999.00,-9999.00,-9999.00,13.95,3.41,11.17,29.00,6.00,2.00,2.89,38.00,885.40,0.00,-1.20,2.00,12.90,827.20,158.20,40.90,199.10,1.90,807.60,1.95,110.90,0,0,1
2022-04-06T13:40:05,40.765297,-111.909142,1316.40,-9999.00,-9999.00,-9999.00,13.95,3.42,11.19,28.92,7.00,2.00,2.89,38.00,885.20,0.00,-2.20,1.99,12.90,830.80,169.00,40.80,209.80,1.90,807.70,2.02,110.90,0,0,1
2022-04-06T13:40:10,40.765293,-111.909142,1316.40,-9999.00,-9999.00,-9999.00,13.95,3.44,11.21,28.87,7.00,2.00,3.00,38.00,885.30,0.00,0.20,1.99,12.90,830.80,169.40,36.50,205.90,1.90,808.10,1.91,109.30,0,0,1
2022-04-06T13:40:15,40.765285,-111.909142,1316.40,-9999.00,-9999.00,-9999.00,13.95,3.45,11.28,28.90,7.00,2.00,3.00,38.00,885.10,0.00,-0.30,1.98,12.90,827.10,173.50,36.50,210.00,1.90,808.00,1.94,110.50,0,0,1
2022-04-06T13:40:20,40.765282,-111.909142,1316.40,-9999.00,-9999.00,-9999.00,13.94,3.46,11.27,28.89,8.00,2.00,3.00,38.00,885.40,0.00,1.90,1.99,12.90,827.30,172.70,36.50,209.20,1.90,808.10,2.01,110.10,0,0,1
2022-04-06T13:40:25,40.765274,-111.909149,1316.40,-9999.00,-9999.00,-9999.00,13.95,3.48,11.29,28.87,7.00,2.00,3.00,38.00,885.10,0.00,-0.90,1.99,13.00,830.80,173.20,41.40,214.60,1.90,807.90,1.91,109.70,0,0,1
2022-04-06T13:40:30,40.765270,-111.909157,1316.40,-9999.00,-9999.00,-9999.00,13.95,3.49,11.31,28.87,6.00,2.00,3.11,38.00,885.40,0.00,-1.50,1.98,13.00,830.70,175.30,46.50,221.80,1.90,808.10,1.94,110.40,0,0,1
2022-04-06T13:40:35,40.765270,-111.909164,1316.40,-9999.00,-9999.00,-9999.00,13.94,3.50,11.33,28.81,6.00,2.00,3.11,38.00,885.10,0.00,-3.10,2.00,13.00,827.30,170.20,46.40,216.60,1.90,807.90,2.01,110.40,0,0,1
2022-04-06T13:40:40,40.765270,-111.909164,1316.40,-9999.00,-9999.00,-9999.00,13.95,3.52,11.37,28.67,6.00,2.00,3.11,38.00,885.10,0.00,-1.00,2.00,13.00,827.40,170.60,48.20,218.80,1.90,807.90,1.92,109.60,0,0,1
2022-04-06T13:40:45,40.765270,-111.909164,1316.40,-9999.00,-9999.00,-9999.00,13.95,3.53,11.39,28.61,7.00,2.00,3.11,38.00,885.20,0.00,-2.30,1.98,13.10,830.80,165.60,51.30,216.90,1.90,807.90,1.94,110.60,0,0,1
2022-04-06T13:40:50,40.765274,-111.909172,1316.40,-9999.00,-9999.00,-9999.00,13.95,3.54,11.41,28.61,7.00,2.00,3.11,38.00,885.20,0.00,2.00,2.00,13.10,830.70,165.90,51.20,217.10,1.90,807.70,2.01,110.30,0,0,1
2022-04-06T13:40:55,40.765270,-111.909180,1316.40,-9999.00,-9999.00,-9999.00,13.95,3.56,11.43,28.53,7.00,2.00,3.22,38.00,885.20,0.00,-0.60,1.99,13.10,827.30,166.30,49.60,215.90,1.90,807.90,1.92,109.60,0,0,1
2022-04-06T13:41:00,40.765263,-111.909195,1316.40,-9999.00,-9999.00,-9999.00,13.95,3.57,11.45,28.47,7.00,2.00,3.22,38.00,885.20,0.00,0.90,2.00,13.10,827.40,168.40,41.90,210.30,1.90,807.80,1.94,110.60,0,0,1
2022-04-06T13:41:05,40.765266,-111.909195,1316.30,-9999.00,-9999.00,-9999.00,13.95,3.58,11.47,28.47,7.00,2.00,3.22,38.00,885.10,0.00,-0.00,1.98,13.10,830.70,168.30,41.80,210.10,1.90,807.70,2.02,110.80,0,0,1
2022-04-06T13:41:10,40.765266,-111.909187,1316.30,-9999.00,-9999.00,-9999.00,13.95,3.60,11.51,28.47,6.00,2.00,3.22,38.00,885.20,0.00,3.10,1.97,13.20,830.80,168.70,40.10,208.80,1.90,807.90,1.92,109.60,0,0,1
2022-04-06T13:41:15,40.765278,-111.909180,1316.40,-9999.00,-9999.00,-9999.00,13.95,3.61,11.53,28.43,6.00,2.00,3.28,38.00,885.20,0.00,-4.20,1.99,13.20,827.50,167.30,41.10,208.40,1.90,807.70,1.94,110.70,0,0,1
2022-04-06T13:41:20,40.765285,-111.909180,1316.40,-9999.00,-9999.00,-9999.00,13.94,3.63,11.56,28.33,7.00,2.00,3.28,38.00,885.40,0.00,-1.10,1.98,13.20,827.40,161.60,41.00,202.60,2.00,807.90,2.01,110.50,0,0,1
2022-04-06T13:41:25,40.765289,-111.909180,1316.40,-9999.00,-9999.00,-9999.00,13.95,3.64,11.58,28.27,7.00,2.00,3.28,38.00,885.40,0.00,-1.00,1.99,13.20,830.80,162.00,45.20,207.20,2.00,807.90,1.91,109.50,0,0,1
2022-04-06T13:41:30,40.765293,-111.909187,1316.40,-9999.00,-9999.00,-9999.00,13.94,3.65,11.60,28.01,6.00,2.00,3.28,38.00,885.20,0.00,1.30,1.98,13.20,830.50,162.00,49.90,211.90,2.00,807.90,1.94,110.70,0,0,1
2022-04-06T13:41:35,40.765293,-111.909195,1316.40,-9999.00,-9999.00,-9999.00,13.95,3.67,11.62,27.74,6.00,2.00,3.39,38.00,885.30,0.00,2.00,1.99,13.10,827.70,167.40,49.80,217.20,2.00,807.90,2.01,110.20,0,0,1
2022-04-06T13:41:40,40.765297,-111.909195,1316.40,-9999.00,-9999.00,-9999.00,13.95,3.68,11.64,27.59,5.00,2.00,3.39,38.00,885.20,0.00,6.90,1.99,13.30,827.40,167.80,45.80,213.60,2.00,808.00,1.91,109.40,0,0,1
2022-04-06T13:41:45,40.765297,-111.909195,1316.40,-9999.00,-9999.00,-9999.00,13.95,3.69,11.68,27.57,6.00,2.00,3.39,37.00,885.30,0.00,1.40,1.99,13.30,830.80,166.20,45.20,211.40,2.00,808.00,1.94,110.40,0,0,1
2022-04-06T13:41:50,40.765297,-111.909203,1316.40,-9999.00,-9999.00,-9999.00,13.95,3.71,11.70,27.57,7.00,2.00,3.39,37.00,885.30,0.00,1.20,1.99,13.30,830.50,166.30,45.10,211.40,2.00,807.80,2.01,110.40,0,0,1
2022-04-06T13:41:55,40.765293,-111.909203,1316.40,-9999.00,-9999.00,-9999.00,13.95,3.72,11.72,27.65,7.00,2.00,3.39,37.00,885.20,0.00,3.60,1.99,13.30,827.50,166.70,49.90,216.60,2.00,807.80,1.92,109.80,0,0,1
2022-04-06T13:42:00,40.765282,-111.909195,1316.40,-9999.00,-9999.00,-9999.00,13.95,3.74,11.74,27.75,7.00,2.00,3.50,37.00,885.30,0.00,0.20,1.99,13.30,827.80,173.00,51.20,224.20,2.00,807.70,1.94,110.70,0,0,1
2022-04-06T13:42:05,40.765274,-111.909203,1316.40,-9999.00,-9999.00,-9999.00,13.95,3.75,11.76,27.76,9.00,2.00,3.50,37.00,885.40,0.00,2.80,1.99,13.40,830.80,172.90,51.10,224.00,2.00,807.90,2.01,110.30,0,0,1
2022-04-06T13:42:10,40.765263,-111.909210,1316.40,-9999.00,-9999.00,-9999.00,13.94,3.76,11.78,27.58,7.00,2.00,3.50,37.00,885.20,0.00,2.70,1.98,13.40,830.80,173.40,50.20,223.60,2.00,807.80,1.92,109.80,0,0,1
2022-04-06T13:42:15,40.765244,-111.909210,1316.50,-9999.00,-9999.00,-9999.00,13.95,3.78,11.83,27.44,6.00,2.00,3.50,37.00,885.10,0.00,-8.30,1.99,13.40,827.60,167.70,55.50,223.20,2.00,807.60,1.94,111.00,0,0,1
2022-04-06T13:42:20,40.765209,-111.909218,1316.50,-9999.00,-9999.00,-9999.00,13.95,3.79,11.82,27.30,5.00,2.00,3.61,37.00,885.20,0.00,0.80,1.99,13.40,827.80,174.30,55.40,229.70,2.00,807.50,2.01,110.70,0,0,1
2022-04-06T13:42:25,40.765190,-111.909225,1316.40,-9999.00,-9999.00,-9999.00,13.95,3.81,11.84,27.22,6.00,2.00,3.61,37.00,885.40,0.00,1.40,2.00,13.50,830.70,174.70,55.80,230.50,2.00,808.00,1.91,109.30,0,0,1
2022-04-06T13:42:30,40.765186,-111.909210,1316.30,-9999.00,-9999.00,-9999.00,13.95,3.82,11.86,27.20,7.00,2.00,3.72,37.00,885.20,0.00,1.80,2.00,13.50,830.70,183.70,48.20,231.90,2.00,807.90,1.94,110.40,0,0,1
2022-04-06T13:42:35,40.765179,-111.909218,1316.30,-9999.00,-9999.00,-9999.00,13.95,3.83,11.88,27.20,7.00,2.00,3.72,37.00,885.20,0.00,-0.10,2.00,13.50,827.60,185.10,48.10,233.20,2.00,808.10,2.01,110.30,0,0,1
2022-04-06T13:42:40,40.765171,-111.909218,1316.30,-9999.00,-9999.00,-9999.00,13.95,3.85,11.90,27.20,6.00,2.00,3.72,37.00,885.20,0.00,-1.00,1.98,13.50,827.70,185.60,48.20,233.80,2.00,807.80,1.91,109.30,0,0,1
2022-04-06T13:42:45,40.765167,-111.909218,1316.40,-9999.00,-9999.00,-9999.00,13.95,3.86,11.94,27.20,9.00,2.00,3.72,37.00,885.30,0.00,-3.20,2.00,13.60,830.40,184.10,51.30,235.40,2.10,807.80,1.94,110.40,0,0,1
2022-04-06T13:42:50,40.765167,-111.909218,1316.40,-9999.00,-9999.00,-9999.00,13.94,3.87,11.96,27.20,7.00,2.00,3.72,37.00,885.30,0.00,-2.70,2.00,13.60,830.90,181.80,51.20,233.00,2.10,807.60,2.01,110.70,0,0,1
2022-04-06T13:42:55,40.765163,-111.909203,1316.30,-9999.00,-9999.00,-9999.00,13.94,3.89,11.98,27.20,7.00,2.00,3.78,37.00,885.20,0.00,0.30,1.98,13.60,827.90,182.30,53.80,236.10,2.10,807.90,1.91,109.60,0,0,1
2022-04-06T13:43:00,40.765167,-111.909203,1316.30,-9999.00,-9999.00,-9999.00,13.95,3.90,12.00,27.22,7.00,2.00,3.78,37.00,885.20,0.00,-3.40,2.00,13.60,827.70,178.20,67.30,245.50,2.10,807.80,1.94,110.40,0,0,1
2022-04-06T13:43:05,40.765179,-111.909203,1316.30,-9999.00,-9999.00,-9999.00,13.95,3.92,12.02,27.26,6.00,2.00,3.78,37.00,885.30,0.00,0.90,2.00,13.60,830.60,178.80,67.20,246.00,2.10,807.90,2.01,110.10,0,0,1
2022-04-06T13:43:10,40.765186,-111.909195,1316.30,-9999.00,-9999.00,-9999.00,13.95,3.93,12.04,27.28,7.00,2.00,3.78,37.00,885.10,0.00,-3.00,2.00,13.70,830.80,179.30,71.60,250.90,2.10,807.80,1.91,109.60,0,0,1
2022-04-06T13:43:15,40.765213,-111.909187,1316.30,-9999.00,-9999.00,-9999.00,13.95,3.94,12.06,27.30,7.00,2.00,3.78,37.00,885.40,0.00,1.50,1.98,13.70,827.90,183.20,73.80,257.00,2.10,807.60,1.94,110.90,0,0,1
2022-04-06T13:43:20,40.765251,-111.909164,1316.20,-9999.00,-9999.00,-9999.00,13.94,3.96,12.08,27.32,7.00,2.00,3.89,37.00,885.10,0.00,-0.50,2.00,13.70,827.80,194.20,73.60,267.80,2.10,807.50,2.01,110.70,0,0,1
2022-04-06T13:43:25,40.765278,-111.909149,1316.00,-9999.00,-9999.00,-9999.00,13.94,3.97,12.10,27.35,7.00,2.00,3.89,37.00,885.40,0.00,-1.50,2.00,13.50,830.80,194.70,76.70,271.40,2.10,807.70,1.92,109.80,0,0,1
2022-04-06T13:43:30,40.765289,-111.909149,1316.00,-9999.00,-9999.00,-9999.00,13.94,3.98,12.12,27.29,10.00,2.00,3.89,37.00,885.20,0.00,-8.70,1.99,13.70,830.70,202.70,83.90,286.60,2.10,807.50,1.94,111.00,0,0,1
2022-04-06T13:43:35,40.765297,-111.909142,1315.90,-9999.00,-9999.00,-9999.00,13.95,4.00,12.14,27.15,8.00,2.00,3.89,37.00,885.40,0.00,8.80,2.00,13.70,827.80,212.20,83.70,295.90,2.10,807.80,2.01,110.20,0,0,1
2022-04-06T13:43:40,40.765301,-111.909142,1315.90,-9999.00,-9999.00,-9999.00,13.95,4.01,12.16,26.98,7.00,2.00,3.89,37.00,885.30,0.00,-0.10,2.00,13.80,828.00,212.80,85.60,298.40,2.10,807.70,1.92,109.70,0,0,1
2022-04-06T13:43:45,40.765305,-111.909142,1315.90,-9999.00,-9999.00,-9999.00,13.94,4.03,12.18,26.87,7.00,2.00,4.00,37.00,885.10,0.00,-1.70,1.99,13.80,830.70,216.40,88.30,304.70,2.10,807.70,1.94,110.50,0,0,1
2022-04-06T13:43:50,40.765308,-111.909142,1315.80,-9999.00,-9999.00,-9999.00,13.95,4.04,12.20,26.86,8.00,2.00,4.00,37.00,885.30,0.00,-1.00,2.00,13.80,830.50,204.00,88.20,292.20,2.10,807.70,2.01,110.50,0,0,1
2022-04-06T13:43:55,40.765312,-111.909142,1315.80,-9999.00,-9999.00,-9999.00,13.95,4.05,12.22,26.86,7.00,2.00,4.00,37.00,885.40,0.00,-0.80,1.98,13.80,827.80,204.50,91.30,295.80,2.10,807.70,1.92,109.60,0,0,1
2022-04-06T13:44:00,40.765316,-111.909142,1315.80,-9999.00,-9999.00,-9999.00,13.95,4.07,12.24,26.86,6.00,2.00,4.00,37.00,885.20,0.00,1.80,2.00,13.80,828.00,194.90,92.60,287.50,2.10,807.80,1.94,110.50,0,0,1
2022-04-06T13:44:05,40.765324,-111.909142,1315.80,-9999.00,-9999.00,-9999.00,13.95,4.08,12.26,26.86,7.00,2.00,4.11,37.00,885.20,0.00,-3.60,1.99,13.90,830.60,192.20,92.40,284.60,2.10,807.60,2.01,110.60,0,0,1
2022-04-06T13:44:10,40.765327,-111.909142,1315.80,-9999.00,-9999.00,-9999.00,13.94,4.10,12.28,26.80,6.00,2.00,4.11,37.00,885.20,0.00,-2.40,1.99,13.80,830.80,192.70,92.70,285.40,2.10,807.80,1.92,109.70,0,0,1
2022-04-06T13:44:15,40.765331,-111.909134,1315.70,-9999.00,-9999.00,-9999.00,13.95,4.11,12.35,26.72,6.00,2.00,4.11,37.00,885.20,0.00,2.50,2.00,13.90,828.00,193.80,94.50,288.30,2.20,807.60,1.94,111.20,0,0,1
2022-04-06T13:44:20,40.765331,-111.909126,1315.70,-9999.00,-9999.00,-9999.00,13.95,4.12,12.32,26.68,7.00,2.00,4.11,37.00,885.10,0.00,3.10,2.00,13.90,828.00,199.40,94.30,293.70,2.20,807.80,2.01,110.20,0,0,1
2022-04-06T13:44:25,40.765339,-111.909126,1315.70,-9999.00,-9999.00,-9999.00,13.95,4.14,12.34,26.60,6.00,2.00,4.22,37.00,885.20,0.00,1.70,1.99,14.00,830.70,199.90,93.70,293.60,2.20,807.90,1.91,109.10,0,0,1
2022-04-06T13:44:30,40.765339,-111.909126,1315.70,-9999.00,-9999.00,-9999.00,13.95,4.15,12.34,26.58,7.00,2.00,4.22,37.00,885.10,0.00,0.20,1.99,14.00,830.70,200.90,100.80,301.70,2.20,808.00,1.94,110.40,0,0,1
2022-04-06T13:44:35,40.765339,-111.909126,1315.70,-9999.00,-9999.00,-9999.00,13.95,4.17,12.36,26.58,7.00,2.00,4.22,37.00,885.30,0.00,0.30,2.00,14.00,828.10,193.60,100.60,294.20,2.20,807.60,2.01,110.60,0,0,1
2022-04-06T13:44:40,40.765339,-111.909126,1315.70,-9999.00,-9999.00,-9999.00,13.95,4.18,12.38,26.62,7.00,2.00,4.22,37.00,885.40,0.00,-1.00,2.01,14.00,828.20,194.20,108.50,302.70,2.20,807.80,1.92,109.90,0,0,1
2022-04-06T13:44:45,40.765339,-111.909126,1315.70,-9999.00,-9999.00,-9999.00,13.95,4.19,12.40,26.76,8.00,2.00,4.22,37.00,885.20,0.00,-2.80,2.02,14.00,830.60,199.40,100.50,299.90,2.20,807.60,1.94,110.80,0,0,1
2022-04-06T13:44:50,40.765339,-111.909126,1315.70,-9999.00,-9999.00,-9999.00,13.95,4.21,12.42,26.90,7.00,2.00,4.28,37.00,885.40,0.00,0.70,2.01,14.10,830.50,206.10,100.40,306.50,2.20,807.70,2.01,110.60,0,0,1
2022-04-06T13:44:55,40.765339,-111.909126,1315.70,-9999.00,-9999.00,-9999.00,13.95,4.22,12.44,27.00,7.00,2.00,4.28,37.00,885.40,0.00,5.10,1.99,14.10,828.00,206.50,87.80,294.30,2.20,807.80,1.91,109.30,0,0,1
2022-04-06T13:45:00,40.765347,-111.909126,1315.60,-9999.00,-9999.00,-9999.00,13.94,4.24,12.46,27.02,8.00,2.00,4.28,37.00,885.40,0.00,-0.30,1.99,14.10,828.20,196.70,83.70,280.40,2.20,808.00,1.93,110.20,0,0,1
2022-04-06T13:45:05,40.765347,-111.909119,1315.60,-9999.00,-9999.00,-9999.00,13.94,4.25,12.48,27.02,7.00,2.00,4.28,37.00,885.20,0.00,-5.30,2.00,14.10,830.60,195.70,83.60,279.30,2.20,807.90,2.01,110.10,0,0,1
2022-04-06T13:45:10,40.765358,-111.909103,1315.40,-9999.00,-9999.00,-9999.00,13.95,4.26,12.50,26.91,8.00,2.00,4.39,37.00,885.20,0.00,1.30,2.00,14.10,830.70,196.30,87.70,284.00,2.20,807.70,1.92,110.00,0,0,1
2022-04-06T13:45:15,40.765366,-111.909096,1315.30,-9999.00,-9999.00,-9999.00,13.95,4.28,12.54,26.71,7.00,2.00,4.39,37.00,885.40,0.00,-2.00,2.00,14.20,828.40,204.20,90.10,294.30,2.20,807.50,1.94,110.90,0,0,1
2022-04-06T13:45:20,40.765369,-111.909088,1315.30,-9999.00,-9999.00,-9999.00,13.94,4.29,12.54,26.55,7.00,2.00,4.39,37.00,885.10,0.00,3.70,2.00,14.20,828.10,198.80,89.90,288.70,2.20,807.50,2.01,110.50,0,0,1
2022-04-06T13:45:25,40.765369,-111.909081,1315.30,-9999.00,-9999.00,-9999.00,13.95,4.30,12.56,26.50,8.00,2.00,4.39,37.00,885.20,0.00,0.40,2.00,14.20,830.80,199.30,89.60,288.90,2.20,807.90,1.91,109.10,0,0,1
2022-04-06T13:45:30,40.765369,-111.909081,1315.30,-9999.00,-9999.00,-9999.00,13.95,4.32,12.58,26.39,7.00,2.00,4.39,37.00,885.30,0.00,0.80,1.99,14.20,830.50,195.50,80.40,275.90,2.20,807.70,1.94,110.40,0,0,1
2022-04-06T13:45:35,40.765366,-111.909081,1315.30,-9999.00,-9999.00,-9999.00,13.95,4.33,12.60,26.30,7.00,2.00,4.50,37.00,885.40,0.00,0.10,2.00,14.20,828.20,196.30,80.20,276.50,2.30,807.90,2.01,110.30,0,0,1
2022-04-06T13:45:40,40.765362,-111.909073,1315.30,-9999.00,-9999.00,-9999.00,13.95,4.35,12.62,26.28,6.00,2.00,4.50,37.00,885.20,0.00,4.60,2.00,14.20,828.30,196.80,74.40,271.20,2.30,807.70,1.91,109.50,0,0,1
2022-04-06T13:45:45,40.765358,-111.909058,1314.90,-9999.00,-9999.00,-9999.00,13.94,4.36,12.64,26.33,7.00,2.00,4.50,37.00,885.20,0.00,-1.40,2.00,14.30,830.70,191.40,79.00,270.40,2.30,807.80,1.94,110.40,0,0,1
2022-04-06T13:45:50,40.765350,-111.909058,1314.60,-9999.00,-9999.00,-9999.00,13.95,4.38,12.66,26.39,8.00,2.00,4.50,37.00,885.30,0.00,0.70,1.99,14.30,830.80,186.30,78.80,265.10,2.30,807.80,2.01,110.30,0,0,1
2022-04-06T13:45:55,40.765350,-111.909050,1314.60,-9999.00,-9999.00,-9999.00,13.94,4.39,12.66,26.42,8.00,2.00,4.50,37.00,885.50,0.00,-5.30,2.00,14.30,828.40,186.90,86.80,273.70,2.30,807.80,1.92,109.70,0,0,1
2022-04-06T13:46:00,40.765347,-111.909042,1314.60,-9999.00,-9999.00,-9999.00,13.95,4.40,12.68,26.42,8.00,2.00,4.61,37.00,885.10,0.00,-9999.00,2.00,14.30,828.20,193.40,90.30,283.70,2.30,807.90,1.94,110.10,0,0,1
2022-04-06T13:46:05,40.765339,-111.909042,1314.60,-9999.00,-9999.00,-9999.00,13.95,4.42,12.70,26.39,7.00,2.00,4.61,37.00,885.30,0.00,-9999.00,2.00,14.40,830.80,190.50,90.10,280.60,2.30,807.60,2.01,110.80,0,0,1
2022-04-06T13:46:10,40.765327,-111.909050,1314.70,-9999.00,-9999.00,-9999.00,13.94,4.43,12.72,26.36,8.00,2.00,4.61,37.00,885.40,0.00,-9999.00,2.00,14.40,830.50,190.90,87.30,278.20,2.30,807.90,1.92,109.40,0,0,1
2022-04-06T13:46:15,40.765308,-111.909058,1314.60,-9999.00,-9999.00,-9999.00,13.95,4.45,12.74,26.36,7.00,2.00,4.61,37.00,885.20,0.00,0.80,1.99,14.40,828.20,184.80,80.40,265.20,2.30,807.50,1.94,110.70,0,0,1
2022-04-06T13:46:20,40.765297,-111.909065,1314.60,-9999.00,-9999.00,-9999.00,13.95,4.46,12.79,26.47,6.00,2.00,4.72,37.00,885.20,0.00,3.20,2.00,14.40,828.50,191.10,80.20,271.30,2.30,808.00,2.00,110.00,0,0,1
2022-04-06T13:46:25,40.765293,-111.909065,1314.60,-9999.00,-9999.00,-9999.00,13.95,4.47,12.78,26.52,8.00,2.00,4.72,37.00,885.20,0.00,1.60,2.00,14.40,830.50,191.60,77.80,269.40,2.30,807.80,1.91,109.40,0,0,1
2022-04-06T13:46:30,40.765285,-111.909065,1314.70,-9999.00,-9999.00,-9999.00,13.95,4.49,12.80,26.50,8.00,2.00,4.72,37.00,885.10,0.00,-4.10,2.00,14.40,830.70,196.40,79.80,276.20,2.30,808.00,1.93,110.20,0,0,1
2022-04-06T13:46:35,40.765285,-111.909065,1314.70,-9999.00,-9999.00,-9999.00,13.95,4.50,12.82,26.42,7.00,2.00,4.72,37.00,885.40,0.00,-0.80,2.01,14.50,828.50,187.30,79.60,266.90,2.30,807.90,2.01,110.20,0,0,1
2022-04-06T13:46:40,40.765278,-111.909073,1314.70,-9999.00,-9999.00,-9999.00,13.95,4.51,12.84,26.40,8.00,2.00,4.72,36.00,885.30,0.00,2.70,2.01,14.50,828.30,187.80,83.60,271.40,2.30,807.70,1.92,109.50,0,0,1
2022-04-06T13:46:45,40.765266,-111.909073,1314.70,-9999.00,-9999.00,-9999.00,13.95,4.53,12.86,26.40,8.00,2.00,4.72,36.00,885.20,0.00,-1.40,1.99,14.50,830.80,181.40,90.50,271.90,2.30,807.50,1.94,110.90,0,0,1
2022-04-06T13:46:50,40.765251,-111.909096,1314.80,-9999.00,-9999.00,-9999.00,13.94,4.54,12.88,26.42,7.00,2.00,4.78,36.00,885.30,0.00,1.50,2.01,14.50,830.70,181.30,90.30,271.60,2.30,807.50,2.01,110.70,0,0,1
2022-04-06T13:46:55,40.765247,-111.909096,1314.80,-9999.00,-9999.00,-9999.00,13.94,4.56,12.88,26.50,8.00,2.00,4.78,36.00,885.50,0.00,4.30,2.01,14.50,828.30,181.70,89.80,271.50,2.30,807.80,1.91,109.40,0,0,1
2022-04-06T13:47:00,40.765247,-111.909088,1314.70,-9999.00,-9999.00,-9999.00,13.94,4.57,12.90,26.68,8.00,2.00,4.78,36.00,885.20,0.00,-9999.00,2.02,14.50,828.40,183.40,85.70,269.10,2.40,807.80,1.94,110.50,0,0,1
2022-04-06T13:47:05,40.765251,-111.909088,1314.60,-9999.00,-9999.00,-9999.00,13.94,4.58,12.90,26.92,8.00,2.00,4.89,36.00,885.30,0.00,-9999.00,2.01,14.60,830.70,187.60,85.50,273.10,2.40,807.50,2.01,110.50,0,0,1
2022-04-06T13:47:10,40.765247,-111.909096,1314.40,-9999.00,-9999.00,-9999.00,13.95,4.60,12.92,27.02,8.00,2.00,4.89,36.00,885.10,0.00,-9999.00,2.00,14.60,830.70,188.00,85.40,273.40,2.40,807.80,1.91,109.60,0,0,1
2022-04-06T13:47:15,40.765251,-111.909096,1314.40,-9999.00,-9999.00,-9999.00,13.95,4.61,12.94,26.99,7.00,2.00,4.89,36.00,885.30,0.00,-9999.00,2.01,14.60,828.50,191.20,86.10,277.30,2.40,807.90,1.93,110.30,0,0,1
2022-04-06T13:47:20,40.765247,-111.909096,1314.40,-9999.00,-9999.00,-9999.00,13.95,4.63,12.94,26.69,7.00,2.00,4.89,36.00,885.20,0.00,-9999.00,2.00,14.60,828.40,191.90,86.00,277.90,2.40,808.00,2.01,110.10,0,0,1
2022-04-06T13:47:25,40.765247,-111.909096,1314.40,-9999.00,-9999.00,-9999.00,13.95,4.64,12.96,26.45,8.00,2.00,4.89,36.00,885.40,0.00,-9999.00,2.00,14.70,830.60,192.40,87.00,279.40,2.40,807.80,1.91,109.60,0,0,1
2022-04-06T13:47:30,40.765244,-111.909103,1314.40,-9999.00,-9999.00,-9999.00,13.95,4.66,12.98,26.27,8.00,2.00,5.00,36.00,885.20,0.00,-9999.00,1.99,14.70,830.80,193.70,84.90,278.60,2.40,807.60,1.94,110.60,0,0,1
2022-04-06T13:47:35,40.765247,-111.909103,1314.40,-9999.00,-9999.00,-9999.00,13.94,4.67,13.02,26.14,7.00,2.00,5.00,36.00,885.30,0.00,-9999.00,2.00,14.70,828.60,196.20,84.80,281.00,2.40,807.70,2.01,110.30,0,0,1
2022-04-06T13:47:40,40.765247,-111.909103,1314.40,-9999.00,-9999.00,-9999.00,13.94,4.68,13.04,26.04,7.00,2.00,5.00,36.00,885.10,0.00,-9999.00,2.01,14.70,828.50,196.70,82.70,279.40,2.40,807.70,1.91,109.50,0,0,1
2022-04-06T13:47:45,40.765247,-111.909111,1314.20,-9999.00,-9999.00,-9999.00,13.95,4.70,13.06,25.91,6.00,2.00,5.00,36.00,885.40,0.00,-9999.00,2.00,14.70,830.80,195.40,83.80,279.20,2.40,807.80,1.93,110.70,0,0,1
2022-04-06T13:47:50,40.765251,-111.909111,1314.20,-9999.00,-9999.00,-9999.00,13.95,4.71,13.08,25.83,8.00,2.00,5.00,36.00,885.30,0.00,-9999.00,2.00,14.80,830.50,187.00,83.70,270.70,2.40,807.60,2.01,110.40,0,0,1
2022-04-06T13:47:55,40.765244,-111.909119,1313.70,-9999.00,-9999.00,-9999.00,13.95,4.72,13.08,25.68,8.00,2.00,5.00,36.00,885.30,0.00,-9999.00,1.99,14.80,828.40,187.40,88.70,276.10,2.40,807.80,1.92,109.30,0,0,1
2022-04-06T13:48:00,40.765244,-111.909119,1313.70,-9999.00,-9999.00,-9999.00,13.95,4.74,13.10,25.28,7.00,2.00,5.11,36.00,885.30,0.00,-9999.00,2.01,14.80,828.60,186.10,92.60,278.70,2.50,807.70,1.94,110.40,0,0,1
2022-04-06T13:48:05,40.765244,-111.909134,1313.60,-9999.00,-9999.00,-9999.00,13.95,4.75,13.12,24.98,7.00,2.00,5.11,36.00,885.20,0.00,-9999.00,2.00,14.80,830.70,191.40,92.40,283.80,2.50,807.80,2.01,110.10,0,0,1
2022-04-06T13:48:10,40.765240,-111.909142,1313.60,-9999.00,-9999.00,-9999.00,13.95,4.77,13.12,24.89,8.00,2.00,5.11,36.00,885.20,0.00,-9999.00,2.01,14.80,830.70,191.80,89.40,281.20,2.50,807.70,1.91,109.60,0,0,1
2022-04-06T13:48:15,40.765236,-111.909149,1313.60,-9999.00,-9999.00,-9999.00,13.95,4.78,13.14,24.79,9.00,2.00,5.11,36.00,885.30,0.00,-9999.00,1.99,14.80,828.50,191.70,90.40,282.10,2.50,807.50,1.94,110.80,0,0,1
2022-04-06T13:48:20,40.765236,-111.909157,1313.60,-9999.00,-9999.00,-9999.00,13.95,4.79,13.18,24.75,9.00,2.00,5.11,36.00,885.50,0.00,-9999.00,2.00,14.90,828.50,193.20,90.30,283.50,2.50,807.80,2.01,110.30,0,0,1
2022-04-06T13:48:25,40.765236,-111.909164,1313.50,-9999.00,-9999.00,-9999.00,13.91,4.81,13.17,24.68,10.00,2.00,5.22,36.00,885.30,0.00,-9999.00,2.00,14.70,830.80,193.70,93.20,286.90,2.50,807.70,1.92,109.60,0,0,1
2022-04-06T13:48:30,40.765232,-111.909172,1313.50,-9999.00,-9999.00,-9999.00,13.91,4.82,13.18,24.67,10.00,2.00,5.22,36.00,885.30,0.00,-9999.00,2.02,14.90,830.70,195.50,100.70,296.20,2.50,807.80,1.93,110.40,0,0,1
2022-04-06T13:48:35,40.765232,-111.909180,1313.50,-9999.00,-9999.00,-9999.00,13.91,4.84,13.20,24.69,10.00,2.00,5.22,36.00,885.40,0.00,-9999.00,2.01,14.90,828.60,199.20,100.60,299.80,2.50,807.60,2.01,110.50,0,0,1
2022-04-06T13:48:40,40.765232,-111.909195,1313.50,-9999.00,-9999.00,-9999.00,13.91,4.85,13.21,24.69,10.00,2.00,5.22,36.00,885.20,0.00,-9999.00,2.01,14.90,828.50,199.80,105.80,305.60,2.50,807.50,1.92,109.80,0,0,1
2022-04-06T13:48:45,40.765236,-111.909195,1313.50,-9999.00,-9999.00,-9999.00,13.91,4.87,13.23,24.69,11.00,2.00,5.22,36.00,885.30,0.00,-9999.00,2.01,15.00,830.70,205.30,111.10,316.40,2.50,807.20,1.94,111.20,0,0,1
2022-04-06T13:48:50,40.765240,-111.909195,1313.50,-9999.00,-9999.00,-9999.00,13.91,4.88,13.25,24.75,13.00,2.00,5.22,36.00,885.40,0.00,-9999.00,2.00,15.00,830.60,206.20,110.90,317.10,2.50,807.50,2.00,110.60,0,0,1
2022-04-06T13:48:55,40.765240,-111.909195,1313.50,-9999.00,-9999.00,-9999.00,13.91,4.89,13.27,24.79,11.00,2.00,5.28,36.00,885.40,0.00,-9999.00,2.00,15.00,828.50,206.70,115.70,322.40,2.50,807.60,1.92,109.70,0,0,1
2022-04-06T13:49:00,40.765240,-111.909203,1313.50,-9999.00,-9999.00,-9999.00,13.91,4.91,13.28,24.77,11.00,2.00,5.28,36.00,885.50,0.00,-9999.00,2.02,15.00,828.60,207.30,122.80,330.10,2.50,807.80,1.94,110.20,0,0,1
2022-04-06T13:49:05,40.765240,-111.909203,1313.50,-9999.00,-9999.00,-9999.00,13.91,4.92,13.29,24.75,11.00,2.00,5.28,36.00,885.40,0.00,1.10,2.00,15.00,830.60,216.90,122.60,339.50,2.50,807.30,2.01,110.70,0,0,1
2022-04-06T13:49:10,40.765244,-111.909203,1313.50,-9999.00,-9999.00,-9999.00,13.91,4.93,13.31,24.75,12.00,2.00,5.28,36.00,885.40,0.00,-1.50,2.01,15.10,830.60,217.40,120.30,337.70,2.50,807.80,1.91,109.40,0,0,1
2022-04-06T13:49:15,40.765244,-111.909210,1313.50,-9999.00,-9999.00,-9999.00,13.95,4.95,13.33,24.97,14.00,2.00,5.28,36.00,885.40,0.00,0.20,2.01,15.10,828.50,219.50,119.20,338.70,2.50,807.60,1.93,110.50,0,0,1
2022-04-06T13:49:20,40.765251,-111.909210,1313.50,-9999.00,-9999.00,-9999.00,13.95,4.96,13.35,25.15,14.00,2.00,5.39,36.00,885.30,0.00,2.50,2.00,15.10,828.70,216.90,118.90,335.80,2.60,807.80,2.01,110.30,0,0,1
2022-04-06T13:49:25,40.765255,-111.909210,1313.50,-9999.00,-9999.00,-9999.00,13.95,4.98,13.35,25.14,13.00,2.00,5.39,36.00,885.20,0.00,0.70,2.00,15.10,830.60,217.50,123.30,340.80,2.60,807.70,1.91,109.30,0,0,1
2022-04-06T13:49:30,40.765263,-111.909172,1313.30,-9999.00,-9999.00,-9999.00,13.95,4.99,13.37,25.12,13.00,2.00,5.39,36.00,885.40,0.00,1.60,2.00,15.10,830.50,217.50,129.60,347.10,2.60,807.70,1.94,110.60,0,0,1
2022-04-06T13:49:35,40.765270,-111.909164,1313.30,-9999.00,-9999.00,-9999.00,13.95,5.00,13.39,25.10,14.00,2.00,5.39,36.00,885.20,0.00,-2.30,2.01,15.10,828.50,223.40,129.30,352.70,2.60,807.80,2.01,110.10,0,0,1
2022-04-06T13:49:40,40.765274,-111.909157,1313.30,-9999.00,-9999.00,-9999.00,13.95,5.02,13.41,24.81,16.00,2.00,5.39,36.00,885.20,0.00,-1.60,2.02,15.20,828.60,224.00,133.70,357.70,2.60,807.60,1.92,109.60,0,0,1
2022-04-06T13:49:45,40.765274,-111.909149,1313.30,-9999.00,-9999.00,-9999.00,13.94,5.03,13.41,24.60,17.00,2.00,5.50,36.00,885.30,0.00,-1.00,2.01,15.20,830.70,228.50,145.90,374.40,2.60,807.50,1.94,110.80,0,0,1
2022-04-06T13:49:50,40.765274,-111.909149,1313.30,-9999.00,-9999.00,-9999.00,13.95,5.05,13.43,24.48,16.00,2.00,5.50,36.00,885.40,0.00,-0.20,2.00,15.20,830.60,232.00,145.60,377.60,2.60,807.40,2.01,110.80,0,0,1
2022-04-06T13:49:55,40.765274,-111.909149,1313.30,-9999.00,-9999.00,-9999.00,13.95,5.06,13.44,24.30,15.00,2.00,5.50,36.00,885.30,0.00,0.20,2.01,15.20,828.50,232.60,148.90,381.50,2.60,807.70,1.91,109.20,0,0,1
2022-04-06T13:50:00,40.765274,-111.909149,1313.30,-9999.00,-9999.00,-9999.00,13.94,5.08,13.45,24.25,14.00,2.00,5.50,37.00,885.40,0.00,-2.30,2.00,15.20,828.60,235.90,145.30,381.20,2.60,807.60,1.94,110.50,0,0,1
2022-04-06T13:50:05,40.765270,-111.909142,1313.30,-9999.00,-9999.00,-9999.00,13.95,5.09,13.47,24.21,14.00,2.00,5.50,37.00,885.20,0.00,2.80,2.01,15.30,830.60,224.10,145.00,369.10,2.60,807.80,2.01,110.10,0,0,1
2022-04-06T13:50:10,40.765274,-111.909142,1313.30,-9999.00,-9999.00,-9999.00,13.95,5.10,13.49,24.17,12.00,2.00,5.61,37.00,885.40,0.00,-1.90,2.00,15.30,830.60,224.70,145.40,370.10,2.60,807.60,1.92,109.70,0,0,1
2022-04-06T13:50:15,40.765270,-111.909134,1313.30,-9999.00,-9999.00,-9999.00,13.95,5.12,13.49,24.17,10.00,2.00,5.61,37.00,885.50,0.00,0.70,2.00,15.30,828.60,218.80,134.10,352.90,2.60,807.70,1.94,110.50,0,0,1
2022-04-06T13:50:20,40.765266,-111.909134,1313.30,-9999.00,-9999.00,-9999.00,13.94,5.13,13.53,24.21,9.00,2.00,5.61,37.00,885.40,0.00,0.10,2.00,15.30,828.60,215.10,133.90,349.00,2.60,807.50,2.00,110.40,0,0,1
2022-04-06T13:50:25,40.765259,-111.909134,1313.30,-9999.00,-9999.00,-9999.00,13.94,5.14,13.51,24.23,8.00,2.00,5.61,37.00,885.50,0.00,-2.60,2.01,15.30,830.60,215.50,120.50,336.00,2.60,807.60,1.91,109.40,0,0,1
2022-04-06T13:50:30,40.765251,-111.909134,1313.30,-9999.00,-9999.00,-9999.00,13.95,5.16,13.53,24.21,7.00,2.00,5.61,37.00,885.40,0.00,0.40,2.01,15.30,830.60,208.50,97.60,306.10,2.60,807.50,1.94,110.70,0,0,1
2022-04-06T13:50:35,40.765247,-111.909134,1313.40,-9999.00,-9999.00,-9999.00,13.95,5.17,13.55,24.23,6.00,2.00,5.61,37.00,885.40,0.00,2.40,2.01,15.40,828.80,209.10,97.40,306.50,2.70,807.50,2.01,110.30,0,0,1
