Timestamp,Latitude,Longitude,Elevation,GPS_Speed,GPS_Direction,GPS_RMC_Valid,Battery_Voltage,Bus_Box_Temperature,Bus_Top_Temperature,Bus_Top_Relative_Humidity,ES642_PM2.5_Concentration,ES642_Air_Flow_Rate,ES642_Internal_Air_Temperature,ES642_Internal_Relative_Humidity,ES642_Internal_Air_Pressure,ES642_Error_Code,2B_Ozone_Concentration,2B_Air_Flow_Rate,2B_Internal_Air_Temperature,2B_Internal_Air_Pressure,2B405_NO_Concentration,2B405_NO2_Concentration,2B405_NOX_Concentration,2B405_Internal_Air_Temperature,2B405_Internal_Air_Pressure,2B405_Air_Flow_Rate,2B405_Cell_O3_Flow_Rate,PM2.5_Data_Flagged,Ozone_Data_Flagged,GPS_Data_Flagged
UTC,ddeg,ddeg,m,m/s,deg,binary,volts,degC,degC,%,ug/m3,L/min,degC,%,hpa,code,ppbv,L/min,degC,hpa,ppbv,ppbv,ppbv,degC,hpa,L/min,mL/min,binary,binary,binary
2021-09-28T16:28:50,-9999.000000,-9999.000000,-9999.00,-9999.00,-9999.00,-9999.00,12.69,20.93,21.94,30.29,9.00,2.00,19.72,33.00,851.90,0.00,29.90,2.19,28.60,819.10,0.80,-2.00,-1.20,20.00,805.90,1.56,57.80,0,0,0
2021-09-28T16:28:55,-9999.000000,-9999.000000,-9999.00,-9999.00,-9999.00,-9999.00,12.38,20.93,22.01,30.36,8.00,2.00,19.72,33.00,852.20,0.00,26.40,2.18,28.60,819.10,0.90,0.90,1.80,20.00,805.30,1.56,57.00,0,0,0
2021-09-28T16:29:00,-9999.000000,-9999.000000,-9999.00,-9999.00,-9999.00,-9999.00,12.68,20.93,22.04,30.36,8.00,2.00,19.72,33.00,851.90,0.00,29.30,2.18,28.60,819.60,1.90,1.50,3.40,20.00,805.90,1.56,56.70,0,0,0
2021-09-28T16:29:05,-9999.000000,-9999.000000,-9999.00,-9999.00,-9999.00,-9999.00,12.70,20.93,22.01,30.36,8.00,2.00,19.72,33.00,851.90,0.00,27.70,2.17,28.60,819.50,8.20,1.50,9.70,20.00,805.80,1.56,57.80,0,0,0
2021-09-28T16:29:10,-9999.000000,-9999.000000,-9999.00,-9999.00,-9999.00,-9999.00,12.40,20.93,22.01,30.29,8.00,2.00,19.72,33.00,852.20,0.00,29.30,2.19,28.70,819.10,8.20,-2.50,5.70,20.00,805.40,1.55,56.90,0,0,0
2021-09-28T16:29:15,-9999.000000,-9999.000000,-9999.00,-9999.00,-9999.00,-9999.00,12.37,20.93,21.94,30.33,8.00,2.00,19.72,33.00,852.20,0.00,29.40,2.18,28.70,819.10,7.90,-3.80,4.10,20.00,805.90,1.56,56.80,0,0,0
2021-09-28T16:29:20,-9999.000000,-9999.000000,-9999.00,-9999.00,-9999.00,-9999.00,12.68,20.93,22.01,30.39,8.00,2.00,19.72,33.00,852.10,0.00,26.40,2.17,28.70,819.50,1.70,-3.80,-2.10,20.10,805.80,1.55,57.80,0,0,0
2021-09-28T16:29:25,-9999.000000,-9999.000000,-9999.00,-9999.00,-9999.00,-9999.00,12.71,20.96,22.07,30.36,8.00,2.00,19.72,33.00,852.20,0.00,27.00,2.18,28.70,819.60,1.80,1.40,3.20,20.10,805.40,1.55,56.90,0,0,0
2021-09-28T16:29:30,-9999.000000,-9999.000000,-9999.00,-9999.00,-9999.00,-9999.00,12.65,20.96,21.94,30.36,8.00,2.00,19.72,33.00,852.00,0.00,26.90,2.17,28.70,819.10,3.30,2.80,6.10,20.10,805.90,1.56,56.70,0,0,0
2021-09-28T16:29:35,-9999.000000,-9999.000000,-9999.00,-9999.00,-9999.00,-9999.00,12.70,20.96,22.01,30.33,7.00,2.00,19.72,33.00,852.20,0.00,30.20,2.18,28.80,819.10,6.00,2.80,8.80,20.10,805.90,1.55,57.70,0,0,0
2021-09-28T16:29:40,-9999.000000,-9999.000000,-9999.00,-9999.00,-9999.00,-9999.00,12.71,20.96,22.01,30.29,8.00,2.00,19.72,33.00,852.00,0.00,26.10,2.19,28.80,819.60,5.90,-1.40,4.50,20.10,805.40,1.55,57.00,0,0,0
2021-09-28T16:29:45,-9999.000000,-9999.000000,-9999.00,-9999.00,-9999.00,-9999.00,12.70,20.96,22.01,30.33,8.00,2.00,19.72,33.00,851.90,0.00,24.40,2.18,28.80,819.60,2.30,-3.10,-0.80,20.10,805.90,1.56,56.70,0,0,0
2021-09-28T16:29:50,-9999.000000,-9999.000000,-9999.00,-9999.00,-9999.00,-9999.00,12.71,20.96,22.07,30.33,7.00,2.00,19.72,33.00,852.10,0.00,25.90,2.17,28.80,819.00,-1.30,-3.10,-4.40,20.10,805.70,1.55,57.80,0,0,0
2021-09-28T16:29:55,-9999.000000,-9999.000000,-9999.00,-9999.00,-9999.00,-9999.00,12.71,20.96,22.07,30.36,7.00,2.00,19.72,33.00,852.20,0.00,24.60,2.17,28.80,819.10,-1.20,-0.80,-2.00,20.10,805.30,1.55,57.10,0,0,0
2021-09-28T16:30:00,-9999.000000,-9999.000000,-9999.00,-9999.00,-9999.00,-9999.00,12.38,20.96,22.01,30.29,8.00,2.00,19.72,33.00,852.00,0.00,27.80,2.17,28.90,819.60,-0.30,0.40,0.10,20.10,805.80,1.56,56.90,0,0,0
2021-09-28T16:30:05,-9999.000000,-9999.000000,-9999.00,-9999.00,-9999.00,-9999.00,12.69,20.96,22.01,30.29,8.00,2.00,19.72,33.00,852.00,0.00,27.50,2.18,28.90,819.50,-1.90,0.40,-1.50,20.10,805.90,1.55,57.90,0,0,0
2021-09-28T16:30:10,-9999.000000,-9999.000000,-9999.00,-9999.00,-9999.00,-9999.00,12.67,20.96,22.07,30.32,7.00,2.00,19.72,33.00,852.20,0.00,27.70,2.17,28.90,819.10,-1.90,1.80,-0.10,20.10,805.40,1.55,56.90,0,0,0
2021-09-28T16:30:15,-9999.000000,-9999.000000,-9999.00,-9999.00,-9999.00,-9999.00,12.69,20.99,22.07,30.36,7.00,2.00,19.72,33.00,852.10,0.00,26.90,2.18,28.90,819.10,-2.20,4.10,1.90,20.10,805.80,1.56,56.80,0,0,0
2021-09-28T16:30:20,-9999.000000,-9999.000000,-9999.00,-9999.00,-9999.00,-9999.00,12.70,20.99,22.07,30.36,6.00,2.00,19.72,33.00,852.20,0.00,28.20,2.18,28.90,819.50,3.60,4.10,7.70,20.10,805.90,1.55,57.80,0,0,0
2021-09-28T16:30:25,-9999.000000,-9999.000000,-9999.00,-9999.00,-9999.00,-9999.00,12.71,20.99,22.01,30.36,8.00,2.00,19.72,33.00,852.20,0.00,29.60,2.19,29.00,819.60,3.50,1.20,4.70,20.10,805.40,1.55,56.80,0,0,0
2021-09-28T16:30:30,-9999.000000,-9999.000000,-9999.00,-9999.00,-9999.00,-9999.00,12.68,20.99,22.07,30.43,8.00,2.00,19.72,33.00,852.10,0.00,29.60,2.19,29.00,819.10,6.90,-6.60,0.30,20.10,805.90,1.56,56.80,0,0,0
2021-09-28T16:30:35,-9999.000000,-9999.000000,-9999.00,-9999.00,-9999.00,-9999.00,12.33,20.99,22.07,30.43,7.00,2.00,19.72,33.00,852.10,0.00,29.20,2.18,29.00,819.10,7.60,-6.60,1.00,20.10,805.90,1.55,57.90,0,0,0
2021-09-28T16:30:40,-9999.000000,-9999.000000,-9999.00,-9999.00,-9999.00,-9999.00,12.64,20.99,22.07,30.53,8.00,2.00,19.72,33.00,852.20,0.00,29.60,2.19,29.00,819.60,7.60,-7.20,0.40,20.10,805.40,1.56,57.10,0,0,0
2021-09-28T16:30:45,-9999.000000,-9999.000000,-9999.00,-9999.00,-9999.00,-9999.00,12.69,20.99,22.14,30.49,8.00,2.00,19.72,33.00,852.10,0.00,27.70,2.19,29.00,819.60,4.10,1.80,5.90,20.10,805.90,1.56,56.80,0,0,0
2021-09-28T16:30:50,-9999.000000,-9999.000000,-9999.00,-9999.00,-9999.00,-9999.00,12.35,21.02,22.07,30.43,8.00,2.00,19.78,33.00,852.00,0.00,27.90,2.18,29.10,819.10,-2.30,1.80,-0.50,20.10,805.90,1.55,58.00,0,0,0
2021-09-28T16:30:55,-9999.000000,-9999.000000,-9999.00,-9999.00,-9999.00,-9999.00,12.54,21.02,22.07,30.49,8.00,2.00,19.78,33.00,852.20,0.00,30.30,2.18,29.10,819.10,-2.20,7.60,5.40,20.10,805.30,1.55,57.10,0,0,0
2021-09-28T16:31:00,-9999.000000,-9999.000000,-9999.00,-9999.00,-9999.00,-9999.00,12.66,20.99,22.07,30.49,7.00,2.00,19.78,33.00,852.30,0.00,29.90,2.17,29.10,819.60,-0.80,8.30,7.50,20.10,805.90,1.56,56.90,0,0,0
2021-09-28T16:31:05,-9999.000000,-9999.000000,-9999.00,-9999.00,-9999.00,-9999.00,12.66,20.99,22.14,30.53,8.00,2.00,19.78,33.00,852.10,0.00,29.10,2.19,29.10,819.50,0.90,8.30,9.20,20.10,805.80,1.55,58.00,0,0,0
2021-09-28T16:31:10,-9999.000000,-9999.000000,-9999.00,-9999.00,-9999.00,-9999.00,12.67,20.99,22.14,30.56,7.00,2.00,19.78,33.00,852.00,0.00,28.70,2.19,29.20,819.10,0.80,6.00,6.80,20.10,805.20,1.56,57.20,0,0,0
2021-09-28T16:31:15,-9999.000000,-9999.000000,-9999.00,-9999.00,-9999.00,-9999.00,12.32,20.99,22.14,30.49,7.00,2.00,19.78,33.00,852.20,0.00,25.60,2.18,29.20,819.10,-1.30,6.50,5.20,20.10,805.90,1.56,56.70,0,0,0
2021-09-28T16:31:20,-9999.000000,-9999.000000,-9999.00,-9999.00,-9999.00,-9999.00,12.61,20.99,22.10,30.49,8.00,2.00,19.78,33.00,852.30,0.00,26.90,2.17,29.20,819.70,-0.50,6.50,6.00,20.10,805.90,1.55,57.80,0,0,0
2021-09-28T16:31:25,-9999.000000,-9999.000000,-9999.00,-9999.00,-9999.00,-9999.00,12.64,20.99,22.14,30.49,8.00,2.00,19.78,33.00,852.20,0.00,26.70,2.19,29.20,819.60,-0.50,6.70,6.20,20.10,805.40,1.55,57.00,0,0,0
2021-09-28T16:31:30,-9999.000000,-9999.000000,-9999.00,-9999.00,-9999.00,-9999.00,12.66,20.99,22.14,30.56,8.00,2.00,19.78,33.00,852.00,0.00,27.00,2.18,29.20,819.10,1.30,4.80,6.10,20.10,805.90,1.56,56.60,0,0,0
2021-09-28T16:31:35,-9999.000000,-9999.000000,-9999.00,-9999.00,-9999.00,-9999.00,12.67,21.02,22.17,30.56,8.00,2.00,19.78,33.00,852.00,0.00,29.90,2.17,29.30,819.00,3.30,4.80,8.10,20.10,805.90,1.55,57.90,0,0,0
2021-09-28T16:31:40,-9999.000000,-9999.000000,-9999.00,-9999.00,-9999.00,-9999.00,12.32,21.02,22.24,30.49,7.00,2.00,19.78,33.00,852.30,0.00,26.80,2.19,29.30,819.60,3.30,4.40,7.70,20.10,805.40,1.56,57.10,0,0,0
2021-09-28T16:31:45,-9999.000000,-9999.000000,-9999.00,-9999.00,-9999.00,-9999.00,12.52,21.02,22.14,30.49,8.00,2.00,19.78,33.00,852.30,0.00,28.00,2.19,29.30,819.50,5.40,1.40,6.80,20.10,805.90,1.56,56.80,0,0,0
2021-09-28T16:31:50,-9999.000000,-9999.000000,-9999.00,-9999.00,-9999.00,-9999.00,12.66,21.02,22.14,30.49,7.00,2.00,19.78,33.00,852.10,0.00,30.20,2.19,29.30,819.10,3.80,1.40,5.20,20.10,805.90,1.55,58.00,0,0,0
2021-09-28T16:31:55,-9999.000000,-9999.000000,-9999.00,-9999.00,-9999.00,-9999.00,12.34,21.02,22.20,30.49,8.00,2.00,19.78,33.00,852.10,0.00,32.50,2.18,29.30,819.10,3.80,0.30,4.10,20.10,805.30,1.56,57.10,0,0,0
2021-09-28T16:32:00,-9999.000000,-9999.000000,-9999.00,-9999.00,-9999.00,-9999.00,12.66,21.02,22.20,30.46,7.00,2.00,19.78,33.00,852.00,0.00,30.00,2.18,29.40,819.60,0.40,2.00,2.40,20.10,805.90,1.56,56.80,0,0,0
2021-09-28T16:32:05,-9999.000000,-9999.000000,-9999.00,-9999.00,-9999.00,-9999.00,12.64,21.02,22.24,30.42,7.00,2.00,19.78,33.00,852.00,0.00,27.00,2.18,29.40,819.60,1.10,2.00,3.10,20.10,805.90,1.55,58.10,0,0,0
2021-09-28T16:32:10,-9999.000000,-9999.000000,-9999.00,-9999.00,-9999.00,-9999.00,12.30,21.02,22.20,30.36,7.00,2.00,19.78,33.00,852.10,0.00,30.00,2.18,29.40,819.10,1.10,3.60,4.70,20.10,805.50,1.55,56.90,0,0,0
2021-09-28T16:32:15,-9999.000000,-9999.000000,-9999.00,-9999.00,-9999.00,-9999.00,12.67,21.02,22.17,30.29,7.00,2.00,19.78,33.00,852.10,0.00,31.10,2.18,29.40,819.10,3.10,7.30,10.40,20.10,805.90,1.56,56.70,0,0,0
2021-09-28T16:32:20,-9999.000000,-9999.000000,-9999.00,-9999.00,-9999.00,-9999.00,12.65,21.04,22.24,30.22,8.00,2.00,19.78,33.00,852.10,0.00,30.00,2.17,29.40,819.70,1.30,7.30,8.60,20.20,805.90,1.55,57.80,0,0,0
2021-09-28T16:32:25,-9999.000000,-9999.000000,-9999.00,-9999.00,-9999.00,-9999.00,12.25,21.04,22.20,30.19,7.00,2.00,19.78,33.00,852.00,0.00,32.50,2.18,29.40,819.60,1.30,6.50,7.80,20.20,805.40,1.56,57.00,0,0,0
2021-09-28T16:32:30,-9999.000000,-9999.000000,-9999.00,-9999.00,-9999.00,-9999.00,12.66,21.04,22.27,30.15,7.00,2.00,19.78,33.00,852.20,0.00,29.60,2.18,29.50,819.10,-1.30,3.20,1.90,20.20,805.90,1.56,56.70,0,0,0
2021-09-28T16:32:35,-9999.000000,-9999.000000,-9999.00,-9999.00,-9999.00,-9999.00,12.65,21.04,22.20,30.02,7.00,2.00,19.78,33.00,852.10,0.00,30.00,2.17,29.50,819.10,-2.00,3.20,1.20,20.20,805.90,1.55,58.10,0,0,0
2021-09-28T16:32:40,-9999.000000,-9999.000000,-9999.00,-9999.00,-9999.00,-9999.00,12.31,21.04,22.20,29.98,7.00,2.00,19.78,33.00,852.10,0.00,30.70,2.17,29.50,819.60,-2.00,4.10,2.10,20.20,805.40,1.55,57.00,0,0,0
2021-09-28T16:32:45,-9999.000000,-9999.000000,-9999.00,-9999.00,-9999.00,-9999.00,12.60,21.04,22.20,29.88,7.00,2.00,19.78,33.00,852.20,0.00,30.20,2.18,29.50,819.60,1.20,2.10,3.30,20.20,805.90,1.56,56.70,0,0,0
2021-09-28T16:32:50,-9999.000000,-9999.000000,-9999.00,-9999.00,-9999.00,-9999.00,12.65,21.04,22.27,29.81,7.00,2.00,19.89,32.00,852.10,0.00,33.60,2.18,29.60,819.10,3.80,2.10,5.90,20.20,805.80,1.55,57.80,0,0,0
2021-09-28T16:32:55,-9999.000000,-9999.000000,-9999.00,-9999.00,-9999.00,-9999.00,12.60,21.04,22.27,29.71,7.00,2.00,19.78,32.00,852.00,0.00,29.20,2.19,29.60,819.10,3.80,-1.10,2.70,20.20,805.40,1.56,57.00,0,0,0
2021-09-28T16:33:00,-9999.000000,-9999.000000,-9999.00,-9999.00,-9999.00,-9999.00,12.57,21.04,22.27,29.61,7.00,2.00,19.78,32.00,852.10,0.00,30.80,2.20,29.60,819.60,0.50,0.80,1.30,20.20,805.80,1.56,56.80,0,0,0
2021-09-28T16:33:05,-9999.000000,-9999.000000,-9999.00,-9999.00,-9999.00,-9999.00,12.59,21.04,22.20,29.54,8.00,2.00,19.78,32.00,852.10,0.00,29.60,2.18,29.60,819.60,-3.90,0.90,-3.00,20.20,805.90,1.55,58.00,0,0,0
2021-09-28T16:33:10,-9999.000000,-9999.000000,-9999.00,-9999.00,-9999.00,-9999.00,12.62,21.04,22.27,29.47,7.00,2.00,19.78,32.00,852.10,0.00,31.50,2.16,29.60,819.10,-3.90,4.70,0.80,20.20,805.40,1.55,57.00,0,0,0
2021-09-28T16:33:15,-9999.000000,-9999.000000,-9999.00,-9999.00,-9999.00,-9999.00,12.63,21.04,22.27,29.41,7.00,2.00,19.89,32.00,852.10,0.00,31.30,2.19,29.60,819.20,-0.50,1.40,0.90,20.20,805.90,1.56,56.80,0,0,0
2021-09-28T16:33:20,-9999.000000,-9999.000000,-9999.00,-9999.00,-9999.00,-9999.00,12.29,21.04,22.27,29.30,7.00,2.00,19.78,32.00,852.10,0.00,33.60,2.18,29.70,819.60,7.00,1.40,8.40,20.20,805.80,1.55,58.00,0,0,0
2021-09-28T16:33:25,-9999.000000,-9999.000000,-9999.00,-9999.00,-9999.00,-9999.00,12.16,21.07,22.27,29.27,7.00,2.00,19.78,32.00,852.10,0.00,32.20,2.19,29.70,819.60,6.80,-4.10,2.70,20.20,805.40,1.55,56.90,0,0,0
2021-09-28T16:33:30,-9999.000000,-9999.000000,-9999.00,-9999.00,-9999.00,-9999.00,12.49,21.07,22.27,29.14,7.00,2.00,19.78,32.00,852.10,0.00,30.80,2.18,29.70,819.10,5.30,-4.10,1.20,20.20,805.90,1.56,56.80,0,0,0
2021-09-28T16:33:35,-9999.000000,-9999.000000,-9999.00,-9999.00,-9999.00,-9999.00,12.51,21.07,22.20,29.07,7.00,2.00,19.89,32.00,852.00,0.00,28.00,2.19,29.70,819.10,1.70,-4.10,-2.40,20.20,805.90,1.55,57.80,0,0,0
2021-09-28T16:33:40,-9999.000000,-9999.000000,-9999.00,-9999.00,-9999.00,-9999.00,12.51,21.07,22.33,29.03,7.00,2.00,19.89,32.00,852.00,0.00,31.00,2.18,29.70,819.50,1.80,0.90,2.70,20.20,805.30,1.55,57.10,0,0,0
2021-09-28T16:33:45,-9999.000000,-9999.000000,-9999.00,-9999.00,-9999.00,-9999.00,12.40,21.07,22.27,28.90,7.00,2.00,19.89,32.00,852.20,0.00,30.90,2.19,29.80,819.60,3.80,6.20,10.00,20.20,805.90,1.56,56.90,0,0,0
2021-09-28T16:33:50,-9999.000000,-9999.000000,-9999.00,-9999.00,-9999.00,-9999.00,12.25,21.07,22.30,28.93,7.00,2.00,19.78,32.00,852.20,0.00,29.70,2.18,29.80,819.10,0.20,6.20,6.40,20.20,805.90,1.55,57.90,0,0,0
2021-09-28T16:33:55,-9999.000000,-9999.000000,-9999.00,-9999.00,-9999.00,-9999.00,12.54,21.07,22.27,28.80,6.00,2.00,19.89,32.00,852.10,0.00,32.40,2.18,29.80,819.10,0.20,5.30,5.50,20.20,805.40,1.56,56.90,0,0,0
2021-09-28T16:34:00,-9999.000000,-9999.000000,-9999.00,-9999.00,-9999.00,-9999.00,12.61,21.07,22.27,28.73,7.00,2.00,19.89,32.00,852.20,0.00,29.20,2.19,29.80,819.60,-5.50,5.20,-0.30,20.20,805.90,1.56,56.80,0,0,0
2021-09-28T16:34:05,-9999.000000,-9999.000000,-9999.00,-9999.00,-9999.00,-9999.00,12.64,21.10,22.33,28.73,7.00,2.00,19.89,32.00,852.00,0.00,30.40,2.19,29.80,819.50,-3.00,5.20,2.20,20.20,805.90,1.55,57.90,0,0,0
2021-09-28T16:34:10,-9999.000000,-9999.000000,-9999.00,-9999.00,-9999.00,-9999.00,12.56,21.10,22.33,28.66,7.00,2.00,19.89,32.00,852.30,0.00,32.60,2.18,29.80,819.10,-3.00,5.20,2.20,20.20,805.40,1.55,56.90,0,0,0
2021-09-28T16:34:15,-9999.000000,-9999.000000,-9999.00,-9999.00,-9999.00,-9999.00,12.29,21.10,22.30,28.66,6.00,2.00,19.89,32.00,852.10,0.00,31.70,2.19,29.90,819.00,2.10,2.30,4.40,20.20,805.80,1.56,56.80,0,0,0
2021-09-28T16:34:20,-9999.000000,-9999.000000,-9999.00,-9999.00,-9999.00,-9999.00,12.58,21.10,22.27,28.56,6.00,2.00,19.89,32.00,852.20,0.00,29.90,2.19,29.90,819.60,3.50,2.30,5.80,20.20,805.90,1.55,57.90,0,0,0
2021-09-28T16:34:25,-9999.000000,-9999.000000,-9999.00,-9999.00,-9999.00,-9999.00,12.26,21.10,22.27,28.52,7.00,2.00,19.89,32.00,852.00,0.00,31.40,2.18,29.90,819.60,3.50,2.50,6.00,20.20,805.40,1.56,57.00,0,0,0
2021-09-28T16:34:30,-9999.000000,-9999.000000,-9999.00,-9999.00,-9999.00,-9999.00,12.61,21.10,22.27,28.46,8.00,2.00,19.89,32.00,852.10,0.00,29.90,2.19,29.90,819.10,4.10,2.10,6.20,20.20,805.80,1.56,56.80,0,0,0
2021-09-28T16:34:35,-9999.000000,-9999.000000,-9999.00,-9999.00,-9999.00,-9999.00,12.65,21.10,22.33,28.46,7.00,2.00,19.89,32.00,852.20,0.00,30.90,2.19,29.90,819.10,7.40,2.10,9.50,20.20,805.90,1.55,57.80,0,0,0
2021-09-28T16:34:40,-9999.000000,-9999.000000,-9999.00,-9999.00,-9999.00,-9999.00,12.30,21.10,22.33,28.39,7.00,2.00,19.89,32.00,852.40,0.00,32.10,2.19,29.90,819.60,7.40,-0.10,7.30,20.20,805.50,1.55,56.80,0,0,0
2021-09-28T16:34:45,-9999.000000,-9999.000000,-9999.00,-9999.00,-9999.00,-9999.00,12.31,21.10,22.27,28.32,6.00,2.00,19.89,32.00,852.20,0.00,32.90,2.18,30.00,819.70,7.60,-2.40,5.20,20.20,805.90,1.56,56.60,0,0,0
2021-09-28T16:34:50,-9999.000000,-9999.000000,-9999.00,-9999.00,-9999.00,-9999.00,12.28,21.10,22.27,28.25,6.00,2.00,19.89,32.00,852.10,0.00,32.60,2.19,30.00,819.10,5.10,-2.40,2.70,20.30,805.80,1.55,58.00,0,0,0
2021-09-28T16:34:55,-9999.000000,-9999.000000,-9999.00,-9999.00,-9999.00,-9999.00,12.63,21.10,22.27,28.25,6.00,2.00,19.89,32.00,852.00,0.00,29.50,2.19,30.00,819.10,5.10,-1.90,3.20,20.30,805.40,1.56,57.00,0,0,0
2021-09-28T16:35:00,-9999.000000,-9999.000000,-9999.00,-9999.00,-9999.00,-9999.00,12.58,21.10,22.33,28.25,7.00,2.00,19.89,32.00,852.00,0.00,30.80,2.19,30.00,819.60,2.30,1.90,4.20,20.30,805.80,1.56,56.70,0,0,0
2021-09-28T16:35:05,-9999.000000,-9999.000000,-9999.00,-9999.00,-9999.00,-9999.00,12.63,21.10,22.33,28.12,7.00,2.00,19.89,32.00,852.10,0.00,34.20,2.19,30.00,819.60,-0.60,1.90,1.30,20.30,805.90,1.55,58.00,0,0,0
2021-09-28T16:35:10,-9999.000000,-9999.000000,-9999.00,-9999.00,-9999.00,-9999.00,12.64,21.10,22.27,28.05,7.00,2.00,19.89,32.00,852.10,0.00,31.10,2.18,30.10,819.10,-0.50,2.70,2.20,20.30,805.30,1.56,56.90,0,0,0
2021-09-28T16:35:15,-9999.000000,-9999.000000,-9999.00,-9999.00,-9999.00,-9999.00,12.40,21.10,22.27,28.02,6.00,2.00,19.89,31.00,852.10,0.00,30.80,2.18,30.10,819.00,0.70,-3.30,-2.60,20.30,805.90,1.56,56.90,0,0,0
2021-09-28T16:35:20,-9999.000000,-9999.000000,-9999.00,-9999.00,-9999.00,-9999.00,12.34,21.10,22.27,27.91,7.00,2.00,19.89,31.00,852.10,0.00,31.40,2.19,30.10,819.60,4.60,-3.30,1.30,20.30,805.90,1.55,57.80,0,0,0
2021-09-28T16:35:25,-9999.000000,-9999.000000,-9999.00,-9999.00,-9999.00,-9999.00,12.29,21.10,22.33,27.88,8.00,2.00,19.89,31.00,852.20,0.00,32.00,2.21,30.10,819.60,4.60,-5.00,-0.40,20.30,805.40,1.55,56.90,0,0,0
2021-09-28T16:35:30,-9999.000000,-9999.000000,-9999.00,-9999.00,-9999.00,-9999.00,12.48,21.10,22.33,27.78,7.00,2.00,19.89,31.00,852.00,0.00,31.80,2.19,30.10,819.10,4.50,0.80,5.30,20.30,805.90,1.56,56.70,0,0,0
2021-09-28T16:35:35,-9999.000000,-9999.000000,-9999.00,-9999.00,-9999.00,-9999.00,12.50,21.12,22.33,27.78,7.00,2.00,19.89,31.00,852.20,0.00,31.90,2.19,30.10,819.10,3.30,0.90,4.20,20.30,805.90,1.55,57.90,0,0,0
2021-09-28T16:35:40,-9999.000000,-9999.000000,-9999.00,-9999.00,-9999.00,-9999.00,12.29,21.12,22.33,27.64,6.00,2.00,19.89,31.00,852.00,0.00,31.50,2.18,30.20,819.50,3.30,2.70,6.00,20.30,805.30,1.55,56.90,0,0,0
2021-09-28T16:35:45,-9999.000000,-9999.000000,-9999.00,-9999.00,-9999.00,-9999.00,12.63,21.12,22.33,27.61,7.00,2.00,19.89,31.00,852.00,0.00,31.90,2.18,30.20,819.60,4.40,0.10,4.50,20.30,805.90,1.56,56.80,0,0,0
2021-09-28T16:35:50,-9999.000000,-9999.000000,-9999.00,-9999.00,-9999.00,-9999.00,12.56,21.12,22.33,27.61,7.00,2.00,19.89,31.00,852.10,0.00,29.80,2.19,30.20,819.10,8.00,0.10,8.10,20.30,805.90,1.55,57.90,0,0,0
2021-09-28T16:35:55,-9999.000000,-9999.000000,-9999.00,-9999.00,-9999.00,-9999.00,12.62,21.12,22.33,27.58,7.00,2.00,19.89,31.00,852.20,0.00,31.60,2.19,30.20,819.10,8.00,-1.80,6.20,20.30,805.40,1.56,57.00,0,0,0
2021-09-28T16:36:00,-9999.000000,-9999.000000,-9999.00,-9999.00,-9999.00,-9999.00,12.61,21.12,22.33,27.47,6.00,2.00,19.89,31.00,852.40,0.00,30.30,2.18,30.20,819.60,8.50,-2.60,5.90,20.30,805.90,1.56,56.70,0,0,0
2021-09-28T16:36:05,-9999.000000,-9999.000000,-9999.00,-9999.00,-9999.00,-9999.00,12.62,21.12,22.33,27.30,7.00,2.00,19.89,31.00,852.30,0.00,31.40,2.19,30.20,819.60,4.80,-2.60,2.20,20.30,805.90,1.55,57.90,0,0,0
2021-09-28T16:36:10,-9999.000000,-9999.000000,-9999.00,-9999.00,-9999.00,-9999.00,12.28,21.12,22.33,27.24,7.00,2.00,19.89,31.00,852.20,0.00,32.10,2.19,30.30,819.10,4.80,-1.80,3.00,20.30,805.40,1.56,56.90,0,0,0
2021-09-28T16:36:15,-9999.000000,-9999.000000,-9999.00,-9999.00,-9999.00,-9999.00,12.30,21.12,22.30,27.20,7.00,2.00,19.89,31.00,852.10,0.00,33.10,2.19,30.30,819.10,2.80,-2.60,0.20,20.30,805.80,1.56,56.80,0,0,0
2021-09-28T16:36:20,-9999.000000,-9999.000000,-9999.00,-9999.00,-9999.00,-9999.00,12.27,21.12,22.40,27.17,7.00,2.00,19.89,31.00,852.10,0.00,30.40,2.19,30.30,819.50,1.40,-2.60,-1.20,20.30,805.90,1.55,57.80,0,0,0
2021-09-28T16:36:25,-9999.000000,-9999.000000,-9999.00,-9999.00,-9999.00,-9999.00,12.25,21.12,22.40,27.10,7.00,2.00,19.89,31.00,852.20,0.00,33.10,2.18,30.30,819.60,1.40,-2.80,-1.40,20.30,805.40,1.56,57.00,0,0,0
2021-09-28T16:36:30,-9999.000000,-9999.000000,-9999.00,-9999.00,-9999.00,-9999.00,12.27,21.12,22.33,27.03,7.00,2.00,19.89,31.00,852.30,0.00,28.50,2.19,30.30,819.10,0.50,-1.00,-0.50,20.30,805.90,1.56,56.80,0,0,0
2021-09-28T16:36:35,-9999.000000,-9999.000000,-9999.00,-9999.00,-9999.00,-9999.00,12.47,21.12,22.37,27.00,6.00,2.00,19.89,31.00,852.20,0.00,30.00,2.18,30.30,819.10,-0.20,-1.00,-1.20,20.30,805.90,1.55,57.90,0,0,0
2021-09-28T16:36:40,-9999.000000,-9999.000000,-9999.00,-9999.00,-9999.00,-9999.00,12.51,21.12,22.33,26.90,6.00,2.00,19.89,31.00,852.20,0.00,31.30,2.19,30.30,819.60,-0.10,0.90,0.80,20.30,805.30,1.56,57.00,0,0,0
2021-09-28T16:36:45,-9999.000000,-9999.000000,-9999.00,-9999.00,-9999.00,-9999.00,12.56,21.15,22.37,26.90,6.00,2.00,19.89,31.00,852.10,0.00,32.80,2.20,30.40,819.70,1.60,2.20,3.80,20.30,805.90,1.56,56.80,0,0,0
2021-09-28T16:36:50,-9999.000000,-9999.000000,-9999.00,-9999.00,-9999.00,-9999.00,12.56,21.15,22.43,26.80,7.00,2.00,19.89,31.00,852.30,0.00,32.10,2.20,30.40,819.10,6.00,2.20,8.20,20.30,805.90,1.55,57.90,0,0,0
2021-09-28T16:36:55,-9999.000000,-9999.000000,-9999.00,-9999.00,-9999.00,-9999.00,12.58,21.15,22.37,26.69,7.00,2.00,19.89,31.00,852.10,0.00,31.40,2.19,30.40,819.10,6.00,-0.30,5.70,20.30,805.40,1.56,56.90,0,0,0
2021-09-28T16:37:00,-9999.000000,-9999.000000,-9999.00,-9999.00,-9999.00,-9999.00,12.60,21.15,22.40,26.69,7.00,2.00,19.89,31.00,852.20,0.00,30.50,2.18,30.40,819.60,6.00,-2.90,3.10,20.30,805.90,1.56,56.80,0,0,0
2021-09-28T16:37:05,-9999.000000,-9999.000000,-9999.00,-9999.00,-9999.00,-9999.00,12.60,21.15,22.40,26.63,7.00,2.00,19.89,31.00,852.40,0.00,32.10,2.19,30.40,819.60,-2.40,-2.90,-5.30,20.30,805.90,1.55,57.90,0,0,0
2021-09-28T16:37:10,-9999.000000,-9999.000000,-9999.00,-9999.00,-9999.00,-9999.00,12.61,21.15,22.47,26.66,6.00,2.00,19.89,31.00,852.20,0.00,32.30,2.19,30.40,819.10,-2.30,-0.10,-2.40,20.30,805.40,1.55,56.60,0,0,0
2021-09-28T16:37:15,-9999.000000,-9999.000000,-9999.00,-9999.00,-9999.00,-9999.00,12.61,21.15,22.47,26.63,6.00,2.00,19.89,31.00,852.10,0.00,32.80,2.18,30.50,819.10,-5.50,1.30,-4.20,20.40,806.00,1.56,56.60,0,0,0
2021-09-28T16:37:20,-9999.000000,-9999.000000,-9999.00,-9999.00,-9999.00,-9999.00,12.27,21.15,22.47,26.53,6.00,2.00,19.89,31.00,852.20,0.00,27.90,2.18,30.50,819.60,3.80,1.30,5.10,20.40,805.80,1.55,58.00,0,0,0
2021-09-28T16:37:25,-9999.000000,-9999.000000,-9999.00,-9999.00,-9999.00,-9999.00,12.47,21.15,22.40,26.49,6.00,2.00,19.89,31.00,852.20,0.00,32.00,2.19,30.50,819.60,3.80,-1.50,2.30,20.40,805.30,1.55,57.00,0,0,0
2021-09-28T16:37:30,-9999.000000,-9999.000000,-9999.00,-9999.00,-9999.00,-9999.00,12.56,21.15,22.47,26.49,6.00,2.00,19.89,31.00,852.00,0.00,32.40,2.19,30.50,819.10,8.80,-1.20,7.60,20.40,805.90,1.56,56.90,0,0,0
2021-09-28T16:37:35,-9999.000000,-9999.000000,-9999.00,-9999.00,-9999.00,-9999.00,12.60,21.15,22.47,26.49,7.00,2.00,19.89,30.00,852.20,0.00,32.20,2.18,30.50,819.10,5.90,-1.20,4.70,20.40,805.90,1.55,57.90,0,0,0
2021-09-28T16:37:40,-9999.000000,-9999.000000,-9999.00,-9999.00,-9999.00,-9999.00,12.62,21.15,22.47,26.49,6.00,2.00,19.89,30.00,851.90,0.00,32.00,2.21,30.50,819.60,5.90,0.00,5.90,20.40,805.20,1.55,57.20,0,0,0
2021-09-28T16:37:45,-9999.000000,-9999.000000,-9999.00,-9999.00,-9999.00,-9999.00,12.56,21.15,22.54,26.46,8.00,2.00,19.89,30.00,852.30,0.00,33.20,2.19,30.50,819.60,2.00,3.30,5.30,20.40,805.90,1.56,56.80,0,0,0
2021-09-28T16:37:50,-9999.000000,-9999.000000,-9999.00,-9999.00,-9999.00,-9999.00,12.26,21.15,22.47,26.42,6.00,2.00,19.89,30.00,852.40,0.00,29.20,2.19,30.60,819.10,-0.30,3.30,3.00,20.40,805.90,1.55,57.90,0,0,0
2021-09-28T16:37:55,-9999.000000,-9999.000000,-9999.00,-9999.00,-9999.00,-9999.00,12.26,21.15,22.47,26.36,7.00,2.00,19.89,30.00,852.10,0.00,34.10,2.19,30.60,819.10,-0.30,5.30,5.00,20.40,805.40,1.55,56.90,0,0,0
2021-09-28T16:38:00,-9999.000000,-9999.000000,-9999.00,-9999.00,-9999.00,-9999.00,12.62,21.15,22.50,26.39,7.00,2.00,19.89,30.00,852.30,0.00,32.90,2.20,30.60,819.60,0.80,5.70,6.50,20.40,805.90,1.56,56.70,0,0,0
2021-09-28T16:38:05,-9999.000000,-9999.000000,-9999.00,-9999.00,-9999.00,-9999.00,12.44,21.15,22.54,26.42,7.00,2.00,19.89,30.00,852.40,0.00,32.10,2.20,30.60,819.60,-2.10,5.70,3.60,20.40,805.90,1.56,58.00,0,0,0
2021-09-28T16:38:10,-9999.000000,-9999.000000,-9999.00,-9999.00,-9999.00,-9999.00,12.51,21.15,22.54,26.32,6.00,2.00,19.89,30.00,852.30,0.00,32.80,2.19,30.60,819.10,-2.10,7.20,5.10,20.40,805.30,1.56,57.00,0,0,0
2021-09-28T16:38:15,-9999.000000,-9999.000000,-9999.00,-9999.00,-9999.00,-9999.00,12.50,21.15,22.47,26.29,6.00,2.00,19.89,30.00,852.10,0.00,31.70,2.19,30.60,819.10,-1.60,4.50,2.90,20.40,805.90,1.56,56.80,0,0,0
2021-09-28T16:38:20,-9999.000000,-9999.000000,-9999.00,-9999.00,-9999.00,-9999.00,12.24,21.15,22.47,26.25,6.00,2.00,19.89,30.00,852.20,0.00,31.10,2.18,30.70,819.60,3.90,4.50,8.40,20.40,805.90,1.55,57.90,0,0,0
2021-09-28T16:38:25,-9999.000000,-9999.000000,-9999.00,-9999.00,-9999.00,-9999.00,12.14,21.15,22.47,26.15,7.00,2.00,19.89,30.00,852.10,0.00,30.90,2.21,30.70,819.60,3.80,-0.50,3.30,20.40,805.40,1.56,57.00,0,0,0
2021-09-28T16:38:30,-9999.000000,-9999.000000,-9999.00,-9999.00,-9999.00,-9999.00,12.35,21.15,22.54,26.22,6.00,2.00,19.89,30.00,852.30,0.00,33.70,2.18,30.70,819.20,2.90,-2.90,0.00,20.40,806.00,1.56,56.70,0,0,0
2021-09-28T16:38:35,-9999.000000,-9999.000000,-9999.00,-9999.00,-9999.00,-9999.00,12.21,21.18,22.54,26.15,6.00,2.00,19.89,30.00,852.20,0.00,31.60,2.19,30.70,819.20,3.30,-2.90,0.40,20.40,805.90,1.55,58.00,0,0,0
2021-09-28T16:38:40,-9999.000000,-9999.000000,-9999.00,-9999.00,-9999.00,-9999.00,12.12,21.18,22.47,26.08,5.00,2.00,19.89,30.00,852.20,0.00,34.40,2.19,30.70,819.70,3.30,-2.60,0.70,20.40,805.50,1.55,57.00,0,0,0
2021-09-28T16:38:45,-9999.000000,-9999.000000,-9999.00,-9999.00,-9999.00,-9999.00,12.51,21.18,22.50,26.08,5.00,2.00,20.00,30.00,852.20,0.00,34.30,2.18,30.70,819.60,3.70,-0.30,3.40,20.40,806.00,1.56,56.60,0,0,0
2021-09-28T16:38:50,-9999.000000,-9999.000000,-9999.00,-9999.00,-9999.00,-9999.00,12.25,21.18,22.54,26.02,6.00,2.00,19.89,30.00,852.00,0.00,31.90,2.19,30.70,819.00,-1.40,-0.30,-1.70,20.40,805.80,1.55,58.00,0,0,0
2021-09-28T16:38:55,-9999.000000,-9999.000000,-9999.00,-9999.00,-9999.00,-9999.00,12.41,21.18,22.54,26.12,6.00,2.00,20.00,30.00,852.40,0.00,33.30,2.18,30.80,819.20,-1.40,2.30,0.90,20.40,805.40,1.55,57.00,0,0,0
2021-09-28T16:39:00,-9999.000000,-9999.000000,-9999.00,-9999.00,-9999.00,-9999.00,12.56,21.18,22.53,26.02,6.00,2.00,20.00,30.00,852.30,0.00,31.00,2.19,30.80,819.60,-2.10,1.30,-0.80,20.40,805.90,1.56,56.70,0,0,0
2021-09-28T16:39:05,-9999.000000,-9999.000000,-9999.00,-9999.00,-9999.00,-9999.00,12.58,21.18,22.53,25.98,6.00,2.00,20.00,30.00,852.10,0.00,30.10,2.19,30.80,819.60,-0.30,1.30,1.00,20.40,805.80,1.55,58.00,0,0,0
2021-09-28T16:39:10,-9999.000000,-9999.000000,-9999.00,-9999.00,-9999.00,-9999.00,12.51,21.18,22.53,25.95,6.00,2.00,20.00,30.00,852.20,0.00,30.90,2.20,30.80,818.90,-0.30,0.90,0.60,20.40,805.30,1.55,56.90,0,0,0
2021-09-28T16:39:15,-9999.000000,-9999.000000,-9999.00,-9999.00,-9999.00,-9999.00,12.57,21.18,22.53,25.95,7.00,2.00,20.00,30.00,852.10,0.00,33.10,2.19,30.80,819.10,0.50,3.20,3.70,20.40,805.70,1.56,56.90,0,0,0
2021-09-28T16:39:20,-9999.000000,-9999.000000,-9999.00,-9999.00,-9999.00,-9999.00,12.23,21.18,22.57,25.98,6.00,2.00,20.00,30.00,852.20,0.00,32.60,2.17,30.80,819.60,0.40,3.20,3.60,20.40,805.80,1.55,57.90,0,0,0
2021-09-28T16:39:25,-9999.000000,-9999.000000,-9999.00,-9999.00,-9999.00,-9999.00,12.29,21.18,22.57,26.02,6.00,2.00,20.00,30.00,852.20,0.00,32.80,2.19,30.80,819.50,0.40,3.60,4.00,20.40,805.40,1.56,56.90,0,0,0
2021-09-28T16:39:30,-9999.000000,-9999.000000,-9999.00,-9999.00,-9999.00,-9999.00,12.58,21.18,22.60,25.95,6.00,2.00,20.00,30.00,852.10,0.00,32.30,2.19,30.90,819.10,0.00,3.30,3.30,20.40,805.80,1.56,56.80,0,0,0
2021-09-28T16:39:35,-9999.000000,-9999.000000,-9999.00,-9999.00,-9999.00,-9999.00,12.59,21.18,22.53,25.95,7.00,2.00,20.00,30.00,852.40,0.00,31.70,2.21,30.90,819.00,2.10,3.30,5.40,20.40,805.80,1.55,58.00,0,0,0
2021-09-28T16:39:40,-9999.000000,-9999.000000,-9999.00,-9999.00,-9999.00,-9999.00,12.55,21.18,22.53,25.88,6.00,2.00,20.00,30.00,852.30,0.00,33.80,2.19,30.90,819.60,2.10,1.30,3.40,20.50,805.40,1.56,57.10,0,0,0
2021-09-28T16:39:45,-9999.000000,-9999.000000,-9999.00,-9999.00,-9999.00,-9999.00,12.46,21.18,22.57,25.88,6.00,2.00,20.00,30.00,852.20,0.00,34.40,2.19,30.90,819.60,1.80,-0.10,1.70,20.50,805.90,1.56,56.80,0,0,0
2021-09-28T16:39:50,-9999.000000,-9999.000000,-9999.00,-9999.00,-9999.00,-9999.00,12.29,21.21,22.57,25.88,6.00,2.00,20.00,29.00,852.40,0.00,33.30,2.20,30.90,819.00,1.40,-0.10,1.30,20.50,805.80,1.55,57.90,0,0,0
2021-09-28T16:39:55,-9999.000000,-9999.000000,-9999.00,-9999.00,-9999.00,-9999.00,12.61,21.21,22.60,25.78,6.00,2.00,20.00,29.00,852.20,0.00,34.00,2.19,30.90,819.10,1.40,0.20,1.60,20.50,805.40,1.55,56.60,0,0,0
2021-09-28T16:40:00,-9999.000000,-9999.000000,-9999.00,-9999.00,-9999.00,-9999.00,12.60,21.21,22.53,25.68,6.00,2.00,20.00,29.00,852.40,0.00,32.80,2.19,30.90,819.60,3.60,-4.40,-0.80,20.50,805.90,1.56,56.70,0,0,0
2021-09-28T16:40:05,-9999.000000,-9999.000000,-9999.00,-9999.00,-9999.00,-9999.00,12.40,21.21,22.53,25.64,7.00,2.00,20.00,29.00,852.30,0.00,34.60,2.20,30.90,819.60,2.70,-4.40,-1.70,20.50,805.90,1.55,57.90,0,0,0
2021-09-28T16:40:10,-9999.000000,-9999.000000,-9999.00,-9999.00,-9999.00,-9999.00,12.24,21.21,22.53,25.61,6.00,2.00,20.00,29.00,852.30,0.00,32.10,2.20,31.00,819.10,2.70,-4.90,-2.20,20.50,805.40,1.56,57.00,0,0,0
2021-09-28T16:40:15,-9999.000000,-9999.000000,-9999.00,-9999.00,-9999.00,-9999.00,12.61,21.21,22.57,25.61,6.00,2.00,20.00,29.00,852.20,0.00,30.20,2.19,31.00,819.10,0.00,-0.50,-0.50,20.50,805.80,1.56,56.90,0,0,0
2021-09-28T16:40:20,-9999.000000,-9999.000000,-9999.00,-9999.00,-9999.00,-9999.00,12.61,21.21,22.60,25.61,6.00,2.00,20.00,29.00,852.20,0.00,34.10,2.19,31.00,819.60,-1.50,-0.50,-2.00,20.50,805.80,1.55,57.90,0,0,0
2021-09-28T16:40:25,-9999.000000,-9999.000000,-9999.00,-9999.00,-9999.00,-9999.00,12.61,21.21,22.53,25.54,6.00,2.00,20.00,29.00,852.20,0.00,35.10,2.19,31.00,819.60,-1.50,0.80,-0.70,20.50,805.40,1.55,56.80,0,0,0
2021-09-28T16:40:30,-9999.000000,-9999.000000,-9999.00,-9999.00,-9999.00,-9999.00,12.57,21.21,22.53,25.47,5.00,2.00,20.00,29.00,852.40,0.00,29.90,2.20,31.00,819.20,-0.30,-0.10,-0.40,20.50,805.90,1.56,56.80,0,0,0
2021-09-28T16:40:35,-9999.000000,-9999.000000,-9999.00,-9999.00,-9999.00,-9999.00,12.32,21.21,22.53,25.47,5.00,2.00,20.00,29.00,852.10,0.00,34.10,2.20,31.00,819.10,3.90,-0.10,3.80,20.50,805.90,1.55,57.80,0,0,0
2021-09-28T16:40:40,-9999.000000,-9999.000000,-9999.00,-9999.00,-9999.00,-9999.00,12.29,21.21,22.57,25.51,6.00,2.00,20.00,29.00,852.30,0.00,31.00,2.21,31.10,819.60,3.90,-0.80,3.10,20.50,805.40,1.55,57.10,0,0,0
2021-09-28T16:40:45,-9999.000000,-9999.000000,-9999.00,-9999.00,-9999.00,-9999.00,12.25,21.21,22.60,25.47,6.00,2.00,20.00,29.00,852.30,0.00,32.00,2.19,31.10,819.60,5.30,2.40,7.70,20.50,805.90,1.56,56.80,0,0,0
2021-09-28T16:40:50,-9999.000000,-9999.000000,-9999.00,-9999.00,-9999.00,-9999.00,12.24,21.21,22.53,25.44,6.00,2.00,20.00,29.00,852.30,0.00,33.90,2.19,31.10,819.10,3.20,2.40,5.60,20.50,805.90,1.55,57.90,0,0,0
2021-09-28T16:40:55,-9999.000000,-9999.000000,-9999.00,-9999.00,-9999.00,-9999.00,12.48,21.21,22.53,25.47,5.00,2.00,20.00,29.00,852.20,0.00,31.50,2.20,31.10,819.00,3.20,3.70,6.90,20.50,805.40,1.56,57.00,0,0,0
2021-09-28T16:41:00,-9999.000000,-9999.000000,-9999.00,-9999.00,-9999.00,-9999.00,12.62,21.21,22.53,25.44,6.00,2.00,20.00,29.00,852.30,0.00,31.90,2.19,31.10,819.70,1.30,4.60,5.90,20.50,805.90,1.56,56.80,0,0,0
2021-09-28T16:41:05,-9999.000000,-9999.000000,-9999.00,-9999.00,-9999.00,-9999.00,12.43,21.21,22.57,25.47,6.00,2.00,20.00,29.00,852.30,0.00,34.70,2.19,31.10,819.60,1.00,4.60,5.60,20.50,805.90,1.54,57.80,0,0,0
2021-09-28T16:41:10,-9999.000000,-9999.000000,-9999.00,-9999.00,-9999.00,-9999.00,12.25,21.21,22.60,25.47,6.00,2.00,20.00,29.00,852.30,0.00,33.60,2.20,31.10,819.20,0.90,3.10,4.00,20.50,805.60,1.56,56.80,0,0,0
2021-09-28T16:41:15,-9999.000000,-9999.000000,-9999.00,-9999.00,-9999.00,-9999.00,12.27,21.21,22.60,25.51,6.00,2.00,20.00,29.00,852.20,0.00,34.80,2.19,31.10,819.10,1.90,-4.40,-2.50,20.50,805.90,1.57,56.80,0,0,0
2021-09-28T16:41:20,-9999.000000,-9999.000000,-9999.00,-9999.00,-9999.00,-9999.00,12.28,21.23,22.53,25.41,6.00,2.00,20.00,29.00,852.20,0.00,32.80,2.20,31.20,819.70,2.70,-4.40,-1.70,20.50,805.80,1.54,57.90,0,0,0
2021-09-28T16:41:25,-9999.000000,-9999.000000,-9999.00,-9999.00,-9999.00,-9999.00,12.60,21.23,22.60,25.44,6.00,2.00,20.00,29.00,852.50,0.00,30.60,2.20,31.20,819.70,2.70,-4.40,-1.70,20.50,805.60,1.56,56.90,0,0,0
2021-09-28T16:41:30,-9999.000000,-9999.000000,-9999.00,-9999.00,-9999.00,-9999.00,12.59,21.23,22.60,25.47,6.00,2.00,20.00,29.00,852.20,0.00,30.70,2.21,31.20,819.20,3.40,0.00,3.40,20.50,805.90,1.56,57.30,0,0,0
2021-09-28T16:41:35,-9999.000000,-9999.000000,-9999.00,-9999.00,-9999.00,-9999.00,12.57,21.23,22.60,25.47,5.00,2.00,20.00,29.00,852.30,0.00,34.80,2.19,31.20,819.20,4.40,0.00,4.40,20.50,805.90,1.54,57.90,0,0,0
2021-09-28T16:41:40,-9999.000000,-9999.000000,-9999.00,-9999.00,-9999.00,-9999.00,12.22,21.23,22.64,25.54,6.00,2.00,20.00,29.00,852.20,0.00,32.80,2.19,31.20,819.70,4.40,-0.40,4.00,20.50,805.50,1.55,56.80,0,0,0
2021-09-28T16:41:45,-9999.000000,-9999.000000,-9999.00,-9999.00,-9999.00,-9999.00,12.27,21.23,22.60,25.47,6.00,2.00,20.00,29.00,852.30,0.00,30.40,2.19,31.20,819.60,3.80,-1.40,2.40,20.60,806.00,1.56,56.60,0,0,0
2021-09-28T16:41:50,-9999.000000,-9999.000000,-9999.00,-9999.00,-9999.00,-9999.00,12.16,21.23,22.60,25.47,5.00,2.00,20.00,29.00,852.30,0.00,30.70,2.19,31.20,819.10,-0.70,-1.40,-2.10,20.60,805.90,1.54,57.60,0,0,0
2021-09-28T16:41:55,-9999.000000,-9999.000000,-9999.00,-9999.00,-9999.00,-9999.00,12.48,21.23,22.60,25.47,6.00,2.00,20.00,29.00,852.30,0.00,31.60,2.20,31.30,819.00,-0.60,-0.40,-1.00,20.60,805.50,1.55,56.80,0,0,0
2021-09-28T16:42:00,-9999.000000,-9999.000000,-9999.00,-9999.00,-9999.00,-9999.00,12.61,21.23,22.67,25.47,6.00,2.00,20.00,29.00,852.20,0.00,32.90,2.19,31.30,819.60,-3.40,1.20,-2.20,20.60,805.80,1.56,56.80,0,0,0
2021-09-28T16:42:05,-9999.000000,-9999.000000,-9999.00,-9999.00,-9999.00,-9999.00,12.55,21.23,22.70,25.51,6.00,2.00,20.00,29.00,852.30,0.00,33.00,2.20,31.30,819.70,-5.00,1.20,-3.80,20.60,805.90,1.53,57.70,0,0,0
2021-09-28T16:42:10,-9999.000000,-9999.000000,-9999.00,-9999.00,-9999.00,-9999.00,12.57,21.23,22.64,25.41,6.00,2.00,20.00,29.00,852.20,0.00,34.50,2.20,31.30,819.10,-5.00,2.40,-2.60,20.60,805.50,1.56,56.90,0,0,0
2021-09-28T16:42:15,-9999.000000,-9999.000000,-9999.00,-9999.00,-9999.00,-9999.00,12.42,21.23,22.67,25.41,6.00,2.00,20.00,29.00,852.20,0.00,34.90,2.19,31.30,819.10,-3.80,2.90,-0.90,20.60,805.90,1.56,56.80,0,0,0
2021-09-28T16:42:20,-9999.000000,-9999.000000,-9999.00,-9999.00,-9999.00,-9999.00,12.29,21.23,22.67,25.41,6.00,2.00,20.00,29.00,852.30,0.00,33.60,2.20,31.30,819.60,1.10,2.90,4.00,20.60,805.90,1.53,57.50,0,0,0
2021-09-28T16:42:25,-9999.000000,-9999.000000,-9999.00,-9999.00,-9999.00,-9999.00,12.41,21.23,22.67,25.41,6.00,2.00,20.00,29.00,852.30,0.00,30.70,2.20,31.30,819.60,1.10,1.10,2.20,20.60,805.70,1.56,56.70,0,0,0
2021-09-28T16:42:30,-9999.000000,-9999.000000,-9999.00,-9999.00,-9999.00,-9999.00,12.57,21.23,22.67,25.41,5.00,2.00,20.11,29.00,852.20,0.00,36.50,2.20,31.30,819.10,3.80,-2.80,1.00,20.60,805.80,1.56,56.80,0,0,0
2021-09-28T16:42:35,-9999.000000,-9999.000000,-9999.00,-9999.00,-9999.00,-9999.00,12.47,21.23,22.67,25.34,5.00,2.00,20.11,29.00,852.20,0.00,33.80,2.20,31.40,819.20,5.60,-2.80,2.80,20.60,805.80,1.54,57.70,0,0,0
2021-09-28T16:42:40,-9999.000000,-9999.000000,-9999.00,-9999.00,-9999.00,-9999.00,12.28,21.23,22.64,25.34,5.00,2.00,20.11,29.00,852.20,0.00,33.00,2.19,31.40,819.60,5.60,-1.90,3.70,20.60,805.60,1.56,56.80,0,0,0
2021-09-28T16:42:45,-9999.000000,-9999.000000,-9999.00,-9999.00,-9999.00,-9999.00,12.26,21.23,22.70,25.34,6.00,2.00,20.11,29.00,852.20,0.00,35.40,2.19,31.40,819.70,5.50,4.30,9.80,20.60,805.80,1.56,56.90,0,0,0
2021-09-28T16:42:50,-9999.000000,-9999.000000,-9999.00,-9999.00,-9999.00,-9999.00,12.60,21.23,22.67,25.37,6.00,2.00,20.11,29.00,852.20,0.00,32.60,2.19,31.40,819.20,5.40,4.30,9.70,20.60,805.90,1.53,57.70,0,0,0
2021-09-28T16:42:55,-9999.000000,-9999.000000,-9999.00,-9999.00,-9999.00,-9999.00,12.58,21.26,22.74,25.34,6.00,2.00,20.11,29.00,852.20,0.00,35.00,2.20,31.40,819.10,5.30,4.20,9.50,20.60,805.60,1.56,56.80,0,0,0
2021-09-28T16:43:00,-9999.000000,-9999.000000,-9999.00,-9999.00,-9999.00,-9999.00,12.61,21.26,22.70,25.30,6.00,2.00,20.11,29.00,852.20,0.00,33.40,2.19,31.40,819.60,4.20,1.90,6.10,20.60,805.80,1.57,56.90,0,0,0
2021-09-28T16:43:05,-9999.000000,-9999.000000,-9999.00,-9999.00,-9999.00,-9999.00,12.29,21.26,22.67,25.20,6.00,2.00,20.11,29.00,852.40,0.00,33.80,2.20,31.40,819.60,2.70,1.90,4.60,20.60,805.80,1.53,57.70,0,0,0
2021-09-28T16:43:10,-9999.000000,-9999.000000,-9999.00,-9999.00,-9999.00,-9999.00,12.26,21.26,22.67,25.14,6.00,2.00,20.11,29.00,852.40,0.00,36.10,2.19,31.40,819.10,2.70,3.10,5.80,20.60,805.60,1.56,56.80,0,0,0
2021-09-28T16:43:15,-9999.000000,-9999.000000,-9999.00,-9999.00,-9999.00,-9999.00,12.58,21.26,22.74,25.07,5.00,2.00,20.11,29.00,852.30,0.00,33.40,2.20,31.50,819.10,4.70,1.00,5.70,20.60,805.90,1.56,56.80,0,0,0
2021-09-28T16:43:20,-9999.000000,-9999.000000,-9999.00,-9999.00,-9999.00,-9999.00,12.61,21.26,22.77,24.93,6.00,2.00,20.11,29.00,852.30,0.00,32.80,2.20,31.50,819.70,6.30,1.00,7.30,20.60,805.80,1.53,57.70,0,0,0
2021-09-28T16:43:25,-9999.000000,-9999.000000,-9999.00,-9999.00,-9999.00,-9999.00,12.24,21.26,22.77,24.80,6.00,2.00,20.11,29.00,852.20,0.00,33.50,2.20,31.50,819.60,6.20,-1.50,4.70,20.60,805.70,1.56,56.80,0,0,0
2021-09-28T16:43:30,-9999.000000,-9999.000000,-9999.00,-9999.00,-9999.00,-9999.00,12.12,21.26,22.67,24.70,5.00,2.00,20.11,29.00,852.30,0.00,33.10,2.20,31.50,819.10,3.00,0.40,3.40,20.60,805.90,1.56,56.80,0,0,0
2021-09-28T16:43:35,-9999.000000,-9999.000000,-9999.00,-9999.00,-9999.00,-9999.00,12.46,21.26,22.67,24.66,5.00,2.00,20.11,29.00,852.30,0.00,34.10,2.20,31.50,819.20,-1.10,0.40,-0.70,20.60,805.80,1.53,57.80,0,0,0
2021-09-28T16:43:40,-9999.000000,-9999.000000,-9999.00,-9999.00,-9999.00,-9999.00,12.47,21.26,22.74,24.59,6.00,2.00,20.11,29.00,852.20,0.00,32.10,2.19,31.50,819.70,-1.10,4.20,3.10,20.60,805.70,1.55,56.60,0,0,0
2021-09-28T16:43:45,-9999.000000,-9999.000000,-9999.00,-9999.00,-9999.00,-9999.00,12.57,21.26,22.74,24.59,6.00,2.00,20.11,29.00,852.50,0.00,31.50,2.19,31.50,819.70,2.10,1.80,3.90,20.60,805.80,1.56,57.00,0,0,0
2021-09-28T16:43:50,-9999.000000,-9999.000000,-9999.00,-9999.00,-9999.00,-9999.00,12.59,21.26,22.74,24.56,6.00,2.00,20.11,28.00,852.40,0.00,34.60,2.19,31.50,819.10,10.20,1.80,12.00,20.60,805.80,1.53,57.70,0,0,0
2021-09-28T16:43:55,-9999.000000,-9999.000000,-9999.00,-9999.00,-9999.00,-9999.00,12.57,21.26,22.67,24.46,6.00,2.00,20.11,28.00,852.50,0.00,31.00,2.20,31.50,819.10,10.10,-3.00,7.10,20.70,805.60,1.56,56.70,0,0,0
2021-09-28T16:44:00,-9999.000000,-9999.000000,-9999.00,-9999.00,-9999.00,-9999.00,12.26,21.26,22.74,24.46,6.00,2.00,20.11,28.00,852.40,0.00,35.90,2.20,31.60,819.60,8.80,-0.60,8.20,20.70,805.90,1.56,56.70,0,0,0
2021-09-28T16:44:05,-9999.000000,-9999.000000,-9999.00,-9999.00,-9999.00,-9999.00,12.28,21.26,22.74,24.42,5.00,2.00,20.11,28.00,852.40,0.00,34.40,2.19,31.60,819.60,-0.20,-0.60,-0.80,20.70,805.80,1.53,57.60,0,0,0
2021-09-28T16:44:10,-9999.000000,-9999.000000,-9999.00,-9999.00,-9999.00,-9999.00,12.26,21.26,22.74,24.46,6.00,2.00,20.11,28.00,852.10,0.00,31.90,2.19,31.60,819.10,-0.10,4.40,4.30,20.70,805.70,1.56,56.70,0,0,0
2021-09-28T16:44:15,-9999.000000,-9999.000000,-9999.00,-9999.00,-9999.00,-9999.00,12.20,21.26,22.81,24.42,5.00,2.00,20.11,28.00,852.40,0.00,29.30,2.19,31.60,819.10,-2.30,7.90,5.60,20.70,805.80,1.56,56.80,0,0,0
2021-09-28T16:44:20,-9999.000000,-9999.000000,-9999.00,-9999.00,-9999.00,-9999.00,12.25,21.26,22.74,24.36,5.00,2.00,20.11,28.00,852.40,0.00,33.50,2.19,31.60,819.60,2.70,7.90,10.60,20.70,805.80,1.53,57.70,0,0,0
2021-09-28T16:44:25,-9999.000000,-9999.000000,-9999.00,-9999.00,-9999.00,-9999.00,12.59,21.26,22.74,24.39,5.00,2.00,20.11,28.00,852.30,0.00,37.10,2.19,31.60,819.60,2.70,5.20,7.90,20.70,805.70,1.56,56.70,0,0,0
2021-09-28T16:44:30,-9999.000000,-9999.000000,-9999.00,-9999.00,-9999.00,-9999.00,12.61,21.26,22.74,24.32,5.00,2.00,20.11,28.00,852.20,0.00,36.80,2.19,31.60,819.10,5.80,0.00,5.80,20.70,805.80,1.56,56.70,0,0,0
2021-09-28T16:44:35,-9999.000000,-9999.000000,-9999.00,-9999.00,-9999.00,-9999.00,12.30,21.26,22.77,24.32,5.00,2.00,20.11,28.00,852.30,0.00,33.40,2.20,31.60,819.10,6.70,0.00,6.70,20.70,805.90,1.53,57.50,0,0,0
2021-09-28T16:44:40,-9999.000000,-9999.000000,-9999.00,-9999.00,-9999.00,-9999.00,12.37,21.26,22.80,24.32,5.00,2.00,20.11,28.00,852.20,0.00,34.10,2.20,31.60,819.60,6.70,0.30,7.00,20.70,805.70,1.56,56.70,0,0,0
2021-09-28T16:44:45,-9999.000000,-9999.000000,-9999.00,-9999.00,-9999.00,-9999.00,12.61,21.26,22.77,24.25,5.00,2.00,20.22,28.00,852.30,0.00,34.30,2.20,31.70,819.70,8.00,-0.10,7.90,20.70,805.90,1.56,56.80,0,0,0
2021-09-28T16:44:50,-9999.000000,-9999.000000,-9999.00,-9999.00,-9999.00,-9999.00,12.50,21.26,22.74,24.22,6.00,2.00,20.22,28.00,852.20,0.00,29.60,2.20,31.70,819.10,11.20,-0.10,11.10,20.70,805.80,1.53,57.60,0,0,0
2021-09-28T16:44:55,-9999.000000,-9999.000000,-9999.00,-9999.00,-9999.00,-9999.00,12.26,21.26,22.74,24.25,5.00,2.00,20.11,28.00,852.40,0.00,33.50,2.19,31.70,819.10,11.10,-1.80,9.30,20.70,805.70,1.56,56.70,0,0,0
2021-09-28T16:45:00,-9999.000000,-9999.000000,-9999.00,-9999.00,-9999.00,-9999.00,12.51,21.29,22.74,24.25,6.00,2.00,20.22,28.00,852.40,0.00,35.50,2.21,31.70,819.60,10.50,-0.80,9.70,20.70,805.80,1.56,57.00,0,0,0
2021-09-28T16:45:05,-9999.000000,-9999.000000,-9999.00,-9999.00,-9999.00,-9999.00,12.58,21.29,22.84,24.25,5.00,2.00,20.22,28.00,852.40,0.00,33.40,2.20,31.70,819.60,3.30,-0.80,2.50,20.70,805.80,1.53,57.50,0,0,0
2021-09-28T16:45:10,-9999.000000,-9999.000000,-9999.00,-9999.00,-9999.00,-9999.00,12.58,21.29,22.80,24.19,6.00,2.00,20.22,28.00,852.30,0.00,32.50,2.19,31.70,819.20,3.30,0.20,3.50,20.70,805.80,1.56,56.60,0,0,0
2021-09-28T16:45:15,-9999.000000,-9999.000000,-9999.00,-9999.00,-9999.00,-9999.00,12.61,21.29,22.74,24.12,5.00,2.00,20.22,28.00,852.30,0.00,33.40,2.20,31.70,819.10,-0.80,-1.10,-1.90,20.70,805.90,1.56,56.80,0,0,0
2021-09-28T16:45:20,-9999.000000,-9999.000000,-9999.00,-9999.00,-9999.00,-9999.00,12.58,21.29,22.80,24.12,5.00,2.00,20.22,28.00,852.20,0.00,35.50,2.19,31.70,819.60,-2.90,-1.10,-4.00,20.70,805.80,1.53,57.50,0,0,0
2021-09-28T16:45:25,-9999.000000,-9999.000000,-9999.00,-9999.00,-9999.00,-9999.00,12.58,21.29,22.80,24.09,5.00,2.00,20.22,28.00,852.50,0.00,31.80,2.19,31.80,819.70,-2.90,-0.40,-3.30,20.70,805.80,1.56,56.70,0,0,0
2021-09-28T16:45:30,-9999.000000,-9999.000000,-9999.00,-9999.00,-9999.00,-9999.00,12.56,21.29,22.80,24.12,6.00,2.00,20.22,28.00,852.30,0.00,34.90,2.19,31.80,819.20,-1.50,0.30,-1.20,20.70,805.90,1.56,56.80,0,0,0
2021-09-28T16:45:35,-9999.000000,-9999.000000,-9999.00,-9999.00,-9999.00,-9999.00,12.59,21.29,22.84,24.05,6.00,2.00,20.22,28.00,852.20,0.00,33.60,2.20,31.80,819.10,-0.40,0.30,-0.10,20.70,805.80,1.53,57.50,0,0,0
2021-09-28T16:45:40,-9999.000000,-9999.000000,-9999.00,-9999.00,-9999.00,-9999.00,12.61,21.29,22.77,24.05,5.00,2.00,20.22,28.00,852.40,0.00,33.70,2.19,31.80,819.60,-0.40,1.00,0.60,20.70,805.80,1.56,56.60,0,0,0
2021-09-28T16:45:45,-9999.000000,-9999.000000,-9999.00,-9999.00,-9999.00,-9999.00,12.58,21.29,22.80,24.02,5.00,2.00,20.22,28.00,852.30,0.00,36.20,2.18,31.80,819.60,0.00,4.50,4.50,20.70,805.80,1.56,56.80,0,0,0
2021-09-28T16:45:50,-9999.000000,-9999.000000,-9999.00,-9999.00,-9999.00,-9999.00,12.58,21.29,22.80,23.98,5.00,2.00,20.22,28.00,852.30,0.00,33.90,2.21,31.80,819.20,4.20,4.50,8.70,20.70,805.80,1.53,57.50,0,0,0
2021-09-28T16:45:55,-9999.000000,-9999.000000,-9999.00,-9999.00,-9999.00,-9999.00,12.61,21.29,22.87,24.05,6.00,2.00,20.22,28.00,852.30,0.00,36.90,2.19,31.80,819.10,4.10,2.30,6.40,20.70,805.70,1.56,56.90,0,0,0
2021-09-28T16:46:00,-9999.000000,-9999.000000,-9999.00,-9999.00,-9999.00,-9999.00,12.31,21.29,22.87,23.98,6.00,2.00,20.22,28.00,852.30,0.00,33.50,2.20,31.80,819.60,3.40,1.90,5.30,20.70,805.80,1.56,56.80,0,0,0
2021-09-28T16:46:05,-9999.000000,-9999.000000,-9999.00,-9999.00,-9999.00,-9999.00,12.56,21.29,22.80,23.98,5.00,2.00,20.22,28.00,852.20,0.00,30.60,2.20,31.80,819.60,-2.10,1.90,-0.20,20.80,805.80,1.53,57.60,0,0,0
2021-09-28T16:46:10,-9999.000000,-9999.000000,-9999.00,-9999.00,-9999.00,-9999.00,12.49,21.29,22.80,23.92,5.00,2.00,20.22,28.00,852.30,0.00,33.20,2.19,31.90,819.10,-2.00,5.00,3.00,20.80,805.70,1.56,56.60,0,0,0
2021-09-28T16:46:15,-9999.000000,-9999.000000,-9999.00,-9999.00,-9999.00,-9999.00,12.53,21.29,22.80,23.92,5.00,2.00,20.22,28.00,852.40,0.00,35.00,2.21,31.90,819.00,-0.70,0.10,-0.60,20.80,805.80,1.56,56.60,0,0,0
2021-09-28T16:46:20,-9999.000000,-9999.000000,-9999.00,-9999.00,-9999.00,-9999.00,12.56,21.29,22.84,23.92,5.00,2.00,20.22,28.00,852.30,0.00,34.30,2.21,31.90,819.60,4.20,0.10,4.30,20.80,805.80,1.52,57.60,0,0,0
2021-09-28T16:46:25,-9999.000000,-9999.000000,-9999.00,-9999.00,-9999.00,-9999.00,12.57,21.29,22.87,23.92,5.00,2.00,20.22,28.00,852.40,0.00,38.00,2.21,31.90,819.60,4.20,-2.10,2.10,20.80,805.80,1.56,56.60,0,0,0
2021-09-28T16:46:30,-9999.000000,-9999.000000,-9999.00,-9999.00,-9999.00,-9999.00,12.29,21.31,22.80,23.85,6.00,2.00,20.22,28.00,852.50,0.00,34.50,2.20,31.90,819.10,4.90,1.60,6.50,20.80,805.70,1.56,57.00,0,0,0
2021-09-28T16:46:35,-9999.000000,-9999.000000,-9999.00,-9999.00,-9999.00,-9999.00,12.35,21.31,22.80,23.85,5.00,2.00,20.22,28.00,852.20,0.00,35.30,2.21,31.90,819.10,2.20,1.60,3.80,20.80,805.80,1.53,57.50,0,0,0
2021-09-28T16:46:40,-9999.000000,-9999.000000,-9999.00,-9999.00,-9999.00,-9999.00,12.56,21.31,22.80,23.78,6.00,2.00,20.22,28.00,852.50,0.00,36.90,2.20,31.90,819.70,2.10,1.20,3.30,20.80,805.80,1.56,56.50,0,0,0
2021-09-28T16:46:45,-9999.000000,-9999.000000,-9999.00,-9999.00,-9999.00,-9999.00,12.59,21.31,22.87,23.85,5.00,2.00,20.22,28.00,852.20,0.00,34.60,2.21,31.90,819.70,0.00,-4.20,-4.20,20.80,805.80,1.57,56.90,0,0,0
2021-09-28T16:46:50,-9999.000000,-9999.000000,-9999.00,-9999.00,-9999.00,-9999.00,12.59,21.31,22.87,23.85,5.00,2.00,20.22,28.00,852.30,0.00,35.90,2.19,31.90,819.10,0.70,-4.20,-3.50,20.80,805.70,1.53,57.70,0,0,0
2021-09-28T16:46:55,-9999.000000,-9999.000000,-9999.00,-9999.00,-9999.00,-9999.00,12.61,21.31,22.87,23.85,5.00,2.00,20.22,28.00,852.20,0.00,33.60,2.20,32.00,819.20,0.70,-3.90,-3.20,20.80,805.80,1.56,56.60,0,0,0
2021-09-28T16:47:00,-9999.000000,-9999.000000,-9999.00,-9999.00,-9999.00,-9999.00,12.62,21.31,22.84,23.78,5.00,2.00,20.22,28.00,852.40,0.00,-9999.00,2.19,32.00,819.60,2.60,-0.80,1.80,20.80,805.80,1.56,56.90,0,0,0
2021-09-28T16:47:05,40.769764,-111.850365,163.80,-9999.00,-9999.00,-9999.00,12.62,21.31,22.87,23.75,5.00,2.00,20.22,28.00,852.30,0.00,-9999.00,2.19,32.00,819.70,6.10,-0.80,5.30,20.80,805.80,1.53,57.50,0,0,0
2021-09-28T16:47:10,40.769764,-111.850334,163.80,-9999.00,-9999.00,-9999.00,12.60,21.31,22.87,23.78,5.00,2.00,20.22,28.00,852.40,0.00,-9999.00,2.21,32.00,819.10,6.10,-1.40,4.70,20.80,805.80,1.55,56.60,0,0,0
2021-09-28T16:47:15,40.769783,-111.850288,163.80,-9999.00,-9999.00,-9999.00,12.60,21.31,22.91,23.78,5.00,2.00,20.22,28.00,852.20,0.00,-9999.00,2.20,32.00,819.10,6.20,0.00,6.20,20.80,805.70,1.57,57.00,0,0,0
2021-09-28T16:47:20,40.769806,-111.850227,163.80,-9999.00,-9999.00,-9999.00,12.30,21.31,22.87,23.75,5.00,2.00,20.22,27.00,852.30,0.00,-9999.00,2.19,32.00,819.60,3.40,0.00,3.40,20.80,805.80,1.53,57.60,0,0,0
2021-09-28T16:47:25,40.769833,-111.850174,163.80,-9999.00,-9999.00,-9999.00,12.52,21.31,22.87,23.71,5.00,2.00,20.22,27.00,852.20,0.00,-9999.00,2.21,32.00,819.60,3.40,0.70,4.10,20.80,805.70,1.56,56.70,0,0,0
2021-09-28T16:47:30,40.769848,-111.850143,163.80,-9999.00,-9999.00,-9999.00,12.59,21.31,22.87,23.71,5.00,2.00,20.22,27.00,852.30,0.00,-9999.00,2.19,32.00,819.10,2.00,-1.00,1.00,20.80,805.80,1.56,57.00,0,0,0
2021-09-28T16:47:35,40.769848,-111.850159,163.90,-9999.00,-9999.00,-9999.00,12.60,21.31,22.80,23.71,5.00,2.00,20.28,27.00,852.40,0.00,-9999.00,2.20,32.00,819.10,0.10,-1.00,-0.90,20.80,805.80,1.53,57.40,0,0,0
2021-09-28T16:47:40,40.769798,-111.850266,163.90,-9999.00,-9999.00,-9999.00,12.29,21.31,22.94,23.71,5.00,2.00,20.22,27.00,852.30,0.00,-9999.00,2.20,32.00,819.60,0.10,-1.10,-1.00,20.80,805.80,1.56,56.60,0,0,0
2021-09-28T16:47:45,40.769775,-111.850334,164.00,-9999.00,-9999.00,-9999.00,12.51,21.31,22.91,23.75,5.00,2.00,20.22,27.00,852.30,0.00,-9999.00,2.21,32.10,819.60,0.30,-3.20,-2.90,20.80,805.80,1.56,56.80,0,0,0
2021-09-28T16:47:50,40.769756,-111.850395,164.00,-9999.00,-9999.00,-9999.00,12.59,21.31,22.87,23.71,5.00,2.00,20.28,27.00,852.10,0.00,-9999.00,2.21,32.10,819.10,0.40,-3.30,-2.90,20.80,805.70,1.53,57.70,0,0,0
2021-09-28T16:47:55,40.769749,-111.850456,164.10,-9999.00,-9999.00,-9999.00,12.57,21.31,22.87,23.64,5.00,2.00,20.28,27.00,852.30,0.00,-9999.00,2.19,32.10,819.20,0.40,-1.80,-1.40,20.80,805.70,1.56,56.60,0,0,0
2021-09-28T16:48:00,40.769749,-111.850487,164.10,-9999.00,-9999.00,-9999.00,12.29,21.31,22.87,23.64,5.00,2.00,20.28,27.00,852.40,0.00,-9999.00,2.19,32.10,819.70,-0.30,7.70,7.40,20.80,805.70,1.56,57.10,0,0,0
2021-09-28T16:48:05,40.769753,-111.850525,164.20,-9999.00,-9999.00,-9999.00,12.61,21.31,22.94,23.71,5.00,2.00,20.28,27.00,852.30,0.00,-9999.00,2.19,32.10,819.60,-1.10,7.70,6.60,20.90,805.70,1.53,57.70,0,0,0
2021-09-28T16:48:10,40.766258,-111.847679,1474.90,-9999.00,-9999.00,-9999.00,12.57,21.31,22.94,23.71,5.00,2.00,20.28,27.00,852.20,0.00,-9999.00,2.21,32.10,819.10,-1.10,9.10,8.00,20.90,805.70,1.56,56.80,0,0,0
2021-09-28T16:48:15,40.766258,-111.847694,1475.20,-9999.00,-9999.00,-9999.00,12.61,21.31,22.87,23.64,5.00,2.00,20.28,27.00,852.40,0.00,-9999.00,2.20,32.10,819.10,0.50,2.60,3.10,20.90,805.80,1.56,56.70,0,0,0
2021-09-28T16:48:20,40.766262,-111.847702,1475.20,-9999.00,-9999.00,-9999.00,12.31,21.31,22.94,23.58,6.00,2.00,20.28,27.00,852.30,0.00,-9999.00,2.21,32.10,819.70,2.10,2.60,4.70,20.90,805.70,1.53,57.60,0,0,0
2021-09-28T16:48:25,40.766266,-111.847710,1475.20,-9999.00,-9999.00,-9999.00,12.18,21.31,22.87,23.58,5.00,2.00,20.28,27.00,852.30,0.00,-9999.00,2.20,32.10,819.70,2.10,0.70,2.80,20.90,805.70,1.56,56.60,0,0,0
2021-09-28T16:48:30,40.766258,-111.847710,1475.20,-9999.00,-9999.00,-9999.00,12.14,21.34,22.94,23.64,4.00,2.00,20.28,27.00,852.30,0.00,-9999.00,2.20,32.10,819.20,0.30,3.90,4.20,20.90,805.80,1.57,56.90,0,0,0
2021-09-28T16:48:35,40.766243,-111.847710,1475.10,-9999.00,-9999.00,-9999.00,12.32,21.34,22.94,23.61,5.00,2.00,20.28,27.00,852.30,0.00,-9999.00,2.22,32.20,819.20,-0.30,4.00,3.70,20.90,805.70,1.53,57.70,0,0,0
2021-09-28T16:48:40,40.766258,-111.847694,1474.70,-9999.00,-9999.00,-9999.00,12.55,21.34,22.94,23.64,5.00,2.00,20.28,27.00,852.20,0.00,-9999.00,2.19,32.20,819.60,-0.30,4.60,4.30,20.90,805.60,1.55,56.70,0,0,0
2021-09-28T16:48:45,40.766258,-111.847687,1474.70,-9999.00,-9999.00,-9999.00,12.56,21.34,22.94,23.58,5.00,2.00,20.28,27.00,852.20,0.00,-9999.00,2.19,32.20,819.70,1.20,0.70,1.90,20.90,805.70,1.57,57.00,0,0,0
2021-09-28T16:48:50,40.766258,-111.847679,1474.70,-9999.00,-9999.00,-9999.00,12.51,21.34,22.97,23.54,5.00,2.00,20.28,27.00,852.30,0.00,-9999.00,2.19,32.20,819.20,2.30,0.70,3.00,20.90,805.70,1.53,57.70,0,0,0
2021-09-28T16:48:55,-9999.000000,-9999.000000,-9999.00,-9999.00,-9999.00,-9999.00,12.36,21.34,22.97,23.58,5.00,2.00,20.28,27.00,852.20,0.00,-9999.00,2.21,32.20,819.10,2.30,-0.60,1.70,20.90,805.70,1.56,56.60,0,0,0
2021-09-28T16:49:00,-9999.000000,-9999.000000,-9999.00,-9999.00,-9999.00,-9999.00,12.26,21.34,23.01,23.58,5.00,2.00,20.28,27.00,852.30,0.00,-9999.00,2.19,32.20,819.60,2.30,-2.40,-0.10,20.90,805.70,1.57,57.10,0,0,0
2021-09-28T16:49:05,-9999.000000,-9999.000000,-9999.00,-9999.00,-9999.00,-9999.00,12.45,21.34,22.94,23.61,5.00,2.00,20.28,27.00,852.40,0.00,32.60,2.19,32.20,819.70,0.80,-2.40,-1.60,20.90,805.70,1.53,57.60,0,0,0
2021-09-28T16:49:10,40.766273,-111.847641,1474.70,-9999.00,-9999.00,-9999.00,12.50,21.34,22.94,23.51,5.00,2.00,20.28,27.00,852.30,0.00,33.30,2.20,32.20,819.20,0.80,-2.60,-1.80,20.90,805.60,1.56,56.70,0,0,0
2021-09-28T16:49:15,40.766247,-111.847641,1475.00,-9999.00,-9999.00,-9999.00,12.55,21.34,22.94,23.51,5.00,2.00,20.28,27.00,852.50,0.00,34.10,2.20,32.20,819.20,-1.40,0.70,-0.70,20.90,805.80,1.56,56.90,0,0,0
2021-09-28T16:49:20,40.766182,-111.847626,1475.20,-9999.00,-9999.00,-9999.00,12.56,21.34,22.94,23.54,5.00,2.00,20.28,27.00,852.20,0.00,31.20,2.21,32.20,819.70,0.60,0.70,1.30,20.90,805.70,1.53,57.70,0,0,0
2021-09-28T16:49:25,40.766155,-111.847610,1475.40,-9999.00,-9999.00,-9999.00,12.58,21.34,23.01,23.54,5.00,2.00,20.28,27.00,852.30,0.00,33.10,2.19,32.30,819.60,0.60,1.40,2.00,20.90,805.60,1.56,56.80,0,0,0
2021-09-28T16:49:30,40.766163,-111.847610,1475.70,-9999.00,-9999.00,-9999.00,12.59,21.34,23.01,23.58,5.00,2.00,20.28,27.00,852.30,0.00,33.90,2.19,32.30,819.20,4.10,0.20,4.30,20.90,805.70,1.57,57.00,0,0,0
2021-09-28T16:49:35,40.766148,-111.847603,1475.80,-9999.00,-9999.00,-9999.00,12.29,21.34,22.94,23.51,5.00,2.00,20.28,27.00,852.30,0.00,32.10,2.22,32.30,819.20,3.70,0.20,3.90,20.90,805.70,1.53,57.70,0,0,0
2021-09-28T16:49:40,40.766159,-111.847610,1476.00,-9999.00,-9999.00,-9999.00,12.25,21.34,22.97,23.51,5.00,2.00,20.28,27.00,852.40,0.00,32.00,2.20,32.30,819.70,3.70,0.70,4.40,20.90,805.70,1.56,56.70,0,0,0
2021-09-28T16:49:45,40.766159,-111.847603,1476.00,-9999.00,-9999.00,-9999.00,12.62,21.34,22.94,23.51,6.00,2.00,20.28,27.00,852.40,0.00,34.40,2.20,32.30,819.70,2.70,1.40,4.10,20.90,805.70,1.56,56.80,0,0,0
2021-09-28T16:49:50,40.766163,-111.847595,1476.00,-9999.00,-9999.00,-9999.00,12.62,21.34,23.01,23.54,5.00,2.00,20.28,27.00,852.30,0.00,32.70,2.19,32.30,819.20,-3.50,1.40,-2.10,20.90,805.60,1.53,57.70,0,0,0
2021-09-28T16:49:55,40.766171,-111.847580,1476.00,-9999.00,-9999.00,-9999.00,12.20,21.34,23.01,23.54,5.00,2.00,20.28,27.00,852.40,0.00,33.70,2.21,32.30,819.20,-3.50,2.20,-1.30,20.90,805.70,1.56,56.80,0,0,0
2021-09-28T16:50:00,40.766178,-111.847572,1476.00,-9999.00,-9999.00,-9999.00,12.27,21.34,23.01,23.51,4.00,2.00,20.28,27.00,852.40,0.00,35.50,2.21,32.30,819.70,-7.70,3.20,-4.50,20.90,805.70,1.56,57.10,0,0,0
2021-09-28T16:50:05,40.766193,-111.847595,1476.00,-9999.00,-9999.00,-9999.00,12.62,21.34,23.01,23.44,5.00,2.00,20.28,27.00,852.40,0.00,33.90,2.20,32.30,819.70,-2.60,3.20,0.60,20.90,805.70,1.53,57.70,0,0,0
2021-09-28T16:50:10,40.766193,-111.847610,1475.90,-9999.00,-9999.00,-9999.00,12.61,21.34,22.97,23.51,5.00,2.00,20.28,27.00,852.30,0.00,32.40,2.20,32.30,819.10,-2.60,2.20,-0.40,21.00,805.60,1.56,56.80,0,0,0
2021-09-28T16:50:15,40.766193,-111.847610,1475.90,-9999.00,-9999.00,-9999.00,12.59,21.37,23.04,23.51,5.00,2.00,20.28,27.00,852.20,0.00,34.00,2.20,32.30,819.20,2.80,0.00,2.80,21.00,805.60,1.56,57.10,0,0,0
2021-09-28T16:50:20,40.766159,-111.847595,1475.70,-9999.00,-9999.00,-9999.00,12.30,21.34,23.01,23.51,6.00,2.00,20.28,27.00,852.30,0.00,31.60,2.21,32.40,819.70,4.20,0.00,4.20,21.00,805.60,1.53,57.80,0,0,0
2021-09-28T16:50:25,40.766186,-111.847618,1475.70,-9999.00,-9999.00,-9999.00,12.30,21.34,23.08,23.51,6.00,2.00,20.28,27.00,852.30,0.00,35.80,2.21,32.40,819.70,4.20,0.80,5.00,21.00,805.60,1.56,56.80,0,0,0
2021-09-28T16:50:30,40.766186,-111.847618,1475.60,-9999.00,-9999.00,-9999.00,12.58,21.37,23.01,23.51,5.00,2.00,20.28,27.00,852.30,0.00,35.00,2.21,32.40,819.20,3.70,4.10,7.80,21.00,805.70,1.56,57.00,0,0,0
2021-09-28T16:50:35,40.766182,-111.847626,1475.60,-9999.00,-9999.00,-9999.00,12.61,21.37,23.01,23.51,6.00,2.00,20.28,27.00,852.40,0.00,31.00,2.21,32.40,819.20,4.20,4.10,8.30,21.00,805.60,1.53,57.80,0,0,0
2021-09-28T16:50:40,40.766178,-111.847633,1475.60,-9999.00,-9999.00,-9999.00,12.60,21.37,23.08,23.54,5.00,2.00,20.28,27.00,852.20,0.00,32.70,2.20,32.40,819.70,4.10,2.50,6.60,21.00,805.70,1.56,56.80,0,0,0
2021-09-28T16:50:45,40.766178,-111.847649,1475.60,-9999.00,-9999.00,-9999.00,12.29,21.37,23.08,23.51,5.00,2.00,20.28,27.00,852.30,0.00,31.10,2.20,32.40,819.70,3.00,-1.80,1.20,21.00,805.80,1.56,56.90,0,0,0
2021-09-28T16:50:50,40.766182,-111.847649,1475.70,-9999.00,-9999.00,-9999.00,12.28,21.37,23.08,23.58,5.00,2.00,20.28,27.00,852.30,0.00,35.50,2.20,32.40,819.20,2.50,-1.80,0.70,21.00,805.70,1.53,57.80,0,0,0
2021-09-28T16:50:55,40.766182,-111.847649,1475.70,-9999.00,-9999.00,-9999.00,12.61,21.37,23.04,23.51,5.00,2.00,20.39,27.00,852.30,0.00,30.50,2.21,32.40,819.10,2.50,-2.40,0.10,21.00,805.60,1.56,56.90,0,0,0
2021-09-28T16:51:00,40.766193,-111.847664,1475.60,-9999.00,-9999.00,-9999.00,12.61,21.37,23.01,23.51,5.00,2.00,20.39,27.00,852.50,0.00,32.60,2.21,32.40,819.70,3.70,-5.20,-1.50,21.00,805.70,1.56,57.10,0,0,0
2021-09-28T16:51:05,-9999.000000,-9999.000000,-9999.00,-9999.00,-9999.00,-9999.00,12.31,21.37,23.08,23.58,5.00,2.00,20.39,27.00,852.30,0.00,31.00,2.20,32.40,819.70,5.00,-5.20,-0.20,21.00,805.60,1.53,57.90,0,0,0
2021-09-28T16:51:10,-9999.000000,-9999.000000,-9999.00,-9999.00,-9999.00,-9999.00,12.27,21.37,23.08,23.58,5.00,2.00,20.39,27.00,852.20,0.00,34.20,2.20,32.50,819.20,5.00,-5.40,-0.40,21.00,805.60,1.56,56.90,0,0,0
2021-09-28T16:51:15,40.766331,-111.847778,1475.50,-9999.00,-9999.00,-9999.00,12.56,21.37,23.01,23.58,5.00,2.00,20.39,27.00,852.40,0.00,31.60,2.20,32.50,819.20,4.60,-0.30,4.30,21.00,805.70,1.56,57.00,0,0,0
2021-09-28T16:51:20,40.766449,-111.847885,1476.00,-9999.00,-9999.00,-9999.00,12.59,21.37,23.01,23.51,5.00,2.00,20.39,27.00,852.40,0.00,31.90,2.20,32.50,819.60,1.70,-0.30,1.40,21.00,805.60,1.53,57.90,0,0,0
2021-09-28T16:51:25,40.766479,-111.847939,1476.10,-9999.00,-9999.00,-9999.00,12.56,21.37,23.01,23.58,5.00,2.00,20.39,27.00,852.40,0.00,36.10,2.20,32.50,819.70,1.80,1.50,3.30,21.00,805.60,1.56,56.80,0,0,0
2021-09-28T16:51:30,40.766495,-111.847977,1476.10,-9999.00,-9999.00,-9999.00,12.26,21.37,23.01,23.51,5.00,2.00,20.39,27.00,852.50,0.00,34.80,2.19,32.50,819.20,1.80,-0.40,1.40,21.00,805.70,1.57,57.10,0,0,0
2021-09-28T16:51:35,40.766544,-111.847961,1476.10,-9999.00,-9999.00,-9999.00,12.58,21.37,23.08,23.61,5.00,2.00,20.39,27.00,852.20,0.00,32.50,2.21,32.50,819.20,6.30,-0.40,5.90,21.00,805.70,1.53,57.80,0,0,0
2021-09-28T16:51:40,40.766575,-111.847969,1476.20,-9999.00,-9999.00,-9999.00,12.59,21.37,23.08,23.61,5.00,2.00,20.39,27.00,852.50,0.00,32.80,2.20,32.50,819.70,6.30,-2.80,3.50,21.00,805.50,1.56,57.00,0,0,0
2021-09-28T16:51:45,40.766613,-111.847969,1476.40,-9999.00,-9999.00,-9999.00,12.31,21.37,23.08,23.58,4.00,2.00,20.39,27.00,852.30,0.00,32.70,2.20,32.50,819.70,7.60,-3.70,3.90,21.00,805.70,1.57,57.20,0,0,0
2021-09-28T16:51:50,40.766617,-111.847954,1476.60,-9999.00,-9999.00,-9999.00,12.61,21.37,23.01,23.51,4.00,2.00,20.39,27.00,852.50,0.00,34.70,2.19,32.50,819.20,4.50,-3.70,0.80,21.00,805.60,1.53,57.80,0,0,0
2021-09-28T16:51:55,40.766502,-111.847961,1476.50,-9999.00,-9999.00,-9999.00,12.58,21.37,23.08,23.54,5.00,2.00,20.39,27.00,852.20,0.00,33.70,2.20,32.50,819.20,4.50,-0.90,3.60,21.00,805.60,1.56,56.90,0,0,0
2021-09-28T16:52:00,40.766499,-111.847977,1476.50,-9999.00,-9999.00,-9999.00,12.61,21.37,23.11,23.58,5.00,2.00,20.39,27.00,852.40,0.00,33.80,2.20,32.50,819.70,4.20,2.10,6.30,21.00,805.70,1.57,57.10,0,0,0
2021-09-28T16:52:05,40.766499,-111.847977,1476.50,-9999.00,-9999.00,-9999.00,12.30,21.37,23.08,23.54,5.00,2.00,20.39,27.00,852.40,0.00,30.90,2.20,32.50,819.70,4.00,2.10,6.10,21.00,805.70,1.53,57.80,0,0,0
2021-09-28T16:52:10,40.766499,-111.847969,1476.50,-9999.00,-9999.00,-9999.00,12.25,21.37,23.08,23.58,5.00,2.00,20.39,27.00,852.50,0.00,31.40,2.21,32.60,819.20,4.00,0.70,4.70,21.00,805.70,1.56,56.90,0,0,0
2021-09-28T16:52:15,40.766491,-111.847969,1476.50,-9999.00,-9999.00,-9999.00,12.57,21.37,23.04,23.54,5.00,2.00,20.39,27.00,852.50,0.00,31.20,2.21,32.60,819.20,1.70,-0.20,1.50,21.10,805.80,1.57,57.10,0,0,0
2021-09-28T16:52:20,40.766472,-111.847946,1476.40,-9999.00,-9999.00,-9999.00,12.30,21.37,23.08,23.58,4.00,2.00,20.39,27.00,852.30,0.00,33.00,2.21,32.60,819.80,1.50,-0.20,1.30,21.10,805.70,1.53,57.90,0,0,0
2021-09-28T16:52:25,40.766376,-111.847893,1476.40,-9999.00,-9999.00,-9999.00,12.32,21.37,23.11,23.58,5.00,2.00,20.39,27.00,852.40,0.00,32.50,2.19,32.60,819.70,1.40,-0.80,0.60,21.10,805.60,1.56,56.80,0,0,0
2021-09-28T16:52:30,40.766312,-111.847862,1476.40,-9999.00,-9999.00,-9999.00,12.59,21.37,23.08,23.58,5.00,2.00,20.39,27.00,852.40,0.00,32.30,2.21,32.60,819.30,1.90,-2.00,-0.10,21.10,805.70,1.57,57.10,0,0,0
2021-09-28T16:52:35,40.766304,-111.847801,1476.50,-9999.00,-9999.00,-9999.00,12.37,21.37,23.14,23.58,5.00,2.00,20.39,27.00,852.50,0.00,32.20,2.21,32.60,819.20,-3.50,-2.00,-5.50,21.10,805.70,1.53,57.80,0,0,0
2021-09-28T16:52:40,40.766300,-111.847755,1476.60,-9999.00,-9999.00,-9999.00,12.42,21.37,23.08,23.54,5.00,2.00,20.39,27.00,852.30,0.00,34.10,2.22,32.60,819.70,-3.40,-0.20,-3.60,21.10,805.70,1.56,56.70,0,0,0
2021-09-28T16:52:45,40.766331,-111.847740,1476.60,-9999.00,-9999.00,-9999.00,12.61,21.37,23.08,23.58,5.00,2.00,20.39,27.00,852.30,0.00,34.00,2.20,32.60,819.70,-5.40,1.00,-4.40,21.10,805.70,1.56,57.10,0,0,0
2021-09-28T16:52:50,40.766277,-111.847733,1476.80,-9999.00,-9999.00,-9999.00,12.61,21.37,23.14,23.58,5.00,2.00,20.39,27.00,852.60,0.00,34.30,2.21,32.60,819.20,-3.20,1.00,-2.20,21.10,805.70,1.53,57.70,0,0,0
2021-09-28T16:52:55,40.766308,-111.847733,1476.80,-9999.00,-9999.00,-9999.00,12.32,21.37,23.08,23.61,5.00,2.00,20.39,27.00,852.30,0.00,31.30,2.22,32.60,819.20,-3.20,1.70,-1.50,21.10,805.70,1.56,56.70,0,0,0
2021-09-28T16:53:00,40.766308,-111.847725,1476.80,-9999.00,-9999.00,-9999.00,12.57,21.37,23.14,23.58,5.00,2.00,20.39,27.00,852.50,0.00,32.10,2.21,32.60,819.70,0.20,1.90,2.10,21.10,805.70,1.56,57.10,0,0,0
2021-09-28T16:53:05,40.766315,-111.847717,1476.80,-9999.00,-9999.00,-9999.00,12.29,21.37,23.08,23.51,5.00,2.00,20.39,27.00,852.30,0.00,32.50,2.21,32.60,819.70,4.40,1.90,6.30,21.10,805.60,1.53,57.70,0,0,0
2021-09-28T16:53:10,40.766369,-111.847702,1476.90,-9999.00,-9999.00,-9999.00,12.46,21.37,23.08,23.51,5.00,2.00,20.39,27.00,852.50,0.00,30.90,2.22,32.70,819.20,4.40,-0.30,4.10,21.10,805.70,1.56,56.80,0,0,0
2021-09-28T16:53:15,40.766403,-111.847702,1476.90,-9999.00,-9999.00,-9999.00,12.57,21.40,23.08,23.51,5.00,2.00,20.39,27.00,852.30,0.00,32.40,2.21,32.70,819.20,2.80,1.30,4.10,21.10,805.70,1.56,57.10,0,0,0
2021-09-28T16:53:20,40.766521,-111.847610,1475.40,-9999.00,-9999.00,-9999.00,12.60,21.40,23.08,23.58,5.00,2.00,20.39,27.00,852.40,0.00,33.70,2.22,32.70,819.70,-1.70,1.30,-0.40,21.10,805.70,1.53,57.80,0,0,0
2021-09-28T16:53:25,40.766537,-111.847595,1475.10,-9999.00,-9999.00,-9999.00,12.51,21.40,23.14,23.58,5.00,2.00,20.39,27.00,852.60,0.00,33.80,2.21,32.70,819.70,-1.60,2.10,0.50,21.10,805.80,1.56,56.80,0,0,0
2021-09-28T16:53:30,40.766552,-111.847618,1474.60,-9999.00,-9999.00,-9999.00,12.34,21.40,23.08,23.51,5.00,2.00,20.39,27.00,852.30,0.00,31.00,2.20,32.70,819.20,-3.00,-1.50,-4.50,21.10,805.70,1.57,57.20,0,0,0
2021-09-28T16:53:35,40.766575,-111.847649,1474.60,-9999.00,-9999.00,-9999.00,12.49,21.40,23.08,23.51,5.00,2.00,20.39,27.00,852.40,0.00,31.60,2.21,32.70,819.20,0.90,-1.50,-0.60,21.10,805.70,1.53,57.80,0,0,0
2021-09-28T16:53:40,40.766563,-111.847649,1474.60,-9999.00,-9999.00,-9999.00,12.47,21.40,23.11,23.51,5.00,2.00,20.50,27.00,852.30,0.00,31.70,2.21,32.70,819.70,0.90,-1.30,-0.40,21.10,805.60,1.56,56.70,0,0,0
2021-09-28T16:53:45,40.766563,-111.847641,1474.60,-9999.00,-9999.00,-9999.00,12.56,21.40,23.14,23.58,5.00,2.00,20.39,26.00,852.40,0.00,30.70,2.21,32.70,819.70,5.30,0.90,6.20,21.10,805.80,1.56,57.00,0,0,0
2021-09-28T16:53:50,40.766567,-111.847633,1474.60,-9999.00,-9999.00,-9999.00,12.53,21.40,23.14,23.58,5.00,2.00,20.50,26.00,852.60,0.00,32.30,2.20,32.70,819.20,3.60,0.90,4.50,21.10,805.60,1.53,57.80,0,0,0
2021-09-28T16:53:55,40.766571,-111.847633,1474.60,-9999.00,-9999.00,-9999.00,12.27,21.40,23.11,23.51,5.00,2.00,20.39,26.00,852.30,0.00,33.70,2.20,32.70,819.20,3.60,1.50,5.10,21.10,805.70,1.56,56.90,0,0,0
2021-09-28T16:54:00,40.766563,-111.847626,1474.60,-9999.00,-9999.00,-9999.00,12.28,21.40,23.08,23.51,5.00,2.00,20.39,26.00,852.50,0.00,27.80,2.20,32.70,819.70,0.30,3.80,4.10,21.10,805.70,1.57,57.10,0,0,0
2021-09-28T16:54:05,40.766533,-111.847649,1474.60,-9999.00,-9999.00,-9999.00,12.26,21.40,23.08,23.51,4.00,2.00,20.50,26.00,852.20,0.00,35.00,2.21,32.80,819.70,0.40,3.80,4.20,21.10,805.70,1.53,57.70,0,0,0
2021-09-28T16:54:10,40.766491,-111.847710,1474.90,-9999.00,-9999.00,-9999.00,12.29,21.40,23.14,23.54,5.00,2.00,20.50,26.00,852.60,0.00,31.40,2.22,32.80,819.20,0.40,3.30,3.70,21.20,805.70,1.56,56.90,0,0,0
2021-09-28T16:54:15,40.766483,-111.847755,1475.00,-9999.00,-9999.00,-9999.00,12.31,21.40,23.14,23.58,5.00,2.00,20.50,26.00,852.30,0.00,31.60,2.19,32.80,819.20,2.20,-1.30,0.90,21.20,805.70,1.57,57.10,0,0,0
2021-09-28T16:54:20,40.766483,-111.847748,1474.80,-9999.00,-9999.00,-9999.00,12.30,21.40,23.14,23.48,5.00,2.00,20.50,26.00,852.60,0.00,32.40,2.20,32.80,819.70,1.30,-1.30,0.00,21.20,805.70,1.53,57.90,0,0,0
2021-09-28T16:54:25,40.766479,-111.847717,1474.80,-9999.00,-9999.00,-9999.00,12.29,21.40,23.11,23.51,4.00,2.00,20.50,26.00,852.30,0.00,31.50,2.20,32.80,819.70,1.20,-1.90,-0.70,21.20,805.70,1.56,56.80,0,0,0
2021-09-28T16:54:30,40.766457,-111.847672,1474.80,-9999.00,-9999.00,-9999.00,12.27,21.40,23.14,23.51,5.00,2.00,20.50,26.00,852.50,0.00,33.50,2.21,32.80,819.20,-1.30,1.80,0.50,21.20,805.70,1.56,57.00,0,0,0
2021-09-28T16:54:35,-9999.000000,-9999.000000,-9999.00,-9999.00,-9999.00,-9999.00,12.55,21.40,23.14,23.51,5.00,2.00,20.50,26.00,852.50,0.00,31.90,2.20,32.80,819.20,-4.00,1.80,-2.20,21.20,805.70,1.53,57.90,0,0,0
2021-09-28T16:54:40,40.766361,-111.847595,1474.40,-9999.00,-9999.00,-9999.00,12.60,21.40,23.14,23.51,5.00,2.00,20.50,26.00,852.40,0.00,35.90,2.19,32.80,819.70,-4.00,2.90,-1.10,21.20,805.70,1.56,56.90,0,0,0
2021-09-28T16:54:45,40.766300,-111.847557,1474.10,-9999.00,-9999.00,-9999.00,12.58,21.40,23.14,23.51,4.00,2.00,20.50,26.00,852.30,0.00,31.90,2.21,32.80,819.70,-2.80,-1.90,-4.70,21.20,805.80,1.56,57.10,0,0,0
2021-09-28T16:54:50,40.766289,-111.847565,1474.00,-9999.00,-9999.00,-9999.00,12.31,21.40,23.08,23.44,4.00,2.00,20.50,26.00,852.40,0.00,37.10,2.20,32.80,819.10,0.00,-1.90,-1.90,21.20,805.80,1.53,57.50,0,0,0
2021-09-28T16:54:55,40.766289,-111.847580,1473.90,-9999.00,-9999.00,-9999.00,12.43,21.40,23.14,23.51,5.00,2.00,20.50,26.00,852.60,0.00,33.50,2.20,32.80,819.10,0.00,-3.50,-3.50,21.20,805.70,1.56,56.80,0,0,0
2021-09-28T16:55:00,40.766327,-111.847580,1473.70,-9999.00,-9999.00,-9999.00,12.58,21.40,23.11,23.48,5.00,2.00,20.50,26.00,852.40,0.00,34.00,2.22,32.80,819.70,0.00,-0.10,-0.10,21.20,805.70,1.56,57.20,0,0,0
2021-09-28T16:55:05,40.766331,-111.847580,1473.60,-9999.00,-9999.00,-9999.00,12.60,21.40,23.14,23.51,5.00,2.00,20.50,26.00,852.60,0.00,35.50,2.21,32.80,819.70,3.90,-0.10,3.80,21.20,805.70,1.53,57.90,0,0,0
2021-09-28T16:55:10,40.766331,-111.847565,1473.60,-9999.00,-9999.00,-9999.00,12.57,21.40,23.18,23.51,4.00,2.00,20.50,26.00,852.40,0.00,33.70,2.20,32.90,819.20,3.90,-0.60,3.30,21.20,805.60,1.56,56.90,0,0,0
2021-09-28T16:55:15,40.766331,-111.847557,1473.60,-9999.00,-9999.00,-9999.00,12.28,21.40,23.11,23.44,4.00,2.00,20.50,26.00,852.30,0.00,34.80,2.20,32.90,819.20,5.50,-0.60,4.90,21.20,805.80,1.56,57.10,0,0,0
2021-09-28T16:55:20,40.766327,-111.847549,1473.60,-9999.00,-9999.00,-9999.00,12.31,21.40,23.14,23.44,5.00,2.00,20.50,26.00,852.40,0.00,33.20,2.19,32.90,819.70,1.70,-0.60,1.10,21.20,805.70,1.53,57.80,0,0,0
2021-09-28T16:55:25,40.766327,-111.847542,1473.60,-9999.00,-9999.00,-9999.00,12.26,21.40,23.11,23.41,5.00,2.00,20.50,26.00,852.60,0.00,34.60,2.21,32.90,819.70,1.80,1.00,2.80,21.20,805.70,1.56,56.90,0,0,0
2021-09-28T16:55:30,40.766323,-111.847549,1473.60,-9999.00,-9999.00,-9999.00,12.57,21.42,23.14,23.48,4.00,2.00,20.50,26.00,852.40,0.00,33.30,2.21,32.90,819.20,1.90,-3.70,-1.80,21.20,805.70,1.57,57.00,0,0,0
2021-09-28T16:55:35,40.766323,-111.847557,1473.60,-9999.00,-9999.00,-9999.00,12.26,21.42,23.18,23.44,4.00,2.00,20.50,26.00,852.50,0.00,31.80,2.21,32.90,819.20,3.70,-3.70,0.00,21.20,805.70,1.53,57.70,0,0,0
2021-09-28T16:55:40,40.766327,-111.847565,1473.70,-9999.00,-9999.00,-9999.00,12.48,21.42,23.08,23.44,5.00,2.00,20.50,26.00,852.30,0.00,34.30,2.21,32.90,819.70,3.70,-5.00,-1.30,21.20,805.60,1.56,56.90,0,0,0
2021-09-28T16:55:45,40.766327,-111.847618,1473.70,-9999.00,-9999.00,-9999.00,12.58,21.42,23.14,23.44,5.00,2.00,20.50,26.00,852.40,0.00,32.60,2.22,32.90,819.70,3.00,-0.80,2.20,21.20,805.70,1.56,57.20,0,0,0
2021-09-28T16:55:50,40.766354,-111.847641,1473.70,-9999.00,-9999.00,-9999.00,12.55,21.42,23.11,23.41,4.00,2.00,20.50,26.00,852.30,0.00,31.20,2.21,32.90,819.20,2.60,-0.80,1.80,21.20,805.70,1.53,57.90,0,0,0
2021-09-28T16:55:55,40.766315,-111.847618,1473.70,-9999.00,-9999.00,-9999.00,12.58,21.42,23.14,23.44,4.00,2.00,20.50,26.00,852.40,0.00,36.70,2.20,32.90,819.20,2.60,1.30,3.90,21.20,805.60,1.56,57.00,0,0,0
2021-09-28T16:56:00,40.766315,-111.847626,1473.70,-9999.00,-9999.00,-9999.00,12.59,21.42,23.18,23.51,4.00,2.00,20.50,26.00,852.30,0.00,33.60,2.20,32.90,819.70,2.70,6.70,9.40,21.30,805.70,1.56,57.10,0,0,0
2021-09-28T16:56:05,40.766327,-111.847626,1473.70,-9999.00,-9999.00,-9999.00,12.61,21.42,23.14,23.51,4.00,2.00,20.50,26.00,852.40,0.00,31.20,2.20,32.90,819.70,2.90,6.70,9.60,21.20,805.70,1.53,57.80,0,0,0
2021-09-28T16:56:10,40.766323,-111.847610,1473.70,-9999.00,-9999.00,-9999.00,12.60,21.42,23.14,23.44,4.00,2.00,20.50,26.00,852.40,0.00,35.20,2.21,33.00,819.20,2.90,7.00,9.90,21.30,805.70,1.56,56.80,0,0,0
2021-09-28T16:56:15,40.766281,-111.847572,1473.70,-9999.00,-9999.00,-9999.00,12.58,21.42,23.14,23.41,4.00,2.00,20.50,26.00,852.40,0.00,33.50,2.20,33.00,819.20,4.20,1.10,5.30,21.30,805.70,1.57,57.20,0,0,0
2021-09-28T16:56:20,40.766243,-111.847511,1473.70,-9999.00,-9999.00,-9999.00,12.61,21.42,23.21,23.44,5.00,2.00,20.50,26.00,852.30,0.00,31.70,2.21,33.00,819.70,4.10,1.10,5.20,21.30,805.70,1.53,57.90,0,0,0
2021-09-28T16:56:25,40.766140,-111.847359,1473.70,-9999.00,-9999.00,-9999.00,12.60,21.42,23.21,23.44,5.00,2.00,20.50,26.00,852.50,0.00,29.80,2.21,33.00,819.70,4.00,-2.30,1.70,21.30,805.70,1.56,56.90,0,0,0
2021-09-28T16:56:30,40.766079,-111.847260,1473.70,-9999.00,-9999.00,-9999.00,12.60,21.42,23.14,23.44,4.00,2.00,20.50,26.00,852.30,0.00,32.00,2.21,33.00,819.20,1.90,-7.70,-5.80,21.30,805.70,1.56,57.30,0,0,0
2021-09-28T16:56:35,-9999.000000,-9999.000000,-9999.00,-9999.00,-9999.00,-9999.00,12.47,21.42,23.14,23.48,5.00,2.00,20.50,26.00,852.40,0.00,33.70,2.22,33.00,819.30,-0.40,-7.70,-8.10,21.30,805.70,1.53,57.90,0,0,0
2021-09-28T16:56:40,-9999.000000,-9999.000000,-9999.00,-9999.00,-9999.00,-9999.00,12.59,21.42,23.14,23.44,5.00,2.00,20.50,26.00,852.40,0.00,32.20,2.22,33.00,819.70,-0.40,-5.80,-6.20,21.30,805.70,1.56,56.90,0,0,0
2021-09-28T16:56:45,-9999.000000,-9999.000000,-9999.00,-9999.00,-9999.00,-9999.00,12.28,21.42,23.18,23.48,5.00,2.00,20.50,26.00,852.50,0.00,32.00,2.21,33.00,819.70,-1.60,5.20,3.60,21.30,805.70,1.57,57.20,0,0,0
2021-09-28T16:56:50,-9999.000000,-9999.000000,-9999.00,-9999.00,-9999.00,-9999.00,12.30,21.42,23.21,23.44,5.00,2.00,20.50,26.00,852.40,0.00,32.40,2.21,33.00,819.20,-1.50,5.20,3.70,21.30,805.70,1.53,57.80,0,0,0
2021-09-28T16:56:55,-9999.000000,-9999.000000,-9999.00,-9999.00,-9999.00,-9999.00,12.29,21.42,23.18,23.48,5.00,2.00,20.50,26.00,852.60,0.00,30.90,2.21,33.00,819.20,-1.50,7.30,5.80,21.30,805.60,1.56,56.90,0,0,0
2021-09-28T16:57:00,40.765762,-111.847260,1473.80,-9999.00,-9999.00,-9999.00,12.45,21.42,23.14,23.44,5.00,2.00,20.50,26.00,852.40,0.00,33.40,2.21,33.00,819.70,0.60,5.10,5.70,21.30,805.70,1.56,57.20,0,0,0
2021-09-28T16:57:05,40.765869,-111.847321,1473.80,-9999.00,-9999.00,-9999.00,12.57,21.42,23.14,23.44,5.00,2.00,20.50,26.00,852.60,0.00,34.20,2.22,33.00,819.70,0.90,5.10,6.00,21.30,805.70,1.53,57.80,0,0,0
2021-09-28T16:57:10,40.765881,-111.847343,1473.90,-9999.00,-9999.00,-9999.00,12.60,21.42,23.14,23.44,4.00,2.00,20.50,26.00,852.30,0.00,33.40,2.19,33.00,819.20,0.90,4.20,5.10,21.30,805.60,1.56,56.90,0,0,0
2021-09-28T16:57:15,40.765881,-111.847351,1473.90,-9999.00,-9999.00,-9999.00,12.59,21.42,23.25,23.48,5.00,2.00,20.61,26.00,852.50,0.00,34.10,2.20,33.00,819.20,0.30,2.10,2.40,21.30,805.70,1.57,57.20,0,0,0
2021-09-28T16:57:20,40.765793,-111.847237,1473.90,-9999.00,-9999.00,-9999.00,12.58,21.42,23.21,23.48,4.00,2.00,20.61,26.00,852.30,0.00,29.70,2.22,33.10,819.70,0.80,2.10,2.90,21.30,805.70,1.53,57.90,0,0,0
2021-09-28T16:57:25,40.765682,-111.847130,1473.90,-9999.00,-9999.00,-9999.00,12.31,21.42,23.21,23.41,5.00,2.00,20.61,26.00,852.60,0.00,32.50,2.21,33.10,819.70,0.80,0.70,1.50,21.30,805.70,1.56,56.80,0,0,0
2021-09-28T16:57:30,40.765656,-111.847115,1473.90,-9999.00,-9999.00,-9999.00,12.28,21.42,23.18,23.44,5.00,2.00,20.61,26.00,852.30,0.00,31.40,2.21,33.10,819.20,0.30,-0.20,0.10,21.30,805.70,1.57,57.20,0,0,0
2021-09-28T16:57:35,40.765667,-111.847145,1474.00,-9999.00,-9999.00,-9999.00,12.29,21.42,23.18,23.41,4.00,2.00,20.61,26.00,852.50,0.00,29.60,2.19,33.10,819.20,-0.50,-0.20,-0.70,21.30,805.60,1.53,57.80,0,0,0
2021-09-28T16:57:40,40.765705,-111.847198,1474.20,-9999.00,-9999.00,-9999.00,12.50,21.42,23.28,23.44,5.00,2.00,20.61,26.00,852.30,0.00,30.50,2.22,33.10,819.60,-0.50,1.20,0.70,21.30,805.70,1.56,56.80,0,0,0
2021-09-28T16:57:45,40.765717,-111.847206,1474.10,-9999.00,-9999.00,-9999.00,12.58,21.42,23.25,23.44,5.00,2.00,20.61,26.00,852.60,0.00,34.40,2.21,33.10,819.70,-0.50,5.80,5.30,21.30,805.70,1.56,57.10,0,0,0
2021-09-28T16:57:50,40.765717,-111.847214,1474.10,-9999.00,-9999.00,-9999.00,12.61,21.42,23.25,23.44,5.00,2.00,20.61,26.00,852.30,0.00,34.60,2.21,33.10,819.20,-2.10,5.80,3.70,21.30,805.70,1.53,57.80,0,0,0
2021-09-28T16:57:55,40.765717,-111.847221,1474.10,-9999.00,-9999.00,-9999.00,12.58,21.45,23.21,23.44,5.00,2.00,20.61,26.00,852.50,0.00,31.20,2.22,33.10,819.20,-2.10,7.30,5.20,21.30,805.70,1.56,57.00,0,0,0
2021-09-28T16:58:00,40.765717,-111.847237,1474.10,-9999.00,-9999.00,-9999.00,12.62,21.45,23.21,23.44,4.00,2.00,20.61,26.00,852.30,0.00,31.00,2.20,33.10,819.70,-1.60,5.90,4.30,21.40,805.60,1.56,57.20,0,0,0
2021-09-28T16:58:05,40.765717,-111.847229,1474.10,-9999.00,-9999.00,-9999.00,12.60,21.45,23.28,23.51,4.00,2.00,20.61,26.00,852.50,0.00,34.00,2.20,33.10,819.70,0.00,5.90,5.90,21.40,805.70,1.53,57.80,0,0,0
2021-09-28T16:58:10,40.765720,-111.847214,1474.10,-9999.00,-9999.00,-9999.00,12.58,21.45,23.25,23.48,4.00,2.00,20.61,26.00,852.40,0.00,32.10,2.20,33.10,819.10,0.00,4.90,4.90,21.40,805.60,1.56,56.90,0,0,0
2021-09-28T16:58:15,40.765724,-111.847206,1474.10,-9999.00,-9999.00,-9999.00,12.61,21.45,23.28,23.51,5.00,2.00,20.61,26.00,852.60,0.00,32.40,2.19,33.10,819.10,0.70,3.50,4.20,21.40,805.70,1.56,57.10,0,0,0
2021-09-28T16:58:20,40.765751,-111.847244,1474.40,-9999.00,-9999.00,-9999.00,12.58,21.45,23.21,23.48,4.00,2.00,20.61,26.00,852.40,0.00,32.90,2.21,33.10,819.70,0.20,3.50,3.70,21.40,805.60,1.53,57.90,0,0,0
2021-09-28T16:58:25,40.765808,-111.847252,1474.50,-9999.00,-9999.00,-9999.00,12.52,21.45,23.21,23.51,4.00,2.00,20.61,26.00,852.60,0.00,33.30,2.21,33.10,819.70,0.20,3.10,3.30,21.40,805.60,1.56,56.90,0,0,0
2021-09-28T16:58:30,40.765820,-111.847237,1474.50,-9999.00,-9999.00,-9999.00,12.51,21.45,23.31,23.54,5.00,2.00,20.61,26.00,852.30,0.00,35.00,2.22,33.20,819.10,-0.50,2.70,2.20,21.40,805.70,1.57,57.30,0,0,0
2021-09-28T16:58:35,40.765930,-111.847343,1475.10,-9999.00,-9999.00,-9999.00,12.26,21.45,23.31,23.54,5.00,2.00,20.61,26.00,852.40,0.00,34.80,2.21,33.20,819.20,3.20,2.70,5.90,21.40,805.70,1.53,57.80,0,0,0
2021-09-28T16:58:40,40.766132,-111.847450,1475.10,-9999.00,-9999.00,-9999.00,12.18,21.45,23.31,23.58,5.00,2.00,20.61,26.00,852.30,0.00,30.20,2.21,33.20,819.70,3.10,0.40,3.50,21.40,805.70,1.56,56.80,0,0,0
2021-09-28T16:58:45,40.766151,-111.847481,1475.10,-9999.00,-9999.00,-9999.00,12.51,21.45,23.28,23.58,5.00,2.00,20.61,26.00,852.40,0.00,31.10,2.22,33.20,819.70,5.50,-5.00,0.50,21.40,805.70,1.56,57.30,0,0,0
2021-09-28T16:58:50,40.766159,-111.847481,1475.20,-9999.00,-9999.00,-9999.00,12.58,21.45,23.28,23.61,5.00,2.00,20.61,26.00,852.30,0.00,33.80,2.20,33.20,819.10,4.60,-5.00,-0.40,21.40,805.60,1.53,57.70,0,0,0
2021-09-28T16:58:55,40.766167,-111.847481,1475.30,-9999.00,-9999.00,-9999.00,12.57,21.45,23.28,23.64,4.00,2.00,20.61,26.00,852.40,0.00,31.10,2.22,33.20,819.10,4.60,-5.30,-0.70,21.40,805.70,1.56,56.90,0,0,0
2021-09-28T16:59:00,40.766182,-111.847527,1475.40,-9999.00,-9999.00,-9999.00,12.57,21.45,23.28,23.71,4.00,2.00,20.61,26.00,852.40,0.00,30.40,2.21,33.20,819.70,2.80,-2.80,0.00,21.40,805.60,1.57,57.40,0,0,0
2021-09-28T16:59:05,40.766193,-111.847565,1475.50,-9999.00,-9999.00,-9999.00,12.58,21.45,23.35,23.75,5.00,2.00,20.61,26.00,852.30,0.00,33.20,2.20,33.20,819.70,-0.60,-2.80,-3.40,21.40,805.70,1.53,57.90,0,0,0
2021-09-28T16:59:10,40.766232,-111.847633,1475.60,-9999.00,-9999.00,-9999.00,12.29,21.45,23.31,23.78,4.00,2.00,20.61,26.00,852.50,0.00,34.00,2.21,33.20,819.10,-0.50,-0.60,-1.10,21.40,805.60,1.56,56.90,0,0,0
2021-09-28T16:59:15,40.766270,-111.847664,1475.70,-9999.00,-9999.00,-9999.00,12.55,21.45,23.28,23.78,4.00,2.00,20.61,26.00,852.40,0.00,31.70,2.20,33.20,819.10,-1.20,1.80,0.60,21.40,805.60,1.56,57.30,0,0,0
2021-09-28T16:59:20,40.766327,-111.847694,1475.90,-9999.00,-9999.00,-9999.00,12.57,21.45,23.35,23.85,5.00,2.00,20.61,26.00,852.40,0.00,34.20,2.20,33.20,819.70,1.40,1.80,3.20,21.40,805.60,1.53,57.90,0,0,0
2021-09-28T16:59:25,40.766365,-111.847694,1476.00,-9999.00,-9999.00,-9999.00,12.31,21.45,23.31,23.85,5.00,2.00,20.61,26.00,852.40,0.00,32.50,2.22,33.20,819.60,1.30,0.60,1.90,21.40,805.60,1.56,57.00,0,0,0
2021-09-28T16:59:30,40.766369,-111.847664,1476.20,-9999.00,-9999.00,-9999.00,12.57,21.45,23.35,23.92,4.00,2.00,20.61,26.00,852.40,0.00,31.60,2.19,33.20,819.10,1.10,2.20,3.30,21.40,805.60,1.57,57.20,0,0,0
2021-09-28T16:59:35,40.766384,-111.847672,1476.40,-9999.00,-9999.00,-9999.00,12.60,21.45,23.35,23.92,4.00,2.00,20.61,26.00,852.60,0.00,35.10,2.20,33.20,819.10,-3.90,2.20,-1.70,21.40,805.60,1.53,58.00,0,0,0
2021-09-28T16:59:40,40.766350,-111.847656,1476.50,-9999.00,-9999.00,-9999.00,12.32,21.45,23.31,23.92,4.00,2.00,20.61,26.00,852.40,0.00,28.10,2.21,33.30,819.60,-3.90,5.00,1.10,21.40,805.50,1.56,56.90,0,0,0
2021-09-28T16:59:45,40.766342,-111.847656,1476.60,-9999.00,-9999.00,-9999.00,12.31,21.45,23.35,23.98,5.00,2.00,20.61,26.00,852.60,0.00,29.90,2.22,33.30,819.60,-4.10,3.40,-0.70,21.40,805.60,1.56,57.30,0,0,0
2021-09-28T16:59:50,40.766312,-111.847649,1476.70,-9999.00,-9999.00,-9999.00,12.57,21.48,23.35,24.05,5.00,2.00,20.61,26.00,852.30,0.00,33.50,2.19,33.30,819.10,1.20,3.40,4.60,21.40,805.60,1.53,57.90,0,0,0
2021-09-28T16:59:55,40.766285,-111.847649,1476.70,-9999.00,-9999.00,-9999.00,12.61,21.45,23.35,24.12,5.00,2.00,20.61,26.00,852.60,0.00,31.00,2.22,33.30,819.20,1.20,1.30,2.50,21.40,805.50,1.56,57.00,0,0,0
2021-09-28T17:00:00,40.766232,-111.847633,1476.80,-9999.00,-9999.00,-9999.00,12.58,21.45,23.35,24.12,5.00,2.00,20.61,26.00,852.40,0.00,32.60,2.21,33.30,819.70,3.70,0.50,4.20,21.50,805.60,1.56,57.30,0,0,0
2021-09-28T17:00:05,40.766159,-111.847603,1476.90,-9999.00,-9999.00,-9999.00,12.59,21.48,23.35,24.12,5.00,2.00,20.61,26.00,852.60,0.00,32.90,2.20,33.30,819.60,4.50,0.50,5.00,21.50,805.60,1.54,58.10,0,0,0
2021-09-28T17:00:10,40.766094,-111.847557,1477.00,-9999.00,-9999.00,-9999.00,12.36,21.48,23.35,24.12,5.00,2.00,20.61,26.00,852.40,0.00,31.20,2.20,33.30,819.20,4.50,0.40,4.90,21.50,805.60,1.56,57.00,0,0,0
2021-09-28T17:00:15,40.766045,-111.847511,1477.10,-9999.00,-9999.00,-9999.00,12.31,21.48,23.35,24.22,5.00,2.00,20.61,26.00,852.50,0.00,34.50,2.21,33.30,819.10,4.60,-0.90,3.70,21.50,805.60,1.57,57.40,0,0,0
2021-09-28T17:00:20,40.766048,-111.847481,1477.20,-9999.00,-9999.00,-9999.00,12.57,21.48,23.38,24.25,6.00,2.00,20.61,26.00,852.60,0.00,30.90,2.20,33.30,819.70,5.20,-0.90,4.30,21.50,805.60,1.54,58.10,0,0,0
2021-09-28T17:00:25,40.766075,-111.847466,1477.30,-9999.00,-9999.00,-9999.00,12.58,21.48,23.41,24.25,4.00,2.00,20.61,26.00,852.40,0.00,30.90,2.20,33.30,819.70,5.20,-1.00,4.20,21.50,805.60,1.56,57.10,0,0,0
2021-09-28T17:00:30,40.766117,-111.847466,1477.40,-9999.00,-9999.00,-9999.00,12.31,21.48,23.35,24.25,4.00,2.00,20.61,26.00,852.40,0.00,30.80,2.21,33.30,819.10,4.30,2.60,6.90,21.50,805.60,1.57,57.20,0,0,0
2021-09-28T17:00:35,40.766136,-111.847458,1477.40,-9999.00,-9999.00,-9999.00,12.57,21.48,23.35,24.25,4.00,2.00,20.61,26.00,852.40,0.00,30.90,2.21,33.30,819.10,1.20,2.60,3.80,21.50,805.60,1.54,58.00,0,0,0
2021-09-28T17:00:40,40.766167,-111.847450,1477.40,-9999.00,-9999.00,-9999.00,12.58,21.48,23.31,24.25,4.00,2.00,20.61,26.00,852.60,0.00,31.70,2.21,33.30,819.70,1.20,3.00,4.20,21.50,805.60,1.56,57.00,0,0,0
2021-09-28T17:00:45,40.766190,-111.847443,1477.40,-9999.00,-9999.00,-9999.00,12.57,21.48,23.38,24.32,4.00,2.00,20.61,26.00,852.40,0.00,33.80,2.22,33.30,819.60,0.50,-1.20,-0.70,21.50,805.70,1.56,57.30,0,0,0
2021-09-28T17:00:50,40.766220,-111.847466,1477.30,-9999.00,-9999.00,-9999.00,12.61,21.48,23.41,24.32,5.00,2.00,20.61,26.00,852.40,0.00,31.90,2.21,33.30,819.10,2.50,-1.20,1.30,21.50,805.50,1.53,58.00,0,0,0
2021-09-28T17:00:55,40.766239,-111.847481,1477.30,-9999.00,-9999.00,-9999.00,12.59,21.48,23.35,24.25,5.00,2.00,20.61,26.00,852.40,0.00,33.20,2.20,33.40,819.10,2.50,-1.70,0.80,21.50,805.50,1.56,57.10,0,0,0
2021-09-28T17:01:00,40.766251,-111.847511,1477.20,-9999.00,-9999.00,-9999.00,12.33,21.48,23.35,24.25,4.00,2.00,20.61,26.00,852.40,0.00,32.40,2.22,33.40,819.70,4.30,0.00,4.30,21.50,805.60,1.57,57.40,0,0,0
2021-09-28T17:01:05,40.766296,-111.847542,1477.10,-9999.00,-9999.00,-9999.00,12.35,21.48,23.35,24.32,5.00,2.00,20.61,26.00,852.40,0.00,32.50,2.21,33.40,819.70,5.00,0.00,5.00,21.50,805.60,1.54,58.00,0,0,0
2021-09-28T17:01:10,40.766315,-111.847549,1477.00,-9999.00,-9999.00,-9999.00,12.58,21.48,23.41,24.39,5.00,2.00,20.72,26.00,852.40,0.00,32.20,2.21,33.40,819.10,5.00,0.00,5.00,21.50,805.50,1.56,57.00,0,0,0
2021-09-28T17:01:15,40.766327,-111.847565,1477.20,-9999.00,-9999.00,-9999.00,12.60,21.48,23.41,24.39,5.00,2.00,20.72,26.00,852.60,0.00,30.90,2.22,33.40,819.20,3.50,2.80,6.30,21.50,805.60,1.57,57.40,0,0,0
2021-09-28T17:01:20,40.766315,-111.847641,1477.10,-9999.00,-9999.00,-9999.00,12.35,21.48,23.35,24.39,5.00,2.00,20.61,26.00,852.30,0.00,31.80,2.21,33.40,819.60,0.30,2.80,3.10,21.50,805.60,1.53,57.90,0,0,0
2021-09-28T17:01:25,40.766315,-111.847656,1477.10,-9999.00,-9999.00,-9999.00,12.30,21.48,23.35,24.39,6.00,2.00,20.61,26.00,852.40,0.00,33.50,2.22,33.40,819.60,0.30,5.00,5.30,21.50,805.50,1.56,57.00,0,0,0
2021-09-28T17:01:30,40.766312,-111.847672,1477.10,-9999.00,-9999.00,-9999.00,12.59,21.48,23.35,24.39,4.00,2.00,20.61,26.00,852.50,0.00,34.40,2.22,33.40,819.20,1.20,2.50,3.70,21.50,805.60,1.56,57.40,0,0,0
2021-09-28T17:01:35,40.766308,-111.847672,1477.10,-9999.00,-9999.00,-9999.00,12.61,21.48,23.41,24.46,4.00,2.00,20.61,26.00,852.40,0.00,33.10,2.20,33.40,819.20,3.80,2.50,6.30,21.50,805.50,1.53,58.10,0,0,0
2021-09-28T17:01:40,40.766304,-111.847687,1477.10,-9999.00,-9999.00,-9999.00,12.33,21.48,23.41,24.46,5.00,2.00,20.72,26.00,852.40,0.00,29.80,2.20,33.40,819.70,3.70,-0.60,3.10,21.50,805.60,1.56,57.00,0,0,0
2021-09-28T17:01:45,40.766315,-111.847725,1477.10,-9999.00,-9999.00,-9999.00,12.62,21.48,23.38,24.49,5.00,2.00,20.72,26.00,852.40,0.00,30.50,2.21,33.40,819.70,2.30,-1.70,0.60,21.50,805.60,1.57,57.40,0,0,0
2021-09-28T17:01:50,40.766327,-111.847733,1477.40,-9999.00,-9999.00,-9999.00,12.62,21.48,23.35,24.39,4.00,2.00,20.72,26.00,852.40,0.00,31.90,2.21,33.40,819.10,0.10,-1.70,-1.60,21.50,805.60,1.54,58.00,0,0,0
2021-09-28T17:01:55,40.766335,-111.847702,1478.30,-9999.00,-9999.00,-9999.00,12.59,21.48,23.35,24.39,5.00,2.00,20.72,26.00,852.30,0.00,33.40,2.20,33.40,819.20,0.20,-0.50,-0.30,21.50,805.60,1.56,57.00,0,0,0
2021-09-28T17:02:00,40.766346,-111.847694,1478.30,-9999.00,-9999.00,-9999.00,12.51,21.48,23.41,24.46,5.00,2.00,20.72,26.00,852.40,0.00,33.20,2.20,33.40,819.70,-0.40,2.70,2.30,21.60,805.60,1.56,57.30,0,0,0
2021-09-28T17:02:05,40.766357,-111.847694,1478.30,-9999.00,-9999.00,-9999.00,12.58,21.48,23.41,24.46,5.00,2.00,20.72,26.00,852.30,0.00,32.40,2.21,33.40,819.70,-0.70,2.80,2.10,21.60,805.60,1.53,58.00,0,0,0
2021-09-28T17:02:10,40.766365,-111.847702,1478.30,-9999.00,-9999.00,-9999.00,12.58,21.48,23.38,24.46,5.00,2.00,20.72,26.00,852.40,0.00,33.50,2.23,33.50,819.20,-0.60,4.40,3.80,21.60,805.60,1.56,57.10,0,0,0
2021-09-28T17:02:15,40.766380,-111.847702,1478.40,-9999.00,-9999.00,-9999.00,12.33,21.48,23.35,24.46,5.00,2.00,20.72,26.00,852.40,0.00,31.60,2.22,33.50,819.20,2.70,0.00,2.70,21.60,805.70,1.56,57.30,0,0,0
2021-09-28T17:02:20,40.766411,-111.847694,1478.40,-9999.00,-9999.00,-9999.00,12.31,21.48,23.35,24.46,4.00,2.00,20.72,26.00,852.60,0.00,31.20,2.21,33.50,819.70,8.50,0.00,8.50,21.60,805.60,1.53,58.00,0,0,0
2021-09-28T17:02:25,40.766430,-111.847778,1478.60,-9999.00,-9999.00,-9999.00,12.49,21.48,23.35,24.53,5.00,2.00,20.72,26.00,852.60,0.00,34.10,2.22,33.50,819.70,8.40,-3.00,5.40,21.60,805.60,1.56,56.90,0,0,0
2021-09-28T17:02:30,40.766468,-111.847931,1479.00,-9999.00,-9999.00,-9999.00,12.59,21.48,23.41,24.53,6.00,2.00,20.72,26.00,852.30,0.00,31.10,2.21,33.50,819.20,7.50,0.10,7.60,21.60,805.60,1.57,57.40,0,0,0
2021-09-28T17:02:35,40.766457,-111.847954,1479.20,-9999.00,-9999.00,-9999.00,12.59,21.48,23.38,24.53,5.00,2.00,20.72,26.00,852.40,0.00,31.90,2.22,33.50,819.20,-0.40,0.10,-0.30,21.60,805.60,1.53,58.10,0,0,0
2021-09-28T17:02:40,40.766453,-111.848015,1479.20,-9999.00,-9999.00,-9999.00,12.61,21.48,23.38,24.53,5.00,2.00,20.72,26.00,852.40,0.00,28.10,2.20,33.50,819.70,-0.40,2.90,2.50,21.60,805.60,1.56,57.20,0,0,0
2021-09-28T17:02:45,40.766445,-111.848106,1479.10,-9999.00,-9999.00,-9999.00,12.52,21.48,23.35,24.46,5.00,2.00,20.72,26.00,852.60,0.00,32.40,2.21,33.50,819.70,-4.70,5.20,0.50,21.60,805.60,1.56,57.40,0,0,0
2021-09-28T17:02:50,40.766438,-111.848190,1479.10,-9999.00,-9999.00,-9999.00,12.31,21.48,23.35,24.53,5.00,2.00,20.72,26.00,852.40,0.00,31.20,2.22,33.50,819.20,2.20,5.20,7.40,21.60,805.60,1.53,58.00,0,0,0
2021-09-28T17:02:55,-9999.000000,-9999.000000,-9999.00,-9999.00,-9999.00,-9999.00,12.56,21.48,23.41,24.53,5.00,2.00,20.72,26.00,852.40,0.00,30.80,2.21,33.50,819.20,2.20,3.30,5.50,21.60,805.60,1.56,57.00,0,0,0
2021-09-28T17:03:00,-9999.000000,-9999.000000,-9999.00,-9999.00,-9999.00,-9999.00,12.62,21.48,23.41,24.59,4.00,2.00,20.72,26.00,852.50,0.00,33.20,2.21,33.50,819.70,9.20,-2.90,6.30,21.60,805.60,1.56,57.30,0,0,0
2021-09-28T17:03:05,-9999.000000,-9999.000000,-9999.00,-9999.00,-9999.00,-9999.00,12.59,21.48,23.41,24.53,4.00,2.00,20.72,26.00,852.60,0.00,32.50,2.22,33.50,819.70,6.50,-2.90,3.60,21.60,805.70,1.53,57.90,0,0,0
2021-09-28T17:03:10,-9999.000000,-9999.000000,-9999.00,-9999.00,-9999.00,-9999.00,12.27,21.48,23.35,24.59,4.00,2.00,20.72,26.00,852.50,0.00,34.20,2.20,33.50,819.20,6.50,-1.90,4.60,21.60,805.60,1.56,57.10,0,0,0
2021-09-28T17:03:15,-9999.000000,-9999.000000,-9999.00,-9999.00,-9999.00,-9999.00,12.58,21.48,23.38,24.59,4.00,2.00,20.72,26.00,852.50,0.00,30.70,2.21,33.50,819.20,3.10,2.00,5.10,21.60,805.60,1.57,57.30,0,0,0
2021-09-28T17:03:20,-9999.000000,-9999.000000,-9999.00,-9999.00,-9999.00,-9999.00,12.62,21.48,23.41,24.63,5.00,2.00,20.72,26.00,852.70,0.00,31.30,2.21,33.50,819.70,3.30,2.00,5.30,21.60,805.50,1.54,58.20,0,0,0
2021-09-28T17:03:25,-9999.000000,-9999.000000,-9999.00,-9999.00,-9999.00,-9999.00,12.53,21.48,23.41,24.66,4.00,2.00,20.72,26.00,852.40,0.00,31.40,2.21,33.50,819.70,3.30,1.40,4.70,21.60,805.50,1.56,57.10,0,0,0
2021-09-28T17:03:30,-9999.000000,-9999.000000,-9999.00,-9999.00,-9999.00,-9999.00,12.50,21.48,23.45,24.66,4.00,2.00,20.72,26.00,852.60,0.00,34.50,2.22,33.50,819.20,2.80,1.60,4.40,21.60,805.60,1.57,57.40,0,0,0
2021-09-28T17:03:35,40.766464,-111.848648,1480.20,-9999.00,-9999.00,-9999.00,12.48,21.48,23.35,24.59,5.00,2.00,20.72,26.00,852.30,0.00,31.40,2.21,33.60,819.20,1.80,1.60,3.40,21.60,805.60,1.54,58.10,0,0,0
2021-09-28T17:03:40,40.766418,-111.848557,1480.30,-9999.00,-9999.00,-9999.00,12.38,21.48,23.35,24.59,5.00,2.00,20.72,26.00,852.50,0.00,33.70,2.21,33.60,819.70,1.80,1.20,3.00,21.60,805.50,1.56,57.10,0,0,0
2021-09-28T17:03:45,-9999.000000,-9999.000000,-9999.00,-9999.00,-9999.00,-9999.00,12.53,21.51,23.45,24.66,4.00,2.00,20.72,26.00,852.50,0.00,32.50,2.21,33.60,819.70,1.90,-2.10,-0.20,21.60,805.60,1.57,57.40,0,0,0
2021-09-28T17:03:50,-9999.000000,-9999.000000,-9999.00,-9999.00,-9999.00,-9999.00,12.58,21.51,23.41,24.73,5.00,2.00,20.72,26.00,852.40,0.00,32.10,2.20,33.60,819.20,2.20,-2.10,0.10,21.60,805.50,1.53,58.10,0,0,0
2021-09-28T17:03:55,-9999.000000,-9999.000000,-9999.00,-9999.00,-9999.00,-9999.00,12.30,21.51,23.41,24.70,5.00,2.00,20.72,26.00,852.60,0.00,32.00,2.22,33.60,819.10,2.20,-0.80,1.40,21.70,805.50,1.56,57.10,0,0,0
2021-09-28T17:04:00,-9999.000000,-9999.000000,-9999.00,-9999.00,-9999.00,-9999.00,12.58,21.51,23.38,24.66,5.00,2.00,20.72,26.00,852.40,0.00,33.00,2.21,33.60,819.60,3.00,5.00,8.00,21.70,805.70,1.56,57.20,0,0,0
2021-09-28T17:04:05,40.766247,-111.848000,1480.20,-9999.00,-9999.00,-9999.00,12.61,21.51,23.38,24.66,5.00,2.00,20.72,26.00,852.60,0.00,32.00,2.22,33.60,819.70,1.70,5.00,6.70,21.70,805.50,1.54,58.20,0,0,0
2021-09-28T17:04:10,40.766224,-111.847824,1480.20,-9999.00,-9999.00,-9999.00,12.32,21.51,23.41,24.66,4.00,2.00,20.72,26.00,852.30,0.00,34.20,2.21,33.60,819.10,1.70,5.50,7.20,21.70,805.50,1.56,57.20,0,0,0
2021-09-28T17:04:15,40.766228,-111.847801,1480.30,-9999.00,-9999.00,-9999.00,12.58,21.51,23.41,24.73,5.00,2.00,20.72,26.00,852.40,0.00,31.60,2.20,33.60,819.10,2.30,-1.70,0.60,21.70,805.60,1.57,57.50,0,0,0
2021-09-28T17:04:20,40.766205,-111.847748,1480.40,-9999.00,-9999.00,-9999.00,12.57,21.51,23.41,24.73,5.00,2.00,20.72,26.00,852.60,0.00,29.50,2.21,33.60,819.60,5.50,-1.70,3.80,21.70,805.50,1.53,58.10,0,0,0
2021-09-28T17:04:25,40.766205,-111.847755,1480.50,-9999.00,-9999.00,-9999.00,12.61,21.51,23.38,24.73,5.00,2.00,20.72,26.00,852.50,0.00,31.00,2.22,33.60,819.60,5.40,-3.20,2.20,21.70,805.50,1.56,57.10,0,0,0
2021-09-28T17:04:30,40.766201,-111.847748,1480.60,-9999.00,-9999.00,-9999.00,12.59,21.51,23.38,24.73,4.00,2.00,20.72,26.00,852.50,0.00,31.80,2.22,33.60,819.10,3.10,7.60,10.70,21.70,805.60,1.57,57.30,0,0,0
2021-09-28T17:04:35,40.766190,-111.847710,1480.70,-9999.00,-9999.00,-9999.00,12.53,21.51,23.38,24.73,5.00,2.00,20.72,26.00,852.50,0.00,33.90,2.21,33.60,819.10,0.00,7.60,7.60,21.70,805.60,1.54,58.00,0,0,0
2021-09-28T17:04:40,40.766224,-111.847710,1480.90,-9999.00,-9999.00,-9999.00,12.61,21.51,23.41,24.80,5.00,2.00,20.72,26.00,852.40,0.00,30.60,2.22,33.60,819.60,0.00,9.20,9.20,21.70,805.50,1.56,57.10,0,0,0
2021-09-28T17:04:45,40.766247,-111.847725,1481.10,-9999.00,-9999.00,-9999.00,12.62,21.51,23.41,24.80,4.00,2.00,20.72,26.00,852.40,0.00,30.00,2.21,33.60,819.50,1.50,-1.10,0.40,21.70,805.60,1.57,57.40,0,0,0
2021-09-28T17:04:50,40.766258,-111.847717,1481.30,-9999.00,-9999.00,-9999.00,12.35,21.51,23.38,24.80,4.00,2.00,20.72,26.00,852.60,0.00,32.70,2.22,33.60,819.10,1.50,-1.10,0.40,21.70,805.50,1.53,58.00,0,0,0
2021-09-28T17:04:55,40.766273,-111.847733,1481.60,-9999.00,-9999.00,-9999.00,12.33,21.51,23.41,24.73,4.00,2.00,20.72,26.00,852.50,0.00,30.40,2.22,33.60,819.00,1.50,-2.50,-1.00,21.70,805.60,1.56,57.10,0,0,0
2021-09-28T17:05:00,40.766281,-111.847710,1481.90,-9999.00,-9999.00,-9999.00,12.58,21.51,23.38,24.73,4.00,2.00,20.72,26.00,852.40,0.00,32.30,2.22,33.70,819.50,-1.00,4.70,3.70,21.70,805.50,1.57,57.40,0,0,0
2021-09-28T17:05:05,40.766281,-111.847679,1482.10,-9999.00,-9999.00,-9999.00,12.62,21.51,23.41,24.80,4.00,2.00,20.72,26.00,852.50,0.00,31.40,2.21,33.70,819.50,-5.20,4.70,-0.50,21.70,805.50,1.53,58.10,0,0,0
2021-09-28T17:05:10,40.766281,-111.847656,1482.40,-9999.00,-9999.00,-9999.00,12.47,21.51,23.41,24.80,4.00,2.00,20.72,26.00,852.40,0.00,32.00,2.21,33.70,819.00,-5.10,6.70,1.60,21.70,805.50,1.56,57.20,0,0,0
2021-09-28T17:05:15,40.766296,-111.847672,1482.50,-9999.00,-9999.00,-9999.00,12.33,21.51,23.41,24.80,5.00,2.00,20.72,26.00,852.40,0.00,31.50,2.22,33.70,819.00,-2.80,-2.50,-5.30,21.70,805.50,1.57,57.50,0,0,0
2021-09-28T17:05:20,40.766304,-111.847664,1482.60,-9999.00,-9999.00,-9999.00,12.57,21.51,23.35,24.80,5.00,2.00,20.72,26.00,852.50,0.00,30.00,2.21,33.70,819.50,6.30,-2.50,3.80,21.70,805.50,1.54,58.00,0,0,0
2021-09-28T17:05:25,40.766312,-111.847656,1482.70,-9999.00,-9999.00,-9999.00,12.63,21.51,23.41,24.80,5.00,2.00,20.72,26.00,852.50,0.00,33.20,2.22,33.70,819.60,6.20,-7.30,-1.10,21.70,805.50,1.56,57.10,0,0,0
2021-09-28T17:05:30,40.766315,-111.847649,1482.70,-9999.00,-9999.00,-9999.00,12.39,21.51,23.41,24.86,5.00,2.00,20.72,26.00,852.60,0.00,30.80,2.23,33.70,819.00,6.30,-1.10,5.20,21.70,805.60,1.56,57.20,0,0,0
2021-09-28T17:05:35,40.766312,-111.847633,1482.70,-9999.00,-9999.00,-9999.00,12.61,21.51,23.41,24.86,5.00,2.00,20.72,26.00,852.60,0.00,33.20,2.23,33.70,818.90,1.80,-1.10,0.70,21.70,805.50,1.53,58.00,0,0,0
2021-09-28T17:05:40,40.766308,-111.847618,1482.70,-9999.00,-9999.00,-9999.00,12.57,21.51,23.41,24.86,5.00,2.00,20.72,26.00,852.40,0.00,32.30,2.22,33.70,819.50,1.90,3.00,4.90,21.70,805.50,1.56,57.00,0,0,0
2021-09-28T17:05:45,40.766304,-111.847610,1482.70,-9999.00,-9999.00,-9999.00,12.62,21.51,23.41,24.86,4.00,2.00,20.72,26.00,852.30,0.00,30.90,2.22,33.70,819.50,3.30,-0.30,3.00,21.70,805.50,1.57,57.50,0,0,0
2021-09-28T17:05:50,40.766304,-111.847603,1482.70,-9999.00,-9999.00,-9999.00,12.34,21.51,23.41,24.86,5.00,2.00,20.72,26.00,852.30,0.00,33.40,2.22,33.70,819.00,0.90,-0.30,0.60,21.70,805.40,1.53,58.20,0,0,0
2021-09-28T17:05:55,40.766304,-111.847595,1482.70,-9999.00,-9999.00,-9999.00,12.57,21.51,23.41,24.90,5.00,2.00,20.78,26.00,852.40,0.00,30.00,2.21,33.70,819.00,0.90,-1.50,-0.60,21.80,805.50,1.56,57.30,0,0,0
2021-09-28T17:06:00,40.766308,-111.847588,1482.70,-9999.00,-9999.00,-9999.00,12.61,21.51,23.45,24.90,4.00,2.00,20.72,26.00,852.60,0.00,31.70,2.21,33.70,819.40,-4.70,5.10,0.40,21.80,805.50,1.56,57.40,0,0,0
2021-09-28T17:06:05,40.766315,-111.847580,1482.70,-9999.00,-9999.00,-9999.00,12.36,21.53,23.41,24.93,4.00,2.00,20.72,26.00,852.50,0.00,33.20,2.22,33.70,819.50,-1.40,5.10,3.70,21.80,805.50,1.53,58.00,0,0,0
2021-09-28T17:06:10,40.766323,-111.847572,1482.70,-9999.00,-9999.00,-9999.00,12.32,21.53,23.41,24.93,5.00,2.00,20.72,26.00,852.50,0.00,31.60,2.20,33.70,819.00,-1.40,6.50,5.10,21.80,805.40,1.56,57.30,0,0,0
2021-09-28T17:06:15,40.766319,-111.847565,1482.70,-9999.00,-9999.00,-9999.00,12.57,21.53,23.41,24.90,5.00,2.00,20.72,26.00,852.50,0.00,31.20,2.21,33.70,819.00,6.20,-0.10,6.10,21.80,805.50,1.57,57.40,0,0,0
2021-09-28T17:06:20,40.766308,-111.847565,1482.70,-9999.00,-9999.00,-9999.00,12.62,21.53,23.38,24.93,5.00,2.00,20.78,26.00,852.50,0.00,30.30,2.23,33.70,819.50,9.60,-0.10,9.50,21.80,805.50,1.54,58.10,0,0,0
2021-09-28T17:06:25,40.766300,-111.847565,1482.70,-9999.00,-9999.00,-9999.00,12.62,21.53,23.45,24.93,4.00,2.00,20.72,26.00,852.40,0.00,32.60,2.21,33.70,819.60,9.50,-4.00,5.50,21.80,805.50,1.56,57.10,0,0,0
2021-09-28T17:06:30,40.766296,-111.847565,1482.70,-9999.00,-9999.00,-9999.00,12.41,21.53,23.41,24.93,4.00,2.00,20.72,26.00,852.50,0.00,32.30,2.23,33.80,819.00,5.80,-4.90,0.90,21.80,805.50,1.57,57.40,0,0,0
2021-09-28T17:06:35,40.766300,-111.847565,1482.70,-9999.00,-9999.00,-9999.00,12.59,21.53,23.41,24.97,5.00,2.00,20.78,26.00,852.50,0.00,32.00,2.22,33.80,819.00,0.60,-4.90,-4.30,21.80,805.50,1.54,58.10,0,0,0
2021-09-28T17:06:40,40.766315,-111.847549,1482.50,-9999.00,-9999.00,-9999.00,12.56,21.53,23.41,24.93,4.00,2.00,20.78,26.00,852.60,0.00,31.90,2.21,33.80,819.50,0.70,-0.40,0.30,21.80,805.40,1.56,57.10,0,0,0
2021-09-28T17:06:45,40.766376,-111.847580,1482.30,-9999.00,-9999.00,-9999.00,12.62,21.53,23.38,24.93,4.00,2.00,20.78,26.00,852.50,0.00,33.20,2.21,33.80,819.40,2.20,3.10,5.30,21.80,805.50,1.57,57.40,0,0,0
2021-09-28T17:06:50,40.766460,-111.847687,1482.00,-9999.00,-9999.00,-9999.00,12.36,21.53,23.48,25.03,4.00,2.00,20.78,26.00,852.40,0.00,32.70,2.21,33.80,819.00,5.70,3.10,8.80,21.80,805.50,1.53,58.10,0,0,0
2021-09-28T17:06:55,40.766533,-111.847778,1482.00,-9999.00,-9999.00,-9999.00,12.47,21.53,23.41,25.00,4.00,2.00,20.78,26.00,852.60,0.00,34.40,2.22,33.80,819.00,5.60,0.40,6.00,21.80,805.40,1.56,57.20,0,0,0
2021-09-28T17:07:00,40.766602,-111.847847,1482.10,-9999.00,-9999.00,-9999.00,12.61,21.53,23.41,25.00,5.00,2.00,20.78,27.00,852.40,0.00,30.80,2.21,33.80,819.40,3.10,2.40,5.50,21.80,805.50,1.56,57.30,0,0,0
2021-09-28T17:07:05,40.766651,-111.847900,1482.10,-9999.00,-9999.00,-9999.00,12.36,21.53,23.41,24.93,5.00,2.00,20.78,26.00,852.30,0.00,29.90,2.22,33.80,819.50,0.00,2.40,2.40,21.80,805.40,1.53,58.40,0,0,0
2021-09-28T17:07:10,40.766682,-111.847939,1482.00,-9999.00,-9999.00,-9999.00,12.30,21.53,23.41,25.00,4.00,2.00,20.78,26.00,852.40,0.00,32.30,2.23,33.80,818.90,0.00,5.60,5.60,21.80,805.40,1.56,57.10,0,0,0
2021-09-28T17:07:15,40.766720,-111.847969,1482.00,-9999.00,-9999.00,-9999.00,12.59,21.53,23.48,25.00,3.00,2.00,20.78,26.00,852.40,0.00,30.30,2.21,33.80,819.00,2.50,4.20,6.70,21.80,805.50,1.57,57.40,0,0,0
2021-09-28T17:07:20,40.766697,-111.847931,1481.90,-9999.00,-9999.00,-9999.00,12.62,21.53,23.48,25.00,4.00,2.00,20.78,26.00,852.40,0.00,31.50,2.22,33.80,819.50,4.10,4.20,8.30,21.80,805.40,1.53,58.20,0,0,0
2021-09-28T17:07:25,40.766659,-111.847870,1481.90,-9999.00,-9999.00,-9999.00,12.29,21.53,23.48,25.03,4.00,2.00,20.78,26.00,852.40,0.00,31.30,2.21,33.80,819.40,4.00,2.20,6.20,21.80,805.50,1.56,57.20,0,0,0
2021-09-28T17:07:30,40.766640,-111.847847,1481.90,-9999.00,-9999.00,-9999.00,12.60,21.53,23.41,25.00,5.00,2.00,20.78,26.00,852.60,0.00,29.10,2.19,33.80,818.90,3.10,-0.30,2.80,21.80,805.40,1.57,57.50,0,0,0
2021-09-28T17:07:35,40.766392,-111.847672,1480.90,-9999.00,-9999.00,-9999.00,12.61,21.53,23.41,25.00,5.00,2.00,20.78,26.00,852.30,0.00,30.00,2.23,33.80,819.00,3.10,-0.30,2.80,21.80,805.40,1.54,58.20,0,0,0
2021-09-28T17:07:40,40.766205,-111.847534,1480.10,-9999.00,-9999.00,-9999.00,12.34,21.53,23.52,25.07,5.00,2.00,20.78,26.00,852.30,0.00,31.00,2.22,33.80,819.50,3.10,-1.90,1.20,21.80,805.40,1.56,57.30,0,0,0
2021-09-28T17:07:45,40.766155,-111.847511,1479.70,-9999.00,-9999.00,-9999.00,12.50,21.53,23.48,25.07,5.00,2.00,20.78,26.00,852.40,0.00,29.40,2.21,33.80,819.40,0.60,1.30,1.90,21.90,805.40,1.57,57.50,0,0,0
2021-09-28T17:07:50,40.766167,-111.847527,1479.40,-9999.00,-9999.00,-9999.00,12.60,21.53,23.48,25.07,4.00,2.00,20.78,26.00,852.60,0.00,32.40,2.22,33.80,818.90,-2.10,1.30,-0.80,21.80,805.40,1.54,58.20,0,0,0
2021-09-28T17:07:55,40.766163,-111.847534,1479.30,-9999.00,-9999.00,-9999.00,12.62,21.53,23.45,25.00,5.00,2.00,20.78,26.00,852.40,0.00,32.20,2.21,33.80,819.00,-2.10,5.40,3.30,21.90,805.40,1.56,57.20,0,0,0
2021-09-28T17:08:00,40.766201,-111.847549,1478.90,-9999.00,-9999.00,-9999.00,12.45,21.53,23.41,25.07,5.00,2.00,20.78,26.00,852.30,0.00,33.50,2.22,33.80,819.50,0.60,7.50,8.10,21.90,805.40,1.56,57.50,0,0,0
2021-09-28T17:08:05,40.766212,-111.847565,1479.00,-9999.00,-9999.00,-9999.00,12.59,21.53,23.45,25.07,5.00,2.00,20.78,26.00,852.30,0.00,30.30,2.22,33.80,819.50,1.00,7.50,8.50,21.90,805.50,1.54,58.10,0,0,0
2021-09-28T17:08:10,40.766209,-111.847565,1479.00,-9999.00,-9999.00,-9999.00,12.54,21.53,23.48,25.14,4.00,2.00,20.78,26.00,852.40,0.00,33.40,2.22,33.90,819.00,1.00,5.40,6.40,21.90,805.40,1.56,57.20,0,0,0
2021-09-28T17:08:15,40.766209,-111.847588,1479.00,-9999.00,-9999.00,-9999.00,12.58,21.53,23.52,25.14,4.00,2.00,20.78,26.00,852.50,0.00,30.90,2.22,33.90,818.90,-0.90,0.70,-0.20,21.90,805.50,1.57,57.50,0,0,0
2021-09-28T17:08:20,40.766232,-111.847618,1478.70,-9999.00,-9999.00,-9999.00,12.35,21.53,23.45,25.07,5.00,2.00,20.78,26.00,852.40,0.00,32.40,2.22,33.90,819.50,0.70,0.70,1.40,21.90,805.40,1.54,58.20,0,0,0
2021-09-28T17:08:25,40.766254,-111.847626,1478.30,-9999.00,-9999.00,-9999.00,12.42,21.53,23.45,25.10,5.00,2.00,20.78,26.00,852.30,0.00,31.00,2.21,33.90,819.50,0.70,0.20,0.90,21.90,805.40,1.56,57.20,0,0,0
2021-09-28T17:08:30,40.766273,-111.847649,1477.90,-9999.00,-9999.00,-9999.00,12.53,21.53,23.45,25.10,5.00,2.00,20.78,26.00,852.40,0.00,32.80,2.22,33.90,818.90,2.50,1.20,3.70,21.90,805.40,1.57,57.50,0,0,0
2021-09-28T17:08:35,40.766304,-111.847656,1477.60,-9999.00,-9999.00,-9999.00,12.51,21.53,23.48,25.14,4.00,2.00,20.78,26.00,852.60,0.00,33.00,2.21,33.90,819.00,1.60,1.20,2.80,21.90,805.50,1.53,58.10,0,0,0
