Timestamp,Latitude,Longitude,Elevation,GPS_Speed,GPS_Direction,GPS_RMC_Valid,Battery_Voltage,Bus_Box_Temperature,Bus_Top_Temperature,Bus_Top_Relative_Humidity,ES642_PM2.5_Concentration,ES642_Air_Flow_Rate,ES642_Internal_Air_Temperature,ES642_Internal_Relative_Humidity,ES642_Internal_Air_Pressure,ES642_Error_Code,2B_Ozone_Concentration,2B_Air_Flow_Rate,2B_Internal_Air_Temperature,2B_Internal_Air_Pressure,2B405_NO_Concentration,2B405_NO2_Concentration,2B405_NOX_Concentration,2B405_Internal_Air_Temperature,2B405_Internal_Air_Pressure,2B405_Air_Flow_Rate,2B405_Cell_O3_Flow_Rate,PM2.5_Data_Flagged,Ozone_Data_Flagged,GPS_Data_Flagged
UTC,ddeg,ddeg,m,m/s,deg,binary,volts,degC,degC,%,ug/m3,L/min,degC,%,hpa,code,ppbv,L/min,degC,hpa,ppbv,ppbv,ppbv,degC,hpa,L/min,mL/min,binary,binary,binary
2023-09-05T14:30:00,-9999.000000,-9999.000000,-9999.00,-9999.00,-9999.00,0.00,13.78,15.15,18.92,44.98,-9999.00,-9999.00,-9999.00,-9999.00,-9999.00,-9999.00,-9999.00,-9999.00,-9999.00,-9999.00,-9999.00,-9999.00,-9999.00,-9999.00,-9999.00,-9999.00,-9999.00,0,0,1
2023-09-05T14:30:05,-9999.000000,-9999.000000,-9999.00,-9999.00,-9999.00,0.00,13.78,15.16,18.94,45.07,-9999.00,-9999.00,-9999.00,-9999.00,-9999.00,-9999.00,-9999.00,1.74,14.90,836.50,-9999.00,-9999.00,-9999.00,-9999.00,-9999.00,-9999.00,-9999.00,0,0,1
2023-09-05T14:30:10,-9999.000000,-9999.000000,-9999.00,-9999.00,-9999.00,0.00,13.78,15.16,18.95,45.14,-9999.00,-9999.00,-9999.00,-9999.00,-9999.00,-9999.00,-9999.00,1.72,14.90,836.50,-9999.00,-9999.00,-9999.00,-9999.00,-9999.00,-9999.00,-9999.00,0,0,1
2023-09-05T14:30:15,-9999.000000,-9999.000000,-9999.00,-9999.00,-9999.00,0.00,13.78,15.16,18.96,44.83,-9999.00,-9999.00,-9999.00,-9999.00,-9999.00,-9999.00,-9999.00,1.72,15.00,836.40,-9999.00,-9999.00,-9999.00,-9999.00,-9999.00,-9999.00,-9999.00,0,0,1
2023-09-05T14:30:20,-9999.000000,-9999.000000,-9999.00,-9999.00,-9999.00,0.00,13.78,15.17,18.98,44.91,-9999.00,-9999.00,-9999.00,-9999.00,-9999.00,-9999.00,-9999.00,1.73,15.00,836.40,-9999.00,-9999.00,-9999.00,-9999.00,-9999.00,-9999.00,-9999.00,0,0,1
2023-09-05T14:30:25,-9999.000000,-9999.000000,-9999.00,-9999.00,-9999.00,0.00,13.78,15.17,18.98,44.90,-9999.00,-9999.00,-9999.00,-9999.00,-9999.00,-9999.00,-9999.00,1.74,15.00,835.40,-9999.00,-9999.00,-9999.00,-9999.00,-9999.00,-9999.00,-9999.00,0,0,1
2023-09-05T14:30:30,-9999.000000,-9999.000000,-9999.00,-9999.00,-9999.00,0.00,13.78,15.18,19.01,45.01,-9999.00,-9999.00,-9999.00,-9999.00,-9999.00,-9999.00,-9999.00,1.73,15.10,835.40,-9999.00,-9999.00,-9999.00,-9999.00,-9999.00,-9999.00,-9999.00,0,0,1
2023-09-05T14:30:35,40.761818,-111.909683,1284.00,0.31,68.70,1.00,13.78,15.18,19.00,44.59,-9999.00,-9999.00,-9999.00,-9999.00,-9999.00,-9999.00,-9999.00,1.70,15.20,835.50,-9999.00,-9999.00,-9999.00,-9999.00,-9999.00,-9999.00,-9999.00,0,0,1
2023-09-05T14:30:40,40.761814,-111.909706,1282.80,0.00,68.70,1.00,13.77,15.18,19.04,44.53,-9999.00,-9999.00,-9999.00,-9999.00,-9999.00,-9999.00,-9999.00,1.71,15.20,835.50,-9999.00,-9999.00,-9999.00,-9999.00,-9999.00,-9999.00,-9999.00,0,0,1
2023-09-05T14:30:45,40.761814,-111.909737,1282.60,0.00,68.70,1.00,13.78,15.19,19.08,44.69,-9999.00,-9999.00,-9999.00,-9999.00,-9999.00,-9999.00,-9999.00,1.70,15.30,835.70,-9999.00,-9999.00,-9999.00,-9999.00,-9999.00,-9999.00,-9999.00,0,0,1
2023-09-05T14:30:50,40.761803,-111.909752,1285.00,0.00,68.70,1.00,13.78,15.19,19.06,44.72,-9999.00,-9999.00,-9999.00,-9999.00,-9999.00,-9999.00,-9999.00,1.72,15.40,835.60,-9999.00,-9999.00,-9999.00,-9999.00,-9999.00,-9999.00,-9999.00,0,0,1
2023-09-05T14:30:55,40.761799,-111.909760,1284.20,0.00,68.70,1.00,13.78,15.19,19.08,44.87,-9999.00,-9999.00,-9999.00,-9999.00,-9999.00,-9999.00,-9999.00,1.72,15.40,835.60,-9999.00,-9999.00,-9999.00,-9999.00,-9999.00,-9999.00,-9999.00,0,0,1
2023-09-05T14:31:00,40.761780,-111.909744,1287.20,0.46,153.70,1.00,13.77,15.20,19.08,44.69,-9999.00,-9999.00,-9999.00,-9999.00,-9999.00,-9999.00,-9999.00,1.71,15.50,835.70,-9999.00,-9999.00,-9999.00,-9999.00,-9999.00,-9999.00,-9999.00,0,0,1
2023-09-05T14:31:05,40.761765,-111.909737,1290.00,0.00,170.60,1.00,13.78,15.20,19.11,44.63,6.00,2.00,14.00,43.00,876.60,0.00,-9999.00,1.70,15.50,835.70,-9999.00,-9999.00,-9999.00,-9999.00,-9999.00,-9999.00,-9999.00,0,0,1
2023-09-05T14:31:10,40.761757,-111.909737,1293.20,0.46,147.50,1.00,13.77,15.21,19.13,44.69,5.00,2.00,14.00,44.00,876.50,0.00,-9999.00,1.71,15.60,835.60,-9999.00,-9999.00,-9999.00,-9999.00,-9999.00,-9999.00,-9999.00,0,0,1
2023-09-05T14:31:15,40.761734,-111.909744,1294.50,0.41,193.70,1.00,13.78,15.21,19.15,44.95,5.00,2.00,14.00,44.00,876.50,0.00,-9999.00,1.71,15.70,835.60,-9999.00,-9999.00,-9999.00,-9999.00,-9999.00,-9999.00,-9999.00,0,0,1
2023-09-05T14:31:20,40.761723,-111.909767,1296.80,0.36,178.50,1.00,13.77,15.22,19.15,45.01,5.00,2.00,14.00,45.00,876.70,0.00,-9999.00,1.71,15.70,835.70,-9999.00,-9999.00,-9999.00,-9999.00,-9999.00,-9999.00,-9999.00,0,0,1
2023-09-05T14:31:25,40.761726,-111.909775,1296.90,0.00,178.50,1.00,13.78,15.22,19.17,45.03,4.00,2.00,14.00,46.00,876.70,0.00,-9999.00,1.70,15.80,835.70,-9999.00,-9999.00,-9999.00,-9999.00,-9999.00,-9999.00,-9999.00,0,0,1
2023-09-05T14:31:30,40.761814,-111.909775,1296.80,4.42,358.10,1.00,13.77,15.22,19.19,44.64,6.00,2.00,14.00,46.00,876.50,0.00,-9999.00,1.70,15.90,835.60,-9999.00,-9999.00,-9999.00,-9999.00,-9999.00,-9999.00,-9999.00,0,0,1
2023-09-05T14:31:35,40.762054,-111.909821,1295.70,4.84,3.90,1.00,13.77,15.23,19.21,44.19,4.00,2.00,14.00,47.00,876.50,0.00,-9999.00,1.71,15.90,835.60,-9999.00,-9999.00,-9999.00,-9999.00,-9999.00,-9999.00,-9999.00,0,0,1
2023-09-05T14:31:40,40.762249,-111.909828,1296.20,3.55,339.20,1.00,13.77,15.23,19.23,44.19,5.00,2.00,14.11,47.00,876.50,0.00,-9999.00,1.71,15.90,835.70,-9999.00,-9999.00,-9999.00,-9999.00,-9999.00,-9999.00,-9999.00,0,0,1
2023-09-05T14:31:45,40.762348,-111.909988,1294.50,4.22,270.30,1.00,13.77,15.24,19.25,43.80,4.00,2.00,14.11,48.00,876.50,0.00,-9999.00,1.70,16.00,835.70,-9999.00,-9999.00,-9999.00,-9999.00,-9999.00,-9999.00,-9999.00,0,0,1
2023-09-05T14:31:50,40.762173,-111.910164,1294.80,7.05,187.00,1.00,13.77,15.24,19.27,43.28,5.00,2.00,14.11,48.00,876.50,0.00,-9999.00,1.71,16.10,835.50,-9999.00,-9999.00,-9999.00,-9999.00,-9999.00,-9999.00,-9999.00,0,0,1
2023-09-05T14:31:55,40.761826,-111.910156,1295.40,7.72,177.50,1.00,13.77,15.25,19.27,43.78,5.00,2.00,14.11,49.00,876.40,0.00,-9999.00,1.71,16.10,835.50,-9999.00,-9999.00,-9999.00,-9999.00,-9999.00,-9999.00,-9999.00,0,0,1
2023-09-05T14:32:00,40.761482,-111.910149,1295.50,6.84,179.60,1.00,13.77,15.25,19.27,43.71,6.00,2.00,14.11,49.00,876.40,0.00,-9999.00,1.71,16.20,835.60,-9999.00,-9999.00,-9999.00,-9999.00,-9999.00,-9999.00,-9999.00,0,0,1
2023-09-05T14:32:05,40.761257,-111.910133,1295.70,4.12,180.10,1.00,13.78,15.26,19.27,43.70,5.00,2.00,14.11,49.00,876.40,0.00,-9999.00,1.71,16.20,835.70,-9999.00,-9999.00,-9999.00,-9999.00,-9999.00,-9999.00,-9999.00,0,0,1
2023-09-05T14:32:10,40.761097,-111.910233,1296.30,3.96,236.40,1.00,13.77,15.26,19.27,43.67,5.00,2.00,14.11,50.00,876.70,0.00,-9999.00,1.71,16.30,835.60,-9999.00,-9999.00,-9999.00,-9999.00,-9999.00,-9999.00,-9999.00,0,0,1
2023-09-05T14:32:15,40.761093,-111.910454,1297.40,4.22,301.90,1.00,13.77,15.27,19.27,43.74,4.00,2.00,14.22,50.00,876.70,0.00,-9999.00,1.71,16.40,835.60,-9999.00,-9999.00,-9999.00,-9999.00,-9999.00,-9999.00,-9999.00,0,0,1
2023-09-05T14:32:20,40.761292,-111.910583,1298.10,5.71,1.70,1.00,13.77,15.27,19.25,43.87,4.00,2.00,14.22,50.00,876.60,0.00,-9999.00,1.71,16.40,835.70,-9999.00,-9999.00,-9999.00,-9999.00,-9999.00,-9999.00,-9999.00,0,0,1
2023-09-05T14:32:25,40.761604,-111.910545,1298.20,7.25,8.30,1.00,13.78,15.28,19.23,43.99,3.00,2.00,14.11,50.00,876.70,0.00,-9999.00,1.72,16.50,835.60,-9999.00,-9999.00,-9999.00,-9999.00,-9999.00,-9999.00,-9999.00,0,0,1
2023-09-05T14:32:30,40.761936,-111.910515,1297.10,6.43,3.30,1.00,13.78,15.28,19.21,44.15,4.00,2.00,14.22,51.00,876.50,0.00,-9999.00,1.70,16.50,835.60,-9999.00,-9999.00,-9999.00,-9999.00,-9999.00,-9999.00,-9999.00,1,0,1
2023-09-05T14:32:35,40.762154,-111.910522,1297.00,3.14,1.40,1.00,13.77,15.29,19.18,44.37,4.00,2.00,14.22,51.00,876.50,0.00,-9999.00,1.71,16.60,835.70,-9999.00,-9999.00,-9999.00,-9999.00,-9999.00,-9999.00,-9999.00,1,0,1
2023-09-05T14:32:40,40.762241,-111.910545,1295.50,1.23,3.00,1.00,13.77,15.29,19.17,44.51,9.00,2.00,14.22,51.00,876.50,0.00,-9999.00,1.70,16.60,835.70,-9999.00,-9999.00,-9999.00,-9999.00,-9999.00,-9999.00,-9999.00,1,0,1
2023-09-05T14:32:45,40.762295,-111.910530,1295.50,0.72,3.20,1.00,13.77,15.30,19.15,44.57,15.00,2.00,14.22,51.00,876.50,0.00,-9999.00,1.72,16.70,835.70,-9999.00,-9999.00,-9999.00,-9999.00,-9999.00,-9999.00,-9999.00,1,0,1
2023-09-05T14:32:50,40.762344,-111.910522,1295.40,1.90,2.30,1.00,13.77,15.30,19.15,44.53,14.00,2.00,14.22,51.00,876.50,0.00,-9999.00,1.70,16.80,835.70,-9999.00,-9999.00,-9999.00,-9999.00,-9999.00,-9999.00,-9999.00,1,0,1
2023-09-05T14:32:55,40.762444,-111.910500,1297.50,2.37,7.20,1.00,13.77,15.31,19.13,45.13,9.00,2.00,14.22,51.00,876.50,0.00,-9999.00,1.70,16.80,835.70,-9999.00,-9999.00,-9999.00,-9999.00,-9999.00,-9999.00,-9999.00,1,0,1
2023-09-05T14:33:00,40.762547,-111.910500,1297.70,1.90,350.80,1.00,13.77,15.32,19.16,54.71,6.00,2.00,14.22,52.00,876.70,0.00,-9999.00,1.71,16.80,835.60,-9999.00,-9999.00,-9999.00,-9999.00,-9999.00,-9999.00,-9999.00,1,0,1
2023-09-05T14:33:05,40.762619,-111.910507,1297.30,1.44,359.30,1.00,13.78,15.32,19.17,56.98,6.00,2.00,14.22,52.00,876.70,0.00,-9999.00,1.72,16.90,835.60,-9999.00,-9999.00,-9999.00,-9999.00,-9999.00,-9999.00,-9999.00,1,0,1
2023-09-05T14:33:10,40.762695,-111.910522,1296.60,1.18,348.80,1.00,13.78,15.33,19.13,58.67,5.00,2.00,14.22,52.00,876.70,0.00,-9999.00,1.72,17.00,835.60,-9999.00,-9999.00,-9999.00,-9999.00,-9999.00,-9999.00,-9999.00,1,0,1
2023-09-05T14:33:15,40.762741,-111.910515,1294.70,0.00,14.50,1.00,13.77,15.33,19.15,61.60,6.00,2.00,14.28,53.00,876.80,0.00,-9999.00,1.71,17.00,835.60,-9999.00,-9999.00,-9999.00,-9999.00,-9999.00,-9999.00,-9999.00,1,0,1
2023-09-05T14:33:20,40.762749,-111.910500,1294.60,0.00,14.50,1.00,13.77,15.34,19.17,62.88,5.00,2.00,14.22,53.00,876.70,0.00,-9999.00,1.71,17.10,835.60,-9999.00,-9999.00,-9999.00,-9999.00,-9999.00,-9999.00,-9999.00,1,0,1
2023-09-05T14:33:25,40.762749,-111.910515,1294.10,0.00,14.50,1.00,13.76,15.34,19.23,62.80,5.00,2.00,14.28,54.00,876.60,0.00,-9999.00,1.71,17.10,835.60,-9999.00,-9999.00,-9999.00,-9999.00,-9999.00,-9999.00,-9999.00,1,0,1
2023-09-05T14:33:30,40.762753,-111.910530,1293.10,0.00,14.50,1.00,13.78,15.35,19.27,62.75,4.00,2.00,14.28,54.00,876.60,0.00,-9999.00,1.72,17.20,835.50,-9999.00,-9999.00,-9999.00,-9999.00,-9999.00,-9999.00,-9999.00,1,0,1
2023-09-05T14:33:35,40.762764,-111.910522,1293.20,0.00,14.50,1.00,13.77,15.35,19.31,62.55,5.00,2.00,14.28,55.00,876.60,0.00,-9999.00,1.72,17.20,835.50,-9999.00,-9999.00,-9999.00,-9999.00,-9999.00,-9999.00,-9999.00,1,0,1
2023-09-05T14:33:40,40.762787,-111.910500,1293.10,0.00,14.50,1.00,13.78,15.36,19.35,62.57,5.00,2.00,14.28,55.00,876.50,0.00,-9999.00,1.71,17.30,835.50,-9999.00,-9999.00,-9999.00,-9999.00,-9999.00,-9999.00,-9999.00,1,0,1
2023-09-05T14:33:45,40.762787,-111.910500,1293.20,0.00,14.50,1.00,13.77,15.37,19.39,62.51,4.00,2.00,14.28,56.00,876.70,0.00,-9999.00,1.71,17.30,835.50,-9999.00,-9999.00,-9999.00,-9999.00,-9999.00,-9999.00,-9999.00,1,0,1
2023-09-05T14:33:50,40.762794,-111.910507,1293.20,0.00,14.50,1.00,13.78,15.37,19.43,62.35,5.00,2.00,14.28,57.00,876.50,0.00,-9999.00,1.71,17.40,835.40,-9999.00,-9999.00,-9999.00,-9999.00,-9999.00,-9999.00,-9999.00,1,0,1
2023-09-05T14:33:55,40.762798,-111.910507,1293.10,0.00,14.50,1.00,13.77,15.38,19.47,62.09,4.00,2.00,14.28,57.00,876.50,0.00,-9999.00,1.71,17.40,835.50,-9999.00,-9999.00,-9999.00,-9999.00,-9999.00,-9999.00,-9999.00,1,0,1
2023-09-05T14:34:00,40.762806,-111.910545,1293.30,0.00,14.50,1.00,13.77,15.38,19.51,61.93,4.00,2.00,14.28,57.00,876.60,0.00,-9999.00,1.72,17.50,835.30,-9999.00,-9999.00,-9999.00,-9999.00,-9999.00,-9999.00,-9999.00,1,0,1
2023-09-05T14:34:05,40.762821,-111.910583,1293.50,0.51,333.20,1.00,13.78,15.39,19.53,61.91,5.00,2.00,14.28,58.00,876.50,0.00,-9999.00,1.71,17.50,835.40,-9999.00,-9999.00,-9999.00,-9999.00,-9999.00,-9999.00,-9999.00,1,0,1
2023-09-05T14:34:10,40.762829,-111.910622,1293.80,0.00,331.80,1.00,13.77,15.40,19.55,61.85,5.00,2.00,14.28,58.00,876.50,0.00,-9999.00,1.71,17.60,835.30,-9999.00,-9999.00,-9999.00,-9999.00,-9999.00,-9999.00,-9999.00,1,0,1
2023-09-05T14:34:15,40.762821,-111.910652,1293.80,0.00,331.80,1.00,13.77,15.40,19.57,61.77,6.00,2.00,14.28,59.00,876.60,0.00,-9999.00,1.71,17.60,835.30,-9999.00,-9999.00,-9999.00,-9999.00,-9999.00,-9999.00,-9999.00,1,0,1
2023-09-05T14:34:20,40.762821,-111.910652,1293.80,0.00,331.80,1.00,13.77,15.41,19.61,61.70,6.00,2.00,14.28,59.00,876.50,0.00,-9999.00,1.72,17.70,835.30,-9999.00,-9999.00,-9999.00,-9999.00,-9999.00,-9999.00,-9999.00,1,0,1
2023-09-05T14:34:25,40.762821,-111.910645,1293.90,0.00,331.80,1.00,13.77,15.41,19.61,61.70,4.00,2.00,14.28,60.00,876.50,0.00,-9999.00,1.71,17.70,835.30,-9999.00,-9999.00,-9999.00,-9999.00,-9999.00,-9999.00,-9999.00,1,0,1
2023-09-05T14:34:30,40.762802,-111.910622,1295.20,0.51,316.00,1.00,13.77,15.42,19.63,61.67,5.00,2.00,14.39,60.00,876.50,0.00,-9999.00,1.72,17.80,835.30,-9999.00,-9999.00,-9999.00,-9999.00,-9999.00,-9999.00,-9999.00,1,0,1
2023-09-05T14:34:35,40.762783,-111.910568,1297.50,0.00,314.90,1.00,13.77,15.43,19.67,61.74,4.00,2.00,14.39,60.00,876.50,0.00,-9999.00,1.72,17.80,835.30,-9999.00,-9999.00,-9999.00,-9999.00,-9999.00,-9999.00,-9999.00,1,0,1
2023-09-05T14:34:40,40.762794,-111.910538,1298.00,0.00,314.90,1.00,13.77,15.43,19.69,61.83,5.00,2.00,14.39,61.00,876.60,0.00,-9999.00,1.72,17.90,835.30,-9999.00,-9999.00,-9999.00,-9999.00,-9999.00,-9999.00,-9999.00,1,0,1
2023-09-05T14:34:45,40.762814,-111.910507,1298.10,0.00,314.90,1.00,13.77,15.44,19.71,61.83,5.00,2.00,14.39,61.00,876.50,0.00,-9999.00,1.72,17.90,835.40,-9999.00,-9999.00,-9999.00,-9999.00,-9999.00,-9999.00,-9999.00,1,0,1
2023-09-05T14:34:50,40.762821,-111.910500,1298.00,0.00,314.90,1.00,13.78,15.45,19.73,61.83,5.00,2.00,14.39,61.00,876.60,0.00,-9999.00,1.71,18.00,835.20,-9999.00,-9999.00,-9999.00,-9999.00,-9999.00,-9999.00,-9999.00,1,0,1
2023-09-05T14:34:55,40.762825,-111.910500,1298.00,0.00,314.90,1.00,13.77,15.45,19.73,61.83,5.00,2.00,14.39,61.00,876.40,0.00,-9999.00,1.72,18.00,835.20,-9999.00,-9999.00,-9999.00,-9999.00,-9999.00,-9999.00,-9999.00,1,0,1
2023-09-05T14:35:00,40.762844,-111.910492,1298.10,0.00,314.90,1.00,13.78,15.46,19.75,61.81,5.00,2.00,14.39,62.00,876.60,0.00,-9999.00,1.71,18.10,835.20,-9999.00,-9999.00,-9999.00,-9999.00,-9999.00,-9999.00,-9999.00,1,0,1
2023-09-05T14:35:05,40.762863,-111.910484,1298.10,0.00,314.90,1.00,13.77,15.47,19.78,61.74,4.00,2.00,14.39,62.00,876.40,0.00,-9999.00,1.72,18.10,835.30,-9999.00,-9999.00,-9999.00,-9999.00,-9999.00,-9999.00,-9999.00,1,0,1
2023-09-05T14:35:10,40.762863,-111.910484,1298.20,0.00,314.90,1.00,13.78,15.47,19.78,61.70,5.00,2.00,14.39,62.00,876.70,0.00,-9999.00,1.72,18.20,835.20,-9999.00,-9999.00,-9999.00,-9999.00,-9999.00,-9999.00,-9999.00,1,0,1
2023-09-05T14:35:15,40.762878,-111.910469,1298.30,0.00,50.80,1.00,13.77,15.48,19.79,61.63,4.00,2.00,14.39,63.00,876.60,0.00,-9999.00,1.71,18.20,835.20,-9999.00,-9999.00,-9999.00,-9999.00,-9999.00,-9999.00,-9999.00,1,0,1
2023-09-05T14:35:20,40.762871,-111.910477,1298.20,0.00,50.80,1.00,13.77,15.49,19.81,61.61,4.00,2.00,14.39,63.00,876.60,0.00,-9999.00,1.71,18.30,835.20,-9999.00,-9999.00,-9999.00,-9999.00,-9999.00,-9999.00,-9999.00,1,0,1
2023-09-05T14:35:25,40.762859,-111.910477,1298.40,0.00,50.80,1.00,13.78,15.49,19.88,61.59,4.00,2.00,14.50,63.00,876.60,0.00,-9999.00,1.72,18.30,835.20,-9999.00,-9999.00,-9999.00,-9999.00,-9999.00,-9999.00,-9999.00,1,0,1
2023-09-05T14:35:30,40.762836,-111.910500,1298.40,0.00,50.80,1.00,13.77,15.50,19.90,61.61,4.00,2.00,14.39,63.00,876.60,0.00,-9999.00,1.72,18.40,835.10,-9999.00,-9999.00,-9999.00,-9999.00,-9999.00,-9999.00,-9999.00,1,0,1
2023-09-05T14:35:35,40.762836,-111.910500,1298.30,0.00,50.80,1.00,13.77,15.51,19.87,61.61,5.00,2.00,14.50,63.00,876.50,0.00,-9999.00,1.71,18.40,835.10,-9999.00,-9999.00,-9999.00,-9999.00,-9999.00,-9999.00,-9999.00,1,0,1
2023-09-05T14:35:40,40.762833,-111.910507,1298.50,0.00,50.80,1.00,13.77,15.51,19.87,61.59,5.00,2.00,14.50,64.00,876.40,0.00,-9999.00,1.73,18.50,835.10,-9999.00,-9999.00,-9999.00,-9999.00,-9999.00,-9999.00,-9999.00,1,0,1
2023-09-05T14:35:45,40.762829,-111.910500,1298.80,0.00,50.80,1.00,13.77,15.52,19.89,61.57,5.00,2.00,14.50,64.00,876.60,0.00,-9999.00,1.72,18.50,835.10,-9999.00,-9999.00,-9999.00,-9999.00,-9999.00,-9999.00,-9999.00,1,0,1
2023-09-05T14:35:50,40.762829,-111.910500,1298.80,0.00,50.80,1.00,13.77,15.53,19.90,61.55,5.00,2.00,14.50,64.00,876.50,0.00,-9999.00,1.72,18.60,835.10,-9999.00,-9999.00,-9999.00,-9999.00,-9999.00,-9999.00,-9999.00,1,0,1
2023-09-05T14:35:55,40.762833,-111.910500,1298.80,0.00,50.80,1.00,13.77,15.54,19.92,61.49,5.00,2.00,14.50,64.00,876.40,0.00,-9999.00,1.73,18.60,835.10,-9999.00,-9999.00,-9999.00,-9999.00,-9999.00,-9999.00,-9999.00,1,0,1
2023-09-05T14:36:00,40.762840,-111.910500,1298.80,0.00,50.80,1.00,13.74,15.54,19.94,61.27,5.00,2.00,14.50,64.00,876.50,0.00,-9999.00,1.71,18.70,835.10,-9999.00,-9999.00,-9999.00,-9999.00,-9999.00,-9999.00,-9999.00,1,0,1
2023-09-05T14:36:05,40.762848,-111.910500,1298.80,0.00,50.80,1.00,13.74,15.55,19.94,61.13,5.00,2.00,14.50,65.00,876.50,0.00,-9999.00,1.73,18.70,835.10,-9999.00,-9999.00,-9999.00,-9999.00,-9999.00,-9999.00,-9999.00,1,0,1
2023-09-05T14:36:10,40.762856,-111.910492,1298.70,0.00,50.80,1.00,13.74,15.56,19.96,61.13,5.00,2.00,14.50,65.00,876.40,0.00,-9999.00,1.72,18.80,835.00,-9999.00,-9999.00,-9999.00,-9999.00,-9999.00,-9999.00,-9999.00,1,0,1
2023-09-05T14:36:15,40.762859,-111.910500,1298.70,0.00,50.80,1.00,13.74,15.57,19.98,61.11,4.00,2.00,14.50,65.00,876.70,0.00,-9999.00,1.72,18.80,835.00,-9999.00,-9999.00,-9999.00,-9999.00,-9999.00,-9999.00,-9999.00,1,0,1
2023-09-05T14:36:20,40.762856,-111.910500,1298.70,0.00,50.80,1.00,13.74,15.57,19.98,61.09,4.00,2.00,14.50,65.00,876.60,0.00,-9999.00,1.72,18.80,835.00,-9999.00,-9999.00,-9999.00,-9999.00,-9999.00,-9999.00,-9999.00,1,0,1
2023-09-05T14:36:25,40.762856,-111.910500,1298.70,0.00,50.80,1.00,13.74,15.58,20.00,60.79,4.00,2.00,14.61,65.00,876.50,0.00,-9999.00,1.73,18.90,834.90,-9999.00,-9999.00,-9999.00,-9999.00,-9999.00,-9999.00,-9999.00,1,0,1
2023-09-05T14:36:30,40.762856,-111.910500,1298.70,0.00,50.80,1.00,13.74,15.59,20.02,60.57,5.00,2.00,14.61,65.00,876.50,0.00,-9999.00,1.73,18.90,835.00,-9999.00,-9999.00,-9999.00,-9999.00,-9999.00,-9999.00,-9999.00,1,0,1
2023-09-05T14:36:35,40.762856,-111.910507,1298.70,0.00,50.80,1.00,13.74,15.60,20.03,60.54,5.00,2.00,14.61,66.00,876.60,0.00,-9999.00,1.72,19.00,835.00,-9999.00,-9999.00,-9999.00,-9999.00,-9999.00,-9999.00,-9999.00,1,0,1
2023-09-05T14:36:40,40.762859,-111.910507,1298.70,0.00,50.80,1.00,13.74,15.61,20.04,60.50,5.00,2.00,14.61,66.00,876.50,0.00,-9999.00,1.72,19.00,835.00,-9999.00,-9999.00,-9999.00,-9999.00,-9999.00,-9999.00,-9999.00,1,0,1
2023-09-05T14:36:45,40.762859,-111.910507,1298.70,0.00,50.80,1.00,13.74,15.61,20.06,60.50,6.00,2.00,14.61,66.00,876.70,0.00,-9999.00,1.72,19.10,834.90,-9999.00,-9999.00,-9999.00,-9999.00,-9999.00,-9999.00,-9999.00,1,0,1
2023-09-05T14:36:50,40.762859,-111.910507,1298.70,0.00,50.80,1.00,13.73,15.62,20.07,60.46,4.00,2.00,14.61,66.00,876.70,0.00,-9999.00,1.72,19.10,834.90,-9999.00,-9999.00,-9999.00,-9999.00,-9999.00,-9999.00,-9999.00,1,0,1
2023-09-05T14:36:55,40.762856,-111.910500,1298.70,0.00,50.80,1.00,13.74,15.63,20.10,60.37,4.00,2.00,14.61,66.00,876.60,0.00,-9999.00,1.72,19.20,834.90,-9999.00,-9999.00,-9999.00,-9999.00,-9999.00,-9999.00,-9999.00,1,0,1
2023-09-05T14:37:00,40.762859,-111.910500,1298.70,0.00,50.80,1.00,13.74,15.64,20.09,60.30,5.00,2.00,14.61,66.00,876.50,0.00,-9999.00,1.72,19.20,834.90,-9999.00,-9999.00,-9999.00,-9999.00,-9999.00,-9999.00,-9999.00,1,0,1
2023-09-05T14:37:05,40.762859,-111.910500,1298.70,0.00,50.80,1.00,13.74,15.65,20.12,60.28,4.00,2.00,14.61,67.00,876.50,0.00,-9999.00,1.71,19.20,834.90,-9999.00,-9999.00,-9999.00,-9999.00,-9999.00,-9999.00,-9999.00,1,0,1
2023-09-05T14:37:10,40.762856,-111.910515,1298.70,0.00,50.80,1.00,13.73,15.65,20.12,60.30,4.00,2.00,14.61,67.00,876.40,0.00,-9999.00,1.71,19.30,834.80,-9999.00,-9999.00,-9999.00,-9999.00,-9999.00,-9999.00,-9999.00,1,0,1
2023-09-05T14:37:15,40.762821,-111.910576,1298.40,0.00,50.80,1.00,13.74,15.66,20.14,60.32,4.00,2.00,14.72,67.00,876.40,0.00,-9999.00,1.71,19.30,834.90,-9999.00,-9999.00,-9999.00,-9999.00,-9999.00,-9999.00,-9999.00,1,0,1
2023-09-05T14:37:20,40.762775,-111.910652,1298.60,0.51,231.30,1.00,13.74,15.67,20.14,60.34,4.00,2.00,14.72,67.00,876.40,0.00,-9999.00,1.71,19.40,835.00,-9999.00,-9999.00,-9999.00,-9999.00,-9999.00,-9999.00,-9999.00,1,0,1
2023-09-05T14:37:25,40.762775,-111.910713,1299.10,0.57,242.70,1.00,13.74,15.68,20.16,60.34,5.00,2.00,14.72,67.00,876.60,0.00,-9999.00,1.72,19.40,834.90,-9999.00,-9999.00,-9999.00,-9999.00,-9999.00,-9999.00,-9999.00,1,0,1
2023-09-05T14:37:30,40.762794,-111.910721,1299.60,0.00,242.70,1.00,13.74,15.69,20.16,60.30,4.00,2.00,14.72,67.00,876.40,0.00,-9999.00,1.72,19.50,834.90,-9999.00,-9999.00,-9999.00,-9999.00,-9999.00,-9999.00,-9999.00,1,0,1
2023-09-05T14:37:35,40.762821,-111.910698,1299.90,0.00,242.70,1.00,13.74,15.69,20.18,60.18,5.00,2.00,14.72,67.00,876.60,0.00,-9999.00,1.73,19.50,834.80,-9999.00,-9999.00,-9999.00,-9999.00,-9999.00,-9999.00,-9999.00,1,0,1
2023-09-05T14:37:40,40.762821,-111.910698,1299.90,0.00,242.70,1.00,13.73,15.70,20.18,59.96,4.00,2.00,14.72,67.00,876.30,0.00,-9999.00,1.72,19.50,834.90,-9999.00,-9999.00,-9999.00,-9999.00,-9999.00,-9999.00,-9999.00,1,0,1
2023-09-05T14:37:45,40.762825,-111.910690,1299.90,0.00,242.70,1.00,13.74,15.71,20.20,59.86,4.00,2.00,14.72,67.00,876.50,0.00,-9999.00,1.72,19.60,835.00,-9999.00,-9999.00,-9999.00,-9999.00,-9999.00,-9999.00,-9999.00,1,0,1
2023-09-05T14:37:50,40.762829,-111.910690,1299.90,0.00,242.70,1.00,13.74,15.72,20.25,59.75,4.00,2.00,14.72,68.00,876.50,0.00,-9999.00,1.72,19.70,834.90,-9999.00,-9999.00,-9999.00,-9999.00,-9999.00,-9999.00,-9999.00,1,0,1
2023-09-05T14:37:55,40.762833,-111.910675,1299.90,0.00,242.70,1.00,13.74,15.73,20.25,59.64,4.00,2.00,14.78,68.00,876.60,0.00,-9999.00,1.73,19.70,834.80,-9999.00,-9999.00,-9999.00,-9999.00,-9999.00,-9999.00,-9999.00,1,0,1
2023-09-05T14:38:00,40.762836,-111.910660,1299.80,0.00,242.70,1.00,13.74,15.74,20.22,59.58,4.00,2.00,14.78,68.00,876.50,0.00,-9999.00,1.72,19.70,835.00,-9999.00,-9999.00,-9999.00,-9999.00,-9999.00,-9999.00,-9999.00,1,0,1
2023-09-05T14:38:05,40.762863,-111.910645,1299.40,0.00,242.70,1.00,13.74,15.75,20.22,59.48,3.00,2.00,14.78,68.00,876.70,0.00,-9999.00,1.72,19.70,834.80,-9999.00,-9999.00,-9999.00,-9999.00,-9999.00,-9999.00,-9999.00,1,0,1
2023-09-05T14:38:10,40.762863,-111.910637,1299.20,0.00,242.70,1.00,13.74,15.75,20.24,59.38,4.00,2.00,14.78,68.00,876.30,0.00,-9999.00,1.73,19.80,834.90,-9999.00,-9999.00,-9999.00,-9999.00,-9999.00,-9999.00,-9999.00,1,0,1
2023-09-05T14:38:15,40.762867,-111.910629,1299.20,0.00,242.70,1.00,13.73,15.76,20.24,59.12,4.00,2.00,14.78,68.00,876.30,0.00,-9999.00,1.73,19.90,834.90,-9999.00,-9999.00,-9999.00,-9999.00,-9999.00,-9999.00,-9999.00,1,0,1
2023-09-05T14:38:20,40.762863,-111.910637,1299.20,0.00,242.70,1.00,13.74,15.77,20.24,58.76,4.00,2.00,14.78,68.00,876.40,0.00,-9999.00,1.72,19.90,834.90,-9999.00,-9999.00,-9999.00,-9999.00,-9999.00,-9999.00,-9999.00,1,0,1
2023-09-05T14:38:25,40.762856,-111.910645,1299.20,0.00,242.70,1.00,13.74,15.78,20.26,58.62,5.00,2.00,14.78,68.00,876.70,0.00,-9999.00,1.71,19.90,834.90,-9999.00,-9999.00,-9999.00,-9999.00,-9999.00,-9999.00,-9999.00,1,0,1
2023-09-05T14:38:30,40.762852,-111.910645,1299.20,0.00,242.70,1.00,13.74,15.79,20.26,58.59,4.00,2.00,14.78,68.00,876.40,0.00,-9999.00,1.73,20.00,834.80,-9999.00,-9999.00,-9999.00,-9999.00,-9999.00,-9999.00,-9999.00,1,0,1
2023-09-05T14:38:35,40.762844,-111.910652,1299.30,0.00,242.70,1.00,13.73,15.80,20.28,58.83,4.00,2.00,14.78,68.00,876.40,0.00,-9999.00,1.72,20.00,834.90,-9999.00,-9999.00,-9999.00,-9999.00,-9999.00,-9999.00,-9999.00,1,0,1
2023-09-05T14:38:40,40.762848,-111.910652,1299.30,0.00,242.70,1.00,13.74,15.81,20.28,59.23,5.00,2.00,14.78,68.00,876.40,0.00,-9999.00,1.73,20.10,834.90,-9999.00,-9999.00,-9999.00,-9999.00,-9999.00,-9999.00,-9999.00,1,0,1
2023-09-05T14:38:45,40.762852,-111.910652,1299.30,0.00,242.70,1.00,13.74,15.82,20.28,59.38,6.00,2.00,14.89,68.00,876.60,0.00,-9999.00,1.72,20.10,834.80,-9999.00,-9999.00,-9999.00,-9999.00,-9999.00,-9999.00,-9999.00,1,0,1
2023-09-05T14:38:50,40.762852,-111.910660,1299.30,0.00,242.70,1.00,13.74,15.83,20.30,59.46,4.00,2.00,14.89,68.00,876.50,0.00,-9999.00,1.72,20.20,834.70,-9999.00,-9999.00,-9999.00,-9999.00,-9999.00,-9999.00,-9999.00,1,0,1
2023-09-05T14:38:55,40.762852,-111.910683,1299.40,0.00,242.70,1.00,13.74,15.83,20.30,59.36,5.00,2.00,14.89,68.00,876.50,0.00,-9999.00,1.72,20.20,834.80,-9999.00,-9999.00,-9999.00,-9999.00,-9999.00,-9999.00,-9999.00,1,0,1
2023-09-05T14:39:00,40.762856,-111.910736,1299.50,0.00,242.70,1.00,13.73,15.84,20.30,59.32,5.00,2.00,14.89,69.00,876.40,0.00,-9999.00,1.73,20.20,834.80,-9999.00,-9999.00,-9999.00,-9999.00,-9999.00,-9999.00,-9999.00,1,0,1
2023-09-05T14:39:05,40.762859,-111.910774,1299.70,0.00,242.70,1.00,13.74,15.85,20.32,59.26,4.00,2.00,14.89,69.00,876.40,0.00,-9999.00,1.73,20.20,834.80,-9999.00,-9999.00,-9999.00,-9999.00,-9999.00,-9999.00,-9999.00,1,0,1
2023-09-05T14:39:10,40.762863,-111.910789,1299.70,0.00,242.70,1.00,13.74,15.86,20.34,59.22,5.00,2.00,14.89,69.00,876.50,0.00,-9999.00,1.72,20.30,834.70,-9999.00,-9999.00,-9999.00,-9999.00,-9999.00,-9999.00,-9999.00,1,0,1
2023-09-05T14:39:15,40.762871,-111.910797,1299.70,0.00,242.70,1.00,13.74,15.87,20.34,59.39,5.00,2.00,14.89,69.00,876.50,0.00,-9999.00,1.73,20.30,834.80,-9999.00,-9999.00,-9999.00,-9999.00,-9999.00,-9999.00,-9999.00,1,0,1
2023-09-05T14:39:20,40.762882,-111.910789,1299.70,0.00,242.70,1.00,13.74,15.88,20.34,59.48,4.00,2.00,14.89,69.00,876.40,0.00,-9999.00,1.73,20.40,834.80,-9999.00,-9999.00,-9999.00,-9999.00,-9999.00,-9999.00,-9999.00,1,0,1
2023-09-05T14:39:25,40.762909,-111.910744,1300.30,0.00,242.70,1.00,13.74,15.89,20.36,59.46,4.00,2.00,14.89,69.00,876.30,0.00,-9999.00,1.72,20.40,834.80,-9999.00,-9999.00,-9999.00,-9999.00,-9999.00,-9999.00,-9999.00,1,0,1
2023-09-05T14:39:30,40.762913,-111.910736,1300.40,0.00,242.70,1.00,13.74,15.90,20.37,59.42,4.00,2.00,14.89,69.00,876.60,0.00,-9999.00,1.72,20.50,834.70,-9999.00,-9999.00,-9999.00,-9999.00,-9999.00,-9999.00,-9999.00,1,0,1
2023-09-05T14:39:35,40.762917,-111.910736,1300.50,0.00,242.70,1.00,13.74,15.91,20.38,59.34,4.00,2.00,14.89,69.00,876.30,0.00,-9999.00,1.73,20.50,834.80,-9999.00,-9999.00,-9999.00,-9999.00,-9999.00,-9999.00,-9999.00,1,0,1
2023-09-05T14:39:40,40.762917,-111.910736,1300.50,0.00,242.70,1.00,13.74,15.92,20.40,59.32,4.00,2.00,14.89,69.00,876.40,0.00,-9999.00,1.72,20.50,834.90,-9999.00,-9999.00,-9999.00,-9999.00,-9999.00,-9999.00,-9999.00,1,0,1
2023-09-05T14:39:45,40.762913,-111.910736,1300.50,0.00,242.70,1.00,13.74,15.93,20.40,59.37,5.00,2.00,15.00,69.00,876.60,0.00,-9999.00,1.72,20.60,834.80,-9999.00,-9999.00,-9999.00,-9999.00,-9999.00,-9999.00,-9999.00,1,0,1
2023-09-05T14:39:50,40.762905,-111.910744,1300.50,0.00,242.70,1.00,13.74,15.94,20.40,59.45,4.00,2.00,15.00,69.00,876.60,0.00,-9999.00,1.73,20.60,834.80,-9999.00,-9999.00,-9999.00,-9999.00,-9999.00,-9999.00,-9999.00,1,0,1
2023-09-05T14:39:55,40.762901,-111.910744,1300.60,0.00,242.70,1.00,13.74,15.95,20.42,59.25,4.00,2.00,15.00,69.00,876.30,0.00,-9999.00,1.71,20.70,834.70,-9999.00,-9999.00,-9999.00,-9999.00,-9999.00,-9999.00,-9999.00,1,0,1
2023-09-05T14:40:00,40.762901,-111.910736,1300.60,0.00,242.70,1.00,13.74,15.96,20.42,59.07,4.00,2.00,15.00,69.00,876.40,0.00,-9999.00,1.72,20.70,834.80,-9999.00,-9999.00,-9999.00,-9999.00,-9999.00,-9999.00,-9999.00,1,0,1
2023-09-05T14:40:05,40.762901,-111.910736,1300.60,0.00,242.70,1.00,13.73,15.97,20.42,59.00,4.00,2.00,15.00,69.00,876.40,0.00,-9999.00,1.73,20.70,834.90,-9999.00,-9999.00,-9999.00,-9999.00,-9999.00,-9999.00,-9999.00,1,0,1
2023-09-05T14:40:10,40.762901,-111.910744,1300.60,0.00,242.70,1.00,13.74,15.98,20.47,59.00,4.00,2.00,15.00,69.00,876.40,0.00,-9999.00,1.75,20.80,834.70,-9999.00,-9999.00,-9999.00,-9999.00,-9999.00,-9999.00,-9999.00,1,0,1
2023-09-05T14:40:15,40.762901,-111.910744,1300.70,0.00,242.70,1.00,13.74,15.98,20.48,59.01,4.00,2.00,15.00,69.00,876.30,0.00,-9999.00,1.73,20.80,834.70,-9999.00,-9999.00,-9999.00,-9999.00,-9999.00,-9999.00,-9999.00,1,0,1
2023-09-05T14:40:20,40.762901,-111.910744,1300.70,0.00,242.70,1.00,13.74,15.99,20.44,58.98,5.00,2.00,15.00,69.00,876.40,0.00,-9999.00,1.73,20.80,834.80,-9999.00,-9999.00,-9999.00,-9999.00,-9999.00,-9999.00,-9999.00,1,0,1
2023-09-05T14:40:25,40.762901,-111.910744,1300.70,0.00,242.70,1.00,13.74,16.00,20.44,59.00,5.00,2.00,15.11,69.00,876.40,0.00,-9999.00,1.73,20.90,834.90,-9999.00,-9999.00,-9999.00,-9999.00,-9999.00,-9999.00,-9999.00,1,0,1
2023-09-05T14:40:30,40.762897,-111.910736,1300.70,0.00,242.70,1.00,13.74,16.01,20.46,59.00,4.00,2.00,15.11,69.00,876.30,0.00,-9999.00,1.73,20.90,834.80,-9999.00,-9999.00,-9999.00,-9999.00,-9999.00,-9999.00,-9999.00,1,0,1
2023-09-05T14:40:35,40.762897,-111.910728,1300.80,0.00,242.70,1.00,13.74,16.02,20.46,58.98,4.00,2.00,15.11,69.00,876.40,0.00,-9999.00,1.74,21.00,834.80,-9999.00,-9999.00,-9999.00,-9999.00,-9999.00,-9999.00,-9999.00,1,0,1
2023-09-05T14:40:40,40.762901,-111.910713,1300.80,0.00,242.70,1.00,13.74,16.03,20.46,58.96,3.00,2.00,15.11,69.00,876.30,0.00,-9999.00,1.73,21.00,834.80,-9999.00,-9999.00,-9999.00,-9999.00,-9999.00,-9999.00,-9999.00,1,0,1
2023-09-05T14:40:45,40.762901,-111.910706,1300.80,0.00,242.70,1.00,13.73,16.04,20.48,58.98,4.00,2.00,15.11,69.00,876.40,0.00,-9999.00,1.73,21.00,834.90,-9999.00,-9999.00,-9999.00,-9999.00,-9999.00,-9999.00,-9999.00,1,0,1
2023-09-05T14:40:50,40.762901,-111.910660,1300.70,0.00,242.70,1.00,13.73,16.05,20.48,59.00,4.00,2.00,15.11,69.00,876.60,0.00,-9999.00,1.72,21.10,834.70,-9999.00,-9999.00,-9999.00,-9999.00,-9999.00,-9999.00,-9999.00,1,0,1
2023-09-05T14:40:55,40.762901,-111.910645,1300.60,0.00,242.70,1.00,13.74,16.06,20.48,59.01,4.00,2.00,15.11,69.00,876.50,0.00,-9999.00,1.74,21.10,834.80,-9999.00,-9999.00,-9999.00,-9999.00,-9999.00,-9999.00,-9999.00,1,0,1
2023-09-05T14:41:00,40.762905,-111.910637,1300.60,0.00,242.70,1.00,13.74,16.07,20.48,58.96,4.00,2.00,15.11,69.00,876.50,0.00,-9999.00,1.73,21.20,834.80,-9999.00,-9999.00,-9999.00,-9999.00,-9999.00,-9999.00,-9999.00,1,0,1
2023-09-05T14:41:05,40.762909,-111.910629,1300.60,0.00,242.70,1.00,13.74,16.08,20.50,58.88,4.00,2.00,15.11,69.00,876.30,0.00,-2.30,1.74,21.20,834.80,-9999.00,-9999.00,-9999.00,-9999.00,-9999.00,-9999.00,-9999.00,1,0,1
2023-09-05T14:41:10,40.762917,-111.910637,1300.60,0.00,242.70,1.00,13.74,16.09,20.50,58.84,4.00,2.00,15.22,69.00,876.60,0.00,-1.60,1.73,21.20,834.80,-9999.00,-9999.00,-9999.00,-9999.00,-9999.00,-9999.00,-9999.00,1,0,1
2023-09-05T14:41:15,40.762920,-111.910645,1300.60,0.00,242.70,1.00,13.74,16.10,20.50,58.76,3.00,2.00,15.22,69.00,876.60,0.00,-0.00,1.73,21.30,834.80,-9999.00,-9999.00,-9999.00,-9999.00,-9999.00,-9999.00,-9999.00,1,0,1
2023-09-05T14:41:20,40.762920,-111.910645,1300.60,0.00,242.70,1.00,13.74,16.11,20.50,58.62,3.00,2.00,15.22,69.00,876.40,0.00,0.20,1.74,21.30,834.90,-9999.00,-9999.00,-9999.00,-9999.00,-9999.00,-9999.00,-9999.00,1,0,1
2023-09-05T14:41:25,40.762928,-111.910652,1300.60,0.00,242.70,1.00,13.74,16.12,20.50,58.48,4.00,2.00,15.22,69.00,876.40,0.00,0.80,1.73,21.30,834.80,-9999.00,-9999.00,-9999.00,-9999.00,-9999.00,-9999.00,-9999.00,1,0,1
2023-09-05T14:41:30,40.762924,-111.910652,1300.60,0.00,242.70,1.00,13.74,16.13,20.52,58.43,4.00,2.00,15.22,69.00,876.40,0.00,4.80,1.74,21.40,834.80,-9999.00,-9999.00,-9999.00,-9999.00,-9999.00,-9999.00,-9999.00,1,0,1
2023-09-05T14:41:35,40.762917,-111.910660,1300.60,0.00,242.70,1.00,13.74,16.14,20.52,58.45,5.00,2.00,15.22,69.00,876.40,0.00,-0.40,1.74,21.40,834.90,-9999.00,-9999.00,-9999.00,-9999.00,-9999.00,-9999.00,-9999.00,1,0,1
2023-09-05T14:41:40,40.762909,-111.910667,1300.60,0.00,242.70,1.00,13.74,16.15,20.52,58.69,4.00,2.00,15.22,69.00,876.60,0.00,0.20,1.72,21.40,834.80,-9999.00,-9999.00,-9999.00,-9999.00,-9999.00,-9999.00,-9999.00,1,0,1
2023-09-05T14:41:45,40.762901,-111.910683,1300.60,0.00,242.70,1.00,13.74,16.16,20.52,58.78,5.00,2.00,15.28,69.00,876.30,0.00,-2.20,1.73,21.50,834.80,-9999.00,-9999.00,-9999.00,-9999.00,-9999.00,-9999.00,-9999.00,1,0,1
2023-09-05T14:41:50,40.762897,-111.910690,1300.70,0.00,242.70,1.00,13.74,16.17,20.54,58.74,5.00,2.00,15.28,69.00,876.40,0.00,2.20,1.74,21.50,834.80,-9999.00,-9999.00,-9999.00,-9999.00,-9999.00,-9999.00,-9999.00,1,0,1
2023-09-05T14:41:55,40.762905,-111.910698,1300.70,0.00,242.70,1.00,13.74,16.18,20.54,58.64,5.00,2.00,15.28,69.00,876.40,0.00,0.10,1.73,21.60,834.90,-9999.00,-9999.00,-9999.00,-9999.00,-9999.00,-9999.00,-9999.00,1,0,1
2023-09-05T14:42:00,40.762913,-111.910706,1300.70,0.00,242.70,1.00,13.74,16.19,20.54,58.64,4.00,2.00,15.28,69.00,876.40,0.00,2.50,1.73,21.60,834.80,-9999.00,-9999.00,-9999.00,-9999.00,-9999.00,-9999.00,-9999.00,1,0,1
2023-09-05T14:42:05,40.762917,-111.910713,1300.70,0.00,242.70,1.00,13.74,16.20,20.54,58.83,5.00,2.00,15.28,69.00,876.40,0.00,-0.20,1.74,21.60,834.80,-9999.00,-9999.00,-9999.00,-9999.00,-9999.00,-9999.00,-9999.00,1,0,1
2023-09-05T14:42:10,40.762924,-111.910721,1300.70,0.00,242.70,1.00,13.74,16.21,20.54,58.92,5.00,2.00,15.28,69.00,876.50,0.00,-2.70,1.73,21.70,834.90,-9999.00,-9999.00,-9999.00,-9999.00,-9999.00,-9999.00,-9999.00,1,0,1
2023-09-05T14:42:15,40.762928,-111.910728,1300.70,0.00,242.70,1.00,13.74,16.23,20.56,58.92,4.00,2.00,15.28,69.00,876.50,0.00,0.80,1.75,21.70,834.90,-9999.00,-9999.00,-9999.00,-9999.00,-9999.00,-9999.00,-9999.00,1,0,1
2023-09-05T14:42:20,40.762928,-111.910736,1300.80,0.00,242.70,1.00,13.74,16.24,20.56,58.90,4.00,2.00,15.28,69.00,876.40,0.00,3.20,1.74,21.70,834.90,-9999.00,-9999.00,-9999.00,-9999.00,-9999.00,-9999.00,-9999.00,1,0,1
2023-09-05T14:42:25,40.762928,-111.910744,1300.80,0.00,242.70,1.00,13.74,16.25,20.56,58.69,3.00,2.00,15.39,69.00,876.60,0.00,0.70,1.73,21.80,834.90,-9999.00,-9999.00,-9999.00,-9999.00,-9999.00,-9999.00,-9999.00,1,0,1
2023-09-05T14:42:30,40.762932,-111.910751,1300.80,0.00,242.70,1.00,13.74,16.26,20.56,58.45,3.00,2.00,15.28,69.00,876.30,0.00,-2.10,1.73,21.80,834.90,-9999.00,-9999.00,-9999.00,-9999.00,-9999.00,-9999.00,-9999.00,1,0,1
2023-09-05T14:42:35,40.762936,-111.910759,1300.80,0.00,242.70,1.00,13.74,16.27,20.60,58.42,4.00,2.00,15.39,69.00,876.30,0.00,-3.00,1.73,21.80,834.90,-9999.00,-9999.00,-9999.00,-9999.00,-9999.00,-9999.00,-9999.00,1,0,1
2023-09-05T14:42:40,40.762936,-111.910767,1300.80,0.00,242.70,1.00,13.74,16.28,20.56,58.40,4.00,2.00,15.39,69.00,876.50,0.00,-0.20,1.74,21.90,834.80,-9999.00,-9999.00,-9999.00,-9999.00,-9999.00,-9999.00,-9999.00,1,0,1
2023-09-05T14:42:45,40.762936,-111.910767,1300.80,0.00,242.70,1.00,13.74,16.29,20.58,58.39,3.00,2.00,15.39,69.00,876.30,0.00,1.20,1.72,21.90,834.80,-9999.00,-9999.00,-9999.00,-9999.00,-9999.00,-9999.00,-9999.00,1,0,1
2023-09-05T14:42:50,40.762932,-111.910767,1300.80,0.00,242.70,1.00,13.22,16.30,20.58,58.41,4.00,2.00,15.39,69.00,876.40,0.00,3.30,1.73,22.00,834.90,-9999.00,-9999.00,-9999.00,-9999.00,-9999.00,-9999.00,-9999.00,1,0,1
2023-09-05T14:42:55,40.762928,-111.910774,1300.80,0.00,242.70,1.00,13.22,16.31,20.58,58.41,4.00,2.00,15.39,69.00,876.50,0.00,-1.30,1.73,22.00,834.90,-9999.00,-9999.00,-9999.00,-9999.00,-9999.00,-9999.00,-9999.00,1,0,1
2023-09-05T14:43:00,40.762928,-111.910767,1300.80,0.00,242.70,1.00,13.22,16.32,20.58,58.33,3.00,2.00,15.39,69.00,876.60,0.00,2.10,1.74,22.00,834.90,-9999.00,-9999.00,-9999.00,-9999.00,-9999.00,-9999.00,-9999.00,1,0,1
2023-09-05T14:43:05,40.762932,-111.910767,1300.80,0.00,242.70,1.00,13.22,16.33,20.60,58.27,4.00,2.00,15.39,69.00,876.30,0.00,1.40,1.74,22.00,834.90,-9999.00,-9999.00,-9999.00,-9999.00,-9999.00,-9999.00,-9999.00,1,0,1
2023-09-05T14:43:10,40.762932,-111.910767,1300.80,0.00,242.70,1.00,13.22,16.34,20.60,58.27,3.00,2.00,15.39,69.00,876.30,0.00,2.10,1.73,22.10,834.80,-9999.00,-9999.00,-9999.00,-9999.00,-9999.00,-9999.00,-9999.00,1,0,1
2023-09-05T14:43:15,40.762932,-111.910759,1300.80,0.00,242.70,1.00,13.22,16.35,20.60,58.27,4.00,2.00,15.50,69.00,876.40,0.00,0.20,1.73,22.10,834.90,-9999.00,-9999.00,-9999.00,-9999.00,-9999.00,-9999.00,-9999.00,1,0,1
2023-09-05T14:43:20,40.762932,-111.910759,1300.80,0.00,242.70,1.00,13.22,16.36,20.60,58.31,4.00,2.00,15.39,69.00,876.30,0.00,-2.20,1.73,22.20,834.80,-9999.00,-9999.00,-9999.00,-9999.00,-9999.00,-9999.00,-9999.00,1,0,1
2023-09-05T14:43:25,40.762932,-111.910759,1300.80,0.00,242.70,1.00,13.22,16.37,20.60,58.35,3.00,2.00,15.39,69.00,876.40,0.00,0.50,1.74,22.20,834.80,-9999.00,-9999.00,-9999.00,-9999.00,-9999.00,-9999.00,-9999.00,1,0,1
2023-09-05T14:43:30,40.762936,-111.910759,1300.80,0.00,242.70,1.00,13.22,16.38,20.62,58.49,4.00,2.00,15.50,69.00,876.50,0.00,-0.70,1.74,22.20,834.90,-9999.00,-9999.00,-9999.00,-9999.00,-9999.00,-9999.00,-9999.00,1,0,1
2023-09-05T14:43:35,40.762939,-111.910759,1300.80,0.00,242.70,1.00,13.22,16.39,20.62,58.55,4.00,2.00,15.50,69.00,876.30,0.00,-3.40,1.74,22.30,834.90,-9999.00,-9999.00,-9999.00,-9999.00,-9999.00,-9999.00,-9999.00,1,0,1
2023-09-05T14:43:40,40.762943,-111.910759,1300.70,0.00,242.70,1.00,13.22,16.40,20.62,58.55,3.00,2.00,15.50,69.00,876.40,0.00,-0.70,1.74,22.30,834.90,-9999.00,-9999.00,-9999.00,-9999.00,-9999.00,-9999.00,-9999.00,1,0,1
2023-09-05T14:43:45,40.762943,-111.910751,1300.70,0.00,242.70,1.00,13.22,16.41,20.62,58.52,2.00,2.00,15.50,69.00,876.60,0.00,-1.50,1.74,22.30,834.80,-9999.00,-9999.00,-9999.00,-9999.00,-9999.00,-9999.00,-9999.00,1,0,1
2023-09-05T14:43:50,40.762936,-111.910751,1300.70,0.00,242.70,1.00,13.22,16.42,20.64,58.38,2.00,2.00,15.50,69.00,876.40,0.00,3.50,1.74,22.40,835.00,-9999.00,-9999.00,-9999.00,-9999.00,-9999.00,-9999.00,-9999.00,1,0,1
2023-09-05T14:43:55,40.762928,-111.910744,1300.70,0.00,242.70,1.00,13.22,16.44,20.65,58.26,4.00,2.00,15.61,69.00,876.40,0.00,0.70,1.74,22.40,834.90,-9999.00,-9999.00,-9999.00,-9999.00,-9999.00,-9999.00,-9999.00,1,0,1
2023-09-05T14:44:00,40.762924,-111.910744,1300.70,0.00,242.70,1.00,13.22,16.45,20.64,58.21,3.00,2.00,15.61,69.00,876.40,0.00,-0.80,1.73,22.40,834.90,-9999.00,-9999.00,-9999.00,-9999.00,-9999.00,-9999.00,-9999.00,1,0,1
2023-09-05T14:44:05,40.762924,-111.910744,1300.70,0.00,242.70,1.00,13.22,16.46,20.66,58.25,3.00,2.00,15.61,69.00,876.50,0.00,3.20,1.73,22.40,834.90,-9999.00,-9999.00,-9999.00,-9999.00,-9999.00,-9999.00,-9999.00,1,0,1
2023-09-05T14:44:10,40.762924,-111.910744,1300.70,0.00,242.70,1.00,13.22,16.47,20.66,58.24,4.00,2.00,15.61,68.00,876.50,0.00,-0.60,1.74,22.50,834.90,-9999.00,-9999.00,-9999.00,-9999.00,-9999.00,-9999.00,-9999.00,1,0,1
2023-09-05T14:44:15,40.762920,-111.910744,1300.70,0.00,242.70,1.00,13.22,16.48,20.66,58.05,4.00,2.00,15.61,68.00,876.40,0.00,2.80,1.73,22.50,834.90,-9999.00,-9999.00,-9999.00,-9999.00,-9999.00,-9999.00,-9999.00,1,0,1
2023-09-05T14:44:20,40.762913,-111.910736,1300.70,0.00,242.70,1.00,13.22,16.49,20.68,57.85,4.00,2.00,15.61,68.00,876.40,0.00,3.10,1.73,22.60,835.00,-9999.00,-9999.00,-9999.00,-9999.00,-9999.00,-9999.00,-9999.00,1,0,1
2023-09-05T14:44:25,40.762905,-111.910736,1300.70,0.00,242.70,1.00,13.22,16.50,20.68,57.74,3.00,2.00,15.61,68.00,876.30,0.00,2.40,1.74,22.60,834.90,-9999.00,-9999.00,-9999.00,-9999.00,-9999.00,-9999.00,-9999.00,1,0,1
2023-09-05T14:44:30,40.762901,-111.910736,1300.70,0.00,242.70,1.00,13.22,16.51,20.68,57.71,4.00,2.00,15.72,68.00,876.40,0.00,2.50,1.74,22.60,834.90,-9999.00,-9999.00,-9999.00,-9999.00,-9999.00,-9999.00,-9999.00,1,0,1
2023-09-05T14:44:35,40.762897,-111.910728,1300.70,0.00,242.70,1.00,13.22,16.52,20.68,57.74,3.00,2.00,15.61,68.00,876.30,0.00,0.00,1.73,22.70,834.90,-9999.00,-9999.00,-9999.00,-9999.00,-9999.00,-9999.00,-9999.00,1,0,1
2023-09-05T14:44:40,40.762897,-111.910728,1300.70,0.00,242.70,1.00,13.22,16.53,20.70,57.79,3.00,2.00,15.72,68.00,876.30,0.00,-0.20,1.74,22.70,834.90,-9999.00,-9999.00,-9999.00,-9999.00,-9999.00,-9999.00,-9999.00,1,0,1
2023-09-05T14:44:45,40.762894,-111.910728,1300.70,0.00,242.70,1.00,13.22,16.54,20.70,57.86,3.00,2.00,15.72,68.00,876.30,0.00,-3.80,1.74,22.70,834.90,-9999.00,-9999.00,-9999.00,-9999.00,-9999.00,-9999.00,-9999.00,1,0,1
2023-09-05T14:44:50,40.762894,-111.910721,1300.70,0.00,242.70,1.00,14.23,16.55,20.70,57.94,3.00,2.00,15.72,68.00,876.40,0.00,5.00,1.74,22.80,835.00,-9999.00,-9999.00,-9999.00,-9999.00,-9999.00,-9999.00,-9999.00,1,0,1
2023-09-05T14:44:55,40.762894,-111.910721,1300.70,0.00,242.70,1.00,13.74,16.56,20.74,57.99,3.00,2.00,15.72,68.00,876.50,0.00,1.20,1.74,22.80,835.00,-9999.00,-9999.00,-9999.00,-9999.00,-9999.00,-9999.00,-9999.00,1,0,1
2023-09-05T14:45:00,40.762894,-111.910721,1300.70,0.00,242.70,1.00,13.74,16.58,20.76,58.05,2.00,2.00,15.72,68.00,876.40,0.00,0.50,1.73,22.80,835.00,-9999.00,-9999.00,-9999.00,-9999.00,-9999.00,-9999.00,-9999.00,1,0,1
2023-09-05T14:45:05,40.762894,-111.910713,1300.80,0.00,242.70,1.00,13.74,16.59,20.72,58.04,3.00,2.00,15.72,68.00,876.50,0.00,3.70,1.75,22.80,835.00,-9999.00,-9999.00,-9999.00,-9999.00,-9999.00,-9999.00,-9999.00,1,0,1
2023-09-05T14:45:10,40.762894,-111.910713,1300.80,0.00,242.70,1.00,13.74,16.60,20.72,58.03,3.00,2.00,15.72,68.00,876.40,0.00,2.20,1.74,22.90,834.90,-9999.00,-9999.00,-9999.00,-9999.00,-9999.00,-9999.00,-9999.00,1,0,1
2023-09-05T14:45:15,40.762890,-111.910706,1300.80,0.00,242.70,1.00,13.74,16.61,20.72,58.03,3.00,2.00,15.72,68.00,876.40,0.00,3.00,1.73,22.90,835.00,-9999.00,-9999.00,-9999.00,-9999.00,-9999.00,-9999.00,-9999.00,1,0,1
2023-09-05T14:45:20,40.762852,-111.910683,1301.20,0.51,159.40,1.00,13.74,16.62,20.72,57.99,2.00,2.00,15.78,68.00,876.40,0.00,1.70,1.74,22.90,834.90,-9999.00,-9999.00,-9999.00,-9999.00,-9999.00,-9999.00,-9999.00,1,0,1
2023-09-05T14:45:25,40.762829,-111.910660,1301.50,0.00,146.40,1.00,13.74,16.63,20.72,57.83,4.00,2.00,15.78,68.00,876.40,0.00,-3.80,1.74,23.00,835.00,-9999.00,-9999.00,-9999.00,-9999.00,-9999.00,-9999.00,-9999.00,1,0,1
2023-09-05T14:45:30,40.762817,-111.910652,1301.60,0.00,146.40,1.00,13.74,16.64,20.72,57.79,3.00,2.00,15.78,68.00,876.40,0.00,-0.10,1.74,23.00,835.10,-9999.00,-9999.00,-9999.00,-9999.00,-9999.00,-9999.00,-9999.00,1,0,1
2023-09-05T14:45:35,40.762810,-111.910652,1301.80,0.00,146.40,1.00,13.74,16.65,20.72,57.77,3.00,2.00,15.78,68.00,876.30,0.00,0.20,1.74,23.00,835.00,-9999.00,-9999.00,-9999.00,-9999.00,-9999.00,-9999.00,-9999.00,1,0,1
2023-09-05T14:45:40,40.762810,-111.910660,1301.80,0.00,146.40,1.00,13.74,16.66,20.74,57.79,3.00,2.00,15.78,68.00,876.30,0.00,-0.60,1.74,23.10,835.00,-9999.00,-9999.00,-9999.00,-9999.00,-9999.00,-9999.00,-9999.00,1,0,1
2023-09-05T14:45:45,40.762814,-111.910660,1301.80,0.00,146.40,1.00,13.74,16.67,20.74,58.03,3.00,2.00,15.78,68.00,876.40,0.00,0.80,1.75,23.10,834.90,-9999.00,-9999.00,-9999.00,-9999.00,-9999.00,-9999.00,-9999.00,1,0,1
2023-09-05T14:45:50,40.762817,-111.910660,1301.80,0.00,146.40,1.00,13.74,16.69,20.74,58.17,3.00,2.00,15.78,68.00,876.30,0.00,2.30,1.72,23.10,835.00,-9999.00,-9999.00,-9999.00,-9999.00,-9999.00,-9999.00,-9999.00,1,0,1
2023-09-05T14:45:55,40.762821,-111.910675,1301.90,0.00,146.40,1.00,13.74,16.70,20.74,58.21,3.00,2.00,15.89,68.00,876.20,0.00,0.60,1.75,23.20,835.10,-9999.00,-9999.00,-9999.00,-9999.00,-9999.00,-9999.00,-9999.00,1,0,1
2023-09-05T14:46:00,40.762817,-111.910675,1301.90,0.00,146.40,1.00,13.74,16.71,20.76,58.17,3.00,2.00,15.89,67.00,876.30,0.00,0.80,1.74,23.20,835.00,-9999.00,-9999.00,-9999.00,-9999.00,-9999.00,-9999.00,-9999.00,1,0,1
2023-09-05T14:46:05,40.762814,-111.910675,1302.00,0.00,146.40,1.00,13.74,16.72,20.76,58.07,2.00,2.00,15.89,67.00,876.30,0.00,5.30,1.73,23.20,834.90,-9999.00,-9999.00,-9999.00,-9999.00,-9999.00,-9999.00,-9999.00,1,0,1
2023-09-05T14:46:10,40.762814,-111.910683,1302.00,0.00,146.40,1.00,13.74,16.73,20.76,57.97,2.00,2.00,15.89,67.00,876.30,0.00,-0.10,1.75,23.30,835.00,-9999.00,-9999.00,-9999.00,-9999.00,-9999.00,-9999.00,-9999.00,1,0,1
2023-09-05T14:46:15,40.762810,-111.910675,1302.00,0.00,146.40,1.00,13.74,16.74,20.76,57.87,2.00,2.00,15.89,67.00,876.30,0.00,-0.70,1.74,23.30,835.10,-9999.00,-9999.00,-9999.00,-9999.00,-9999.00,-9999.00,-9999.00,1,0,1
2023-09-05T14:46:20,40.762810,-111.910675,1302.00,0.00,146.40,1.00,13.74,16.75,20.76,57.81,2.00,2.00,15.89,67.00,876.30,0.00,-0.60,1.74,23.30,835.00,-9999.00,-9999.00,-9999.00,-9999.00,-9999.00,-9999.00,-9999.00,1,0,1
2023-09-05T14:46:25,40.762817,-111.910675,1302.00,0.00,146.40,1.00,13.74,16.76,20.77,57.77,3.00,2.00,15.89,67.00,876.40,0.00,-1.80,1.74,23.30,834.90,-9999.00,-9999.00,-9999.00,-9999.00,-9999.00,-9999.00,-9999.00,1,0,1
2023-09-05T14:46:30,40.762825,-111.910675,1302.00,0.00,146.40,1.00,13.74,16.77,20.78,57.79,3.00,2.00,16.00,67.00,876.50,0.00,-3.10,1.75,23.40,835.10,-9999.00,-9999.00,-9999.00,-9999.00,-9999.00,-9999.00,-9999.00,1,0,1
2023-09-05T14:46:35,40.762829,-111.910675,1302.00,0.00,146.40,1.00,13.74,16.79,20.78,57.79,3.00,2.00,16.00,67.00,876.30,0.00,1.90,1.75,23.40,835.00,-9999.00,-9999.00,-9999.00,-9999.00,-9999.00,-9999.00,-9999.00,1,0,1
2023-09-05T14:46:40,40.762829,-111.910683,1302.00,0.00,146.40,1.00,13.74,16.80,20.78,57.77,3.00,2.00,16.00,67.00,876.50,0.00,-0.70,1.75,23.40,834.90,-9999.00,-9999.00,-9999.00,-9999.00,-9999.00,-9999.00,-9999.00,1,0,1
2023-09-05T14:46:45,40.762821,-111.910683,1302.10,0.00,146.40,1.00,13.74,16.81,20.78,57.77,3.00,2.00,16.00,67.00,876.30,0.00,-1.90,1.74,23.50,835.00,-9999.00,-9999.00,-9999.00,-9999.00,-9999.00,-9999.00,-9999.00,1,0,1
2023-09-05T14:46:50,40.762817,-111.910690,1302.10,0.00,146.40,1.00,13.74,16.82,20.80,57.77,3.00,2.00,16.00,67.00,876.30,0.00,1.90,1.74,23.50,835.10,-9999.00,-9999.00,-9999.00,-9999.00,-9999.00,-9999.00,-9999.00,1,0,1
2023-09-05T14:46:55,40.762814,-111.910698,1302.10,0.00,146.40,1.00,13.74,16.83,20.80,57.66,3.00,2.00,16.00,67.00,876.30,0.00,2.00,1.74,23.50,835.10,-9999.00,-9999.00,-9999.00,-9999.00,-9999.00,-9999.00,-9999.00,1,0,1
2023-09-05T14:47:00,40.762810,-111.910706,1302.10,0.00,146.40,1.00,13.74,16.84,20.80,57.46,2.00,2.00,16.00,67.00,876.30,0.00,0.00,1.75,23.60,835.00,-9999.00,-9999.00,-9999.00,-9999.00,-9999.00,-9999.00,-9999.00,1,0,1
2023-09-05T14:47:05,40.762806,-111.910713,1302.10,0.00,146.40,1.00,13.74,16.85,20.80,57.38,4.00,2.00,16.00,67.00,876.30,0.00,0.90,1.73,23.60,835.00,-9999.00,-9999.00,-9999.00,-9999.00,-9999.00,-9999.00,-9999.00,1,0,1
2023-09-05T14:47:10,40.762802,-111.910713,1302.10,0.00,146.40,1.00,13.74,16.86,20.82,57.30,3.00,2.00,16.00,67.00,876.40,0.00,4.50,1.76,23.60,835.10,-9999.00,-9999.00,-9999.00,-9999.00,-9999.00,-9999.00,-9999.00,1,0,1
2023-09-05T14:47:15,40.762802,-111.910713,1302.10,0.00,146.40,1.00,13.74,16.87,20.82,57.19,3.00,2.00,16.00,67.00,876.40,0.00,-0.50,1.73,23.70,835.20,-9999.00,-9999.00,-9999.00,-9999.00,-9999.00,-9999.00,-9999.00,1,0,1
2023-09-05T14:47:20,40.762810,-111.910706,1302.10,0.00,146.40,1.00,13.74,16.89,20.84,57.13,3.00,2.00,16.00,67.00,876.50,0.00,2.50,1.74,23.70,835.00,-9999.00,-9999.00,-9999.00,-9999.00,-9999.00,-9999.00,-9999.00,1,0,1
2023-09-05T14:47:25,40.762814,-111.910706,1302.10,0.00,146.40,1.00,13.74,16.90,20.82,56.97,2.00,2.00,16.11,66.00,876.40,0.00,-1.80,1.75,23.70,835.10,-9999.00,-9999.00,-9999.00,-9999.00,-9999.00,-9999.00,-9999.00,1,0,1
2023-09-05T14:47:30,40.762814,-111.910698,1302.10,0.00,146.40,1.00,13.74,16.91,20.82,56.75,3.00,2.00,16.11,66.00,876.50,0.00,1.20,1.74,23.70,835.20,-9999.00,-9999.00,-9999.00,-9999.00,-9999.00,-9999.00,-9999.00,1,0,1
2023-09-05T14:47:35,40.762821,-111.910698,1302.10,0.00,146.40,1.00,13.74,16.92,20.84,56.64,3.00,2.00,16.11,66.00,876.50,0.00,-2.30,1.74,23.80,835.20,-9999.00,-9999.00,-9999.00,-9999.00,-9999.00,-9999.00,-9999.00,1,0,1
2023-09-05T14:47:40,40.762825,-111.910690,1302.10,0.00,146.40,1.00,13.71,16.93,20.84,56.58,2.00,2.00,16.11,66.00,876.50,0.00,0.90,1.74,23.80,834.90,-9999.00,-9999.00,-9999.00,-9999.00,-9999.00,-9999.00,-9999.00,1,0,1
2023-09-05T14:47:45,40.762829,-111.910690,1302.10,0.00,146.40,1.00,13.71,16.94,20.84,56.58,3.00,2.00,16.11,66.00,876.60,0.00,0.60,1.75,23.80,835.10,-9999.00,-9999.00,-9999.00,-9999.00,-9999.00,-9999.00,-9999.00,1,0,1
2023-09-05T14:47:50,40.762836,-111.910690,1302.10,0.00,146.40,1.00,13.71,16.95,20.84,56.64,2.00,2.00,16.11,66.00,876.50,0.00,0.00,1.75,23.90,835.20,-9999.00,-9999.00,-9999.00,-9999.00,-9999.00,-9999.00,-9999.00,1,0,1
2023-09-05T14:47:55,40.762836,-111.910690,1302.00,0.00,146.40,1.00,13.71,16.96,20.86,56.83,4.00,2.00,16.11,66.00,876.40,0.00,0.20,1.75,23.90,835.20,-9999.00,-9999.00,-9999.00,-9999.00,-9999.00,-9999.00,-9999.00,1,0,1
2023-09-05T14:48:00,40.762833,-111.910706,1302.00,0.00,146.40,1.00,13.71,16.98,20.86,56.75,4.00,2.00,16.22,66.00,876.30,0.00,0.80,1.75,23.90,835.10,-9999.00,-9999.00,-9999.00,-9999.00,-9999.00,-9999.00,-9999.00,1,0,1
2023-09-05T14:48:05,40.762833,-111.910706,1302.00,0.00,146.40,1.00,13.71,16.99,20.86,56.65,4.00,2.00,16.22,66.00,876.40,0.00,1.10,1.74,23.90,835.10,-9999.00,-9999.00,-9999.00,-9999.00,-9999.00,-9999.00,-9999.00,1,0,1
2023-09-05T14:48:10,40.762833,-111.910706,1302.00,0.00,146.40,1.00,13.71,17.00,20.86,56.64,4.00,2.00,16.22,66.00,876.20,0.00,-0.30,1.74,24.00,835.30,-9999.00,-9999.00,-9999.00,-9999.00,-9999.00,-9999.00,-9999.00,1,0,1
2023-09-05T14:48:15,40.762833,-111.910698,1302.00,0.00,146.40,1.00,13.71,17.01,20.86,56.60,4.00,2.00,16.22,65.00,876.50,0.00,-0.40,1.73,24.00,835.20,-9999.00,-9999.00,-9999.00,-9999.00,-9999.00,-9999.00,-9999.00,1,0,1
2023-09-05T14:48:20,40.762829,-111.910690,1302.00,0.00,146.40,1.00,13.71,17.02,20.88,56.56,3.00,2.00,16.22,65.00,876.50,0.00,-1.00,1.75,24.00,835.10,-9999.00,-9999.00,-9999.00,-9999.00,-9999.00,-9999.00,-9999.00,1,0,1
2023-09-05T14:48:25,40.762836,-111.910690,1302.00,0.00,146.40,1.00,13.71,17.03,20.88,56.54,3.00,2.00,16.22,65.00,876.50,0.00,-1.40,1.74,24.10,835.10,-9999.00,-9999.00,-9999.00,-9999.00,-9999.00,-9999.00,-9999.00,1,0,1
2023-09-05T14:48:30,40.762836,-111.910690,1302.00,0.00,146.40,1.00,13.71,17.04,20.88,56.56,3.00,2.00,16.22,65.00,876.30,0.00,-1.40,1.74,24.10,835.20,-9999.00,-9999.00,-9999.00,-9999.00,-9999.00,-9999.00,-9999.00,1,0,1
2023-09-05T14:48:35,40.762836,-111.910690,1302.10,0.00,146.40,1.00,13.71,17.05,20.90,56.58,2.00,2.00,16.22,65.00,876.30,0.00,0.50,1.74,24.10,835.20,-9999.00,-9999.00,-9999.00,-9999.00,-9999.00,-9999.00,-9999.00,1,0,1
2023-09-05T14:48:40,40.762836,-111.910690,1302.10,0.00,146.40,1.00,13.71,17.07,20.90,56.68,3.00,2.00,16.22,65.00,876.30,0.00,3.00,1.74,24.10,835.00,-9999.00,-9999.00,-9999.00,-9999.00,-9999.00,-9999.00,-9999.00,1,0,1
2023-09-05T14:48:45,40.762844,-111.910690,1302.10,0.00,146.40,1.00,13.71,17.08,20.90,56.76,2.00,2.00,16.28,65.00,876.50,0.00,0.30,1.74,24.20,835.20,-9999.00,-9999.00,-9999.00,-9999.00,-9999.00,-9999.00,-9999.00,1,0,1
2023-09-05T14:48:50,40.762844,-111.910698,1302.10,0.00,146.40,1.00,13.71,17.09,20.90,56.79,3.00,2.00,16.28,65.00,876.30,0.00,-0.50,1.74,24.20,835.20,-9999.00,-9999.00,-9999.00,-9999.00,-9999.00,-9999.00,-9999.00,1,0,1
2023-09-05T14:48:55,40.762840,-111.910698,1302.10,0.00,146.40,1.00,13.71,17.10,20.92,56.77,3.00,2.00,16.28,65.00,876.50,0.00,0.40,1.75,24.20,835.20,-9999.00,-9999.00,-9999.00,-9999.00,-9999.00,-9999.00,-9999.00,1,0,1
2023-09-05T14:49:00,40.762840,-111.910706,1302.10,0.00,146.40,1.00,13.71,17.11,20.92,56.73,3.00,2.00,16.28,65.00,876.50,0.00,-2.70,1.74,24.30,835.10,-9999.00,-9999.00,-9999.00,-9999.00,-9999.00,-9999.00,-9999.00,1,0,1
2023-09-05T14:49:05,40.762844,-111.910698,1302.20,0.00,146.40,1.00,13.71,17.12,20.92,56.52,3.00,2.00,16.28,65.00,876.30,0.00,-0.30,1.74,24.30,835.20,-9999.00,-9999.00,-9999.00,-9999.00,-9999.00,-9999.00,-9999.00,1,0,1
2023-09-05T14:49:10,40.762844,-111.910690,1302.20,0.00,146.40,1.00,13.71,17.13,20.92,56.41,3.00,2.00,16.28,65.00,876.30,0.00,-0.10,1.75,24.30,835.20,-9999.00,-9999.00,-9999.00,-9999.00,-9999.00,-9999.00,-9999.00,1,0,1
2023-09-05T14:49:15,40.762844,-111.910690,1302.20,0.00,146.40,1.00,13.71,17.14,20.92,56.37,3.00,2.00,16.28,64.00,876.30,0.00,-0.40,1.75,24.30,835.20,-9999.00,-9999.00,-9999.00,-9999.00,-9999.00,-9999.00,-9999.00,1,0,1
2023-09-05T14:49:20,40.762848,-111.910690,1302.20,0.00,146.40,1.00,13.71,17.16,20.93,56.28,3.00,2.00,16.28,64.00,876.30,0.00,5.30,1.75,24.40,835.20,-9999.00,-9999.00,-9999.00,-9999.00,-9999.00,-9999.00,-9999.00,1,0,1
2023-09-05T14:49:25,40.762852,-111.910690,1302.20,0.00,146.40,1.00,13.72,17.17,20.94,56.05,3.00,2.00,16.39,64.00,876.20,0.00,3.30,1.74,24.40,835.10,-9999.00,-9999.00,-9999.00,-9999.00,-9999.00,-9999.00,-9999.00,1,0,1
2023-09-05T14:49:30,40.762852,-111.910690,1302.30,0.00,146.40,1.00,13.71,17.18,20.94,55.71,3.00,2.00,16.39,64.00,876.50,0.00,-0.60,1.75,24.40,835.30,-9999.00,-9999.00,-9999.00,-9999.00,-9999.00,-9999.00,-9999.00,1,0,1
2023-09-05T14:49:35,40.762856,-111.910698,1302.30,0.00,146.40,1.00,13.71,17.19,20.94,55.64,3.00,2.00,16.39,64.00,876.20,0.00,-0.50,1.75,24.50,835.30,-9999.00,-9999.00,-9999.00,-9999.00,-9999.00,-9999.00,-9999.00,1,0,1
2023-09-05T14:49:40,40.762859,-111.910690,1302.30,0.00,146.40,1.00,13.71,17.20,20.98,55.76,3.00,2.00,16.39,64.00,876.30,0.00,0.90,1.75,24.50,835.10,-9999.00,-9999.00,-9999.00,-9999.00,-9999.00,-9999.00,-9999.00,1,0,1
2023-09-05T14:49:45,40.762856,-111.910690,1302.30,0.00,146.40,1.00,13.71,17.21,21.00,55.82,3.00,2.00,16.39,64.00,876.20,0.00,2.70,1.74,24.50,835.20,-9999.00,-9999.00,-9999.00,-9999.00,-9999.00,-9999.00,-9999.00,1,0,1
2023-09-05T14:49:50,40.762856,-111.910683,1302.30,0.00,146.40,1.00,13.71,17.22,20.96,55.74,3.00,2.00,16.39,64.00,876.40,0.00,0.70,1.74,24.50,835.30,-9999.00,-9999.00,-9999.00,-9999.00,-9999.00,-9999.00,-9999.00,1,0,1
2023-09-05T14:49:55,40.762856,-111.910683,1302.30,0.00,146.40,1.00,13.71,17.23,20.96,55.64,3.00,2.00,16.39,64.00,876.40,0.00,0.90,1.75,24.60,835.20,-9999.00,-9999.00,-9999.00,-9999.00,-9999.00,-9999.00,-9999.00,1,0,1
2023-09-05T14:50:00,40.762856,-111.910683,1302.20,0.00,146.40,1.00,13.70,17.25,20.96,55.76,2.00,2.00,16.50,64.00,876.50,0.00,2.60,1.76,24.60,835.30,-9999.00,-9999.00,-9999.00,-9999.00,-9999.00,-9999.00,-9999.00,1,0,1
2023-09-05T14:50:05,40.762863,-111.910683,1302.20,0.00,146.40,1.00,13.71,17.26,20.96,56.12,3.00,2.00,16.50,64.00,876.30,0.00,0.20,1.74,24.60,835.20,-9999.00,-9999.00,-9999.00,-9999.00,-9999.00,-9999.00,-9999.00,1,0,1
2023-09-05T14:50:10,40.762859,-111.910690,1302.20,0.00,146.40,1.00,13.71,17.27,20.98,56.22,3.00,2.00,16.50,63.00,876.20,0.00,-2.70,1.74,24.70,835.30,-9999.00,-9999.00,-9999.00,-9999.00,-9999.00,-9999.00,-9999.00,1,0,1
2023-09-05T14:50:15,40.762852,-111.910690,1302.20,0.00,146.40,1.00,13.71,17.28,20.98,56.24,3.00,2.00,16.50,63.00,876.20,0.00,1.00,1.75,24.70,835.30,-9999.00,-9999.00,-9999.00,-9999.00,-9999.00,-9999.00,-9999.00,1,0,1
2023-09-05T14:50:20,40.762840,-111.910690,1302.30,0.00,146.40,1.00,13.72,17.29,20.98,56.26,3.00,2.00,16.50,63.00,876.30,0.00,1.70,1.76,24.70,835.20,-9999.00,-9999.00,-9999.00,-9999.00,-9999.00,-9999.00,-9999.00,1,0,1
2023-09-05T14:50:25,40.762829,-111.910706,1302.30,0.00,146.40,1.00,13.71,17.30,20.98,56.18,2.00,2.00,16.50,63.00,876.30,0.00,4.20,1.75,24.70,835.10,-9999.00,-9999.00,-9999.00,-9999.00,-9999.00,-9999.00,-9999.00,1,0,1
2023-09-05T14:50:30,40.762829,-111.910728,1302.40,0.00,146.40,1.00,13.71,17.31,20.98,56.18,3.00,2.00,16.50,63.00,876.30,0.00,-1.10,1.76,24.80,835.30,-9999.00,-9999.00,-9999.00,-9999.00,-9999.00,-9999.00,-9999.00,1,0,1
2023-09-05T14:50:35,40.762836,-111.910759,1302.60,0.00,146.40,1.00,13.71,17.32,21.00,56.22,2.00,2.00,16.50,63.00,876.20,0.00,2.90,1.75,24.80,835.30,-9999.00,-9999.00,-9999.00,-9999.00,-9999.00,-9999.00,-9999.00,1,0,1
2023-09-05T14:50:40,40.762833,-111.910759,1302.60,0.00,146.40,1.00,13.71,17.34,21.00,56.19,3.00,2.00,16.61,63.00,876.50,0.00,-0.00,1.74,24.80,835.20,-9999.00,-9999.00,-9999.00,-9999.00,-9999.00,-9999.00,-9999.00,1,0,1
2023-09-05T14:50:45,40.762833,-111.910759,1302.60,0.00,146.40,1.00,13.71,17.35,21.00,56.20,2.00,2.00,16.61,63.00,876.50,0.00,-1.00,1.75,24.80,835.20,-9999.00,-9999.00,-9999.00,-9999.00,-9999.00,-9999.00,-9999.00,1,0,1
2023-09-05T14:50:50,40.762836,-111.910759,1302.60,0.00,146.40,1.00,13.71,17.36,21.00,55.71,3.00,2.00,16.61,63.00,876.30,0.00,2.40,1.75,24.90,835.30,-9999.00,-9999.00,-9999.00,-9999.00,-9999.00,-9999.00,-9999.00,1,0,1
2023-09-05T14:50:55,40.762844,-111.910759,1302.60,0.00,146.40,1.00,13.72,17.37,21.00,55.52,2.00,2.00,16.61,63.00,876.40,0.00,-0.50,1.75,24.90,835.30,-9999.00,-9999.00,-9999.00,-9999.00,-9999.00,-9999.00,-9999.00,1,0,1
2023-09-05T14:51:00,40.762848,-111.910759,1302.60,0.00,146.40,1.00,13.71,17.38,21.00,55.40,2.00,2.00,16.61,63.00,876.40,0.00,0.10,1.75,24.90,835.20,-9999.00,-9999.00,-9999.00,-9999.00,-9999.00,-9999.00,-9999.00,1,0,1
2023-09-05T14:51:05,40.762848,-111.910759,1302.60,0.00,146.40,1.00,13.71,17.39,21.00,55.36,2.00,2.00,16.61,63.00,876.50,0.00,-0.50,1.75,24.90,835.20,-9999.00,-9999.00,-9999.00,-9999.00,-9999.00,-9999.00,-9999.00,1,0,1
2023-09-05T14:51:10,40.762844,-111.910767,1302.60,0.00,146.40,1.00,13.72,17.40,21.02,55.34,3.00,2.00,16.61,63.00,876.30,0.00,2.30,1.75,25.00,835.30,-9999.00,-9999.00,-9999.00,-9999.00,-9999.00,-9999.00,-9999.00,1,0,1
2023-09-05T14:51:15,40.762840,-111.910767,1302.60,0.00,146.40,1.00,13.71,17.41,21.02,55.34,3.00,2.00,16.61,62.00,876.30,0.00,-1.50,1.76,25.00,835.30,-9999.00,-9999.00,-9999.00,-9999.00,-9999.00,-9999.00,-9999.00,1,0,1
2023-09-05T14:51:20,40.762840,-111.910767,1302.70,0.00,146.40,1.00,13.72,17.43,21.02,55.71,2.00,2.00,16.61,62.00,876.50,0.00,-1.50,1.75,25.00,835.20,-9999.00,-9999.00,-9999.00,-9999.00,-9999.00,-9999.00,-9999.00,1,0,1
2023-09-05T14:51:25,40.762836,-111.910774,1302.70,0.00,146.40,1.00,13.71,17.44,21.04,56.15,3.00,2.00,16.72,62.00,876.50,0.00,-3.00,1.75,25.00,835.10,-9999.00,-9999.00,-9999.00,-9999.00,-9999.00,-9999.00,-9999.00,1,0,1
2023-09-05T14:51:30,40.762836,-111.910774,1302.70,0.00,146.40,1.00,13.71,17.45,21.04,56.44,3.00,2.00,16.72,62.00,876.20,0.00,1.80,1.75,25.10,835.40,-9999.00,-9999.00,-9999.00,-9999.00,-9999.00,-9999.00,-9999.00,1,0,1
2023-09-05T14:51:35,40.762836,-111.910782,1302.80,0.00,146.40,1.00,13.71,17.46,21.05,56.56,2.00,2.00,16.72,62.00,876.50,0.00,-0.70,1.75,25.10,835.30,-9999.00,-9999.00,-9999.00,-9999.00,-9999.00,-9999.00,-9999.00,1,0,1
2023-09-05T14:51:40,40.762833,-111.910782,1302.80,0.00,146.40,1.00,13.71,17.47,21.06,56.37,2.00,2.00,16.72,62.00,876.20,0.00,0.40,1.75,25.10,835.30,-9999.00,-9999.00,-9999.00,-9999.00,-9999.00,-9999.00,-9999.00,1,0,1
2023-09-05T14:51:45,40.762829,-111.910774,1302.80,0.00,146.40,1.00,13.71,17.48,21.06,56.29,3.00,2.00,16.72,62.00,876.20,0.00,0.10,1.75,25.10,835.20,-9999.00,-9999.00,-9999.00,-9999.00,-9999.00,-9999.00,-9999.00,1,0,1
2023-09-05T14:51:50,40.762833,-111.910774,1302.90,0.00,146.40,1.00,13.71,17.49,21.06,56.07,3.00,2.00,16.72,62.00,876.50,0.00,0.80,1.75,25.20,835.40,-9999.00,-9999.00,-9999.00,-9999.00,-9999.00,-9999.00,-9999.00,1,0,1
2023-09-05T14:51:55,40.762829,-111.910774,1302.90,0.00,146.40,1.00,13.71,17.50,21.06,55.47,3.00,2.00,16.72,62.00,876.40,0.00,0.50,1.75,25.20,835.40,-9999.00,-9999.00,-9999.00,-9999.00,-9999.00,-9999.00,-9999.00,1,0,1
2023-09-05T14:52:00,40.762829,-111.910767,1302.90,0.00,146.40,1.00,13.71,17.52,21.06,55.30,2.00,2.00,16.78,62.00,876.20,0.00,0.00,1.75,25.20,835.30,-9999.00,-9999.00,-9999.00,-9999.00,-9999.00,-9999.00,-9999.00,1,0,1
2023-09-05T14:52:05,40.762829,-111.910767,1302.90,0.00,146.40,1.00,13.71,17.53,21.08,55.32,3.00,2.00,16.78,62.00,876.20,0.00,-0.30,1.75,25.20,835.30,-9999.00,-9999.00,-9999.00,-9999.00,-9999.00,-9999.00,-9999.00,1,0,1
2023-09-05T14:52:10,40.762829,-111.910759,1302.90,0.00,146.40,1.00,13.71,17.54,21.09,55.30,3.00,2.00,16.78,62.00,876.30,0.00,-1.90,1.76,25.30,835.30,-9999.00,-9999.00,-9999.00,-9999.00,-9999.00,-9999.00,-9999.00,1,0,1
2023-09-05T14:52:15,40.762833,-111.910767,1302.90,0.00,146.40,1.00,13.71,17.55,21.08,55.26,2.00,2.00,16.78,61.00,876.20,0.00,0.10,1.75,25.30,835.30,-9999.00,-9999.00,-9999.00,-9999.00,-9999.00,-9999.00,-9999.00,1,0,1
2023-09-05T14:52:20,40.762836,-111.910774,1302.90,0.00,146.40,1.00,13.71,17.56,21.08,55.38,3.00,2.00,16.78,61.00,876.50,0.00,-2.30,1.75,25.30,835.20,-9999.00,-9999.00,-9999.00,-9999.00,-9999.00,-9999.00,-9999.00,1,0,1
2023-09-05T14:52:25,40.762836,-111.910782,1302.90,0.00,146.40,1.00,13.71,17.57,21.08,55.38,2.00,2.00,16.78,61.00,876.20,0.00,-2.60,1.74,25.30,835.20,-9999.00,-9999.00,-9999.00,-9999.00,-9999.00,-9999.00,-9999.00,1,0,1
2023-09-05T14:52:30,40.762836,-111.910789,1302.90,0.00,146.40,1.00,13.71,17.58,21.08,55.50,3.00,2.00,16.78,61.00,876.50,0.00,0.40,1.75,25.40,835.40,-9999.00,-9999.00,-9999.00,-9999.00,-9999.00,-9999.00,-9999.00,1,0,1
2023-09-05T14:52:35,40.762833,-111.910797,1303.00,0.00,146.40,1.00,13.71,17.59,21.10,55.76,2.00,2.00,16.89,61.00,876.20,0.00,1.30,1.75,25.40,835.40,-9999.00,-9999.00,-9999.00,-9999.00,-9999.00,-9999.00,-9999.00,1,0,1
2023-09-05T14:52:40,40.762836,-111.910789,1303.00,0.00,146.40,1.00,13.71,17.61,21.10,55.94,2.00,2.00,16.89,61.00,876.30,0.00,1.70,1.74,25.40,835.30,-9999.00,-9999.00,-9999.00,-9999.00,-9999.00,-9999.00,-9999.00,1,0,1
2023-09-05T14:52:45,40.762836,-111.910774,1303.00,0.00,146.40,1.00,13.72,17.62,21.10,56.12,2.00,2.00,16.89,61.00,876.30,0.00,0.20,1.76,25.50,835.30,-9999.00,-9999.00,-9999.00,-9999.00,-9999.00,-9999.00,-9999.00,1,0,1
2023-09-05T14:52:50,40.762833,-111.910774,1303.00,0.00,146.40,1.00,13.71,17.63,21.10,56.17,3.00,2.00,16.89,61.00,876.40,0.00,-2.00,1.75,25.50,835.30,-9999.00,-9999.00,-9999.00,-9999.00,-9999.00,-9999.00,-9999.00,1,0,1
2023-09-05T14:52:55,40.762829,-111.910774,1303.00,0.00,146.40,1.00,13.71,17.64,21.10,56.12,3.00,2.00,16.89,61.00,876.40,0.00,2.00,1.75,25.50,835.30,-9999.00,-9999.00,-9999.00,-9999.00,-9999.00,-9999.00,-9999.00,1,0,1
2023-09-05T14:53:00,40.762825,-111.910774,1303.00,0.00,146.40,1.00,13.71,17.65,21.12,56.10,3.00,2.00,16.89,61.00,876.20,0.00,-0.80,1.75,25.50,835.30,-9999.00,-9999.00,-9999.00,-9999.00,-9999.00,-9999.00,-9999.00,1,0,1
2023-09-05T14:53:05,40.762821,-111.910782,1303.00,0.00,146.40,1.00,13.71,17.66,21.12,56.16,3.00,2.00,16.89,61.00,876.40,0.00,1.30,1.74,25.60,835.20,-9999.00,-9999.00,-9999.00,-9999.00,-9999.00,-9999.00,-9999.00,1,0,1
2023-09-05T14:53:10,40.762821,-111.910797,1303.00,0.00,146.40,1.00,13.71,17.67,21.12,56.20,3.00,2.00,17.00,61.00,876.20,0.00,3.70,1.74,25.60,835.30,-9999.00,-9999.00,-9999.00,-9999.00,-9999.00,-9999.00,-9999.00,1,0,1
2023-09-05T14:53:15,40.762817,-111.910805,1303.00,0.00,146.40,1.00,13.71,17.68,21.12,56.26,3.00,2.00,17.00,61.00,876.30,0.00,0.70,1.74,25.60,835.30,-9999.00,-9999.00,-9999.00,-9999.00,-9999.00,-9999.00,-9999.00,1,0,1
2023-09-05T14:53:20,40.762814,-111.910812,1303.00,0.00,146.40,1.00,13.71,17.69,21.14,56.32,3.00,2.00,17.00,61.00,876.40,0.00,0.60,1.75,25.60,835.20,-9999.00,-9999.00,-9999.00,-9999.00,-9999.00,-9999.00,-9999.00,1,0,1
2023-09-05T14:53:25,40.762810,-111.910820,1303.10,0.00,146.40,1.00,13.71,17.71,21.14,56.36,3.00,2.00,17.00,61.00,876.20,0.00,-0.90,1.75,25.60,835.20,-9999.00,-9999.00,-9999.00,-9999.00,-9999.00,-9999.00,-9999.00,1,0,1
2023-09-05T14:53:30,40.762806,-111.910828,1303.10,0.00,146.40,1.00,13.71,17.72,21.14,56.48,2.00,2.00,17.00,60.00,876.50,0.00,-3.00,1.76,25.70,835.40,-9999.00,-9999.00,-9999.00,-9999.00,-9999.00,-9999.00,-9999.00,1,0,1
2023-09-05T14:53:35,40.762810,-111.910820,1303.10,0.00,146.40,1.00,13.71,17.73,21.14,56.31,3.00,2.00,17.00,60.00,876.30,0.00,-0.30,1.76,25.70,835.40,-9999.00,-9999.00,-9999.00,-9999.00,-9999.00,-9999.00,-9999.00,1,0,1
2023-09-05T14:53:40,40.762814,-111.910820,1303.10,0.00,146.40,1.00,13.71,17.74,21.14,56.26,3.00,2.00,17.00,60.00,876.30,0.00,4.20,1.76,25.70,835.20,-9999.00,-9999.00,-9999.00,-9999.00,-9999.00,-9999.00,-9999.00,1,0,1
2023-09-05T14:53:45,40.762821,-111.910820,1303.10,0.00,146.40,1.00,13.71,17.75,21.14,56.32,2.00,2.00,17.00,60.00,876.40,0.00,0.20,1.76,25.70,835.20,-9999.00,-9999.00,-9999.00,-9999.00,-9999.00,-9999.00,-9999.00,1,0,1
2023-09-05T14:53:50,40.762825,-111.910820,1303.10,0.00,146.40,1.00,13.71,17.76,21.14,56.40,2.00,2.00,17.00,60.00,876.30,0.00,2.40,1.75,25.80,835.40,-9999.00,-9999.00,-9999.00,-9999.00,-9999.00,-9999.00,-9999.00,1,0,1
2023-09-05T14:53:55,40.762829,-111.910812,1303.10,0.00,146.40,1.00,13.72,17.77,21.16,56.40,3.00,2.00,17.00,60.00,876.20,0.00,2.10,1.75,25.80,835.40,-9999.00,-9999.00,-9999.00,-9999.00,-9999.00,-9999.00,-9999.00,1,0,1
2023-09-05T14:54:00,40.762833,-111.910805,1303.10,0.00,146.40,1.00,13.71,17.78,21.16,56.40,2.00,2.00,17.00,60.00,876.30,0.00,-2.80,1.75,25.80,835.20,-9999.00,-9999.00,-9999.00,-9999.00,-9999.00,-9999.00,-9999.00,1,0,1
2023-09-05T14:54:05,40.762840,-111.910805,1303.10,0.00,146.40,1.00,13.71,17.79,21.16,56.40,3.00,2.00,17.11,60.00,876.40,0.00,0.50,1.76,25.80,835.20,-9999.00,-9999.00,-9999.00,-9999.00,-9999.00,-9999.00,-9999.00,1,0,1
2023-09-05T14:54:10,40.762863,-111.910782,1303.10,0.00,146.40,1.00,13.71,17.81,21.18,56.42,3.00,2.00,17.11,60.00,876.50,0.00,0.90,1.75,25.90,835.40,-9999.00,-9999.00,-9999.00,-9999.00,-9999.00,-9999.00,-9999.00,1,0,1
2023-09-05T14:54:15,40.762871,-111.910774,1303.10,0.00,146.40,1.00,13.71,17.82,21.18,56.44,4.00,2.00,17.11,60.00,876.40,0.00,-1.50,1.76,25.90,835.40,-9999.00,-9999.00,-9999.00,-9999.00,-9999.00,-9999.00,-9999.00,1,0,1
2023-09-05T14:54:20,40.762878,-111.910774,1303.10,0.00,146.40,1.00,13.71,17.83,21.18,56.44,4.00,2.00,17.11,60.00,876.40,0.00,1.90,1.75,25.90,835.20,-9999.00,-9999.00,-9999.00,-9999.00,-9999.00,-9999.00,-9999.00,1,0,1
2023-09-05T14:54:25,40.762886,-111.910774,1303.10,0.00,146.40,1.00,13.71,17.84,21.21,56.32,3.00,2.00,17.11,60.00,876.40,0.00,-0.60,1.76,25.90,835.20,-9999.00,-9999.00,-9999.00,-9999.00,-9999.00,-9999.00,-9999.00,1,0,1
2023-09-05T14:54:30,40.762890,-111.910767,1303.10,0.00,146.40,1.00,13.71,17.85,21.22,56.33,3.00,2.00,17.11,60.00,876.30,0.00,1.70,1.76,26.00,835.40,-9999.00,-9999.00,-9999.00,-9999.00,-9999.00,-9999.00,-9999.00,1,0,1
2023-09-05T14:54:35,40.762894,-111.910767,1303.10,0.00,146.40,1.00,13.72,17.86,21.18,56.29,3.00,2.00,17.11,60.00,876.30,0.00,1.50,1.75,26.00,835.40,-9999.00,-9999.00,-9999.00,-9999.00,-9999.00,-9999.00,-9999.00,1,0,1
2023-09-05T14:54:40,40.762901,-111.910759,1303.10,0.00,146.40,1.00,13.71,17.87,21.20,56.22,3.00,2.00,17.11,60.00,876.50,0.00,1.60,1.76,26.00,835.20,-9999.00,-9999.00,-9999.00,-9999.00,-9999.00,-9999.00,-9999.00,1,0,1
2023-09-05T14:54:45,40.762905,-111.910751,1303.10,0.00,146.40,1.00,13.71,17.88,21.20,56.23,3.00,2.00,17.22,60.00,876.40,0.00,2.00,1.75,26.00,835.20,-9999.00,-9999.00,-9999.00,-9999.00,-9999.00,-9999.00,-9999.00,1,0,1
2023-09-05T14:54:50,40.762909,-111.910744,1303.10,0.00,146.40,1.00,13.71,17.89,21.20,56.30,3.00,2.00,17.22,59.00,876.10,0.00,0.40,1.76,26.10,835.40,-9999.00,-9999.00,-9999.00,-9999.00,-9999.00,-9999.00,-9999.00,1,0,1
2023-09-05T14:54:55,40.762913,-111.910736,1303.10,0.00,146.40,1.00,13.72,17.91,21.20,56.32,3.00,2.00,17.22,59.00,876.20,0.00,0.30,1.76,26.10,835.40,-9999.00,-9999.00,-9999.00,-9999.00,-9999.00,-9999.00,-9999.00,1,0,1
2023-09-05T14:55:00,40.762913,-111.910728,1303.20,0.00,146.40,1.00,13.71,17.92,21.22,56.32,3.00,2.00,17.22,59.00,876.40,0.00,-2.30,1.76,26.10,835.20,-9999.00,-9999.00,-9999.00,-9999.00,-9999.00,-9999.00,-9999.00,1,0,1
2023-09-05T14:55:05,40.762909,-111.910728,1303.20,0.00,146.40,1.00,13.71,17.93,21.22,56.26,3.00,2.00,17.22,59.00,876.30,0.00,-0.40,1.76,26.10,835.30,-9999.00,-9999.00,-9999.00,-9999.00,-9999.00,-9999.00,-9999.00,1,0,1
2023-09-05T14:55:10,40.762909,-111.910728,1303.20,0.00,146.40,1.00,13.71,17.94,21.22,56.32,3.00,2.00,17.22,59.00,876.40,0.00,2.30,1.75,26.20,835.40,-9999.00,-9999.00,-9999.00,-9999.00,-9999.00,-9999.00,-9999.00,1,0,1
2023-09-05T14:55:15,40.762901,-111.910728,1303.30,0.00,146.40,1.00,13.71,17.95,21.22,56.52,3.00,2.00,17.22,59.00,876.30,0.00,1.80,1.76,26.20,835.30,-9999.00,-9999.00,-9999.00,-9999.00,-9999.00,-9999.00,-9999.00,1,0,1
2023-09-05T14:55:20,40.762905,-111.910736,1303.30,0.00,146.40,1.00,13.71,17.96,21.22,56.54,3.00,2.00,17.28,59.00,876.40,0.00,1.20,1.75,26.20,835.30,-9999.00,-9999.00,-9999.00,-9999.00,-9999.00,-9999.00,-9999.00,1,0,1
2023-09-05T14:55:25,40.762905,-111.910736,1303.30,0.00,146.40,1.00,13.71,17.97,21.24,56.54,3.00,2.00,17.28,59.00,876.20,0.00,4.50,1.75,26.20,835.30,-9999.00,-9999.00,-9999.00,-9999.00,-9999.00,-9999.00,-9999.00,1,0,1
2023-09-05T14:55:30,40.762905,-111.910736,1303.40,0.00,146.40,1.00,13.71,17.98,21.24,56.25,2.00,2.00,17.28,59.00,876.30,0.00,-0.70,1.76,26.30,835.40,-9999.00,-9999.00,-9999.00,-9999.00,-9999.00,-9999.00,-9999.00,1,0,1
2023-09-05T14:55:35,40.762909,-111.910744,1303.40,0.00,146.40,1.00,13.71,17.99,21.24,55.97,3.00,2.00,17.28,59.00,876.50,0.00,-1.30,1.75,26.30,835.40,-9999.00,-9999.00,-9999.00,-9999.00,-9999.00,-9999.00,-9999.00,1,0,1
2023-09-05T14:55:40,40.762905,-111.910759,1303.40,0.00,146.40,1.00,13.71,18.00,21.24,55.85,3.00,2.00,17.28,59.00,876.20,0.00,0.60,1.75,26.30,835.20,-9999.00,-9999.00,-9999.00,-9999.00,-9999.00,-9999.00,-9999.00,1,0,1
2023-09-05T14:55:45,40.762901,-111.910767,1303.50,0.00,146.40,1.00,13.71,18.02,21.24,55.69,2.00,2.00,17.28,59.00,876.30,0.00,1.20,1.76,26.30,835.20,-9999.00,-9999.00,-9999.00,-9999.00,-9999.00,-9999.00,-9999.00,1,0,1
2023-09-05T14:55:50,40.762901,-111.910767,1303.50,0.00,146.40,1.00,13.71,18.03,21.24,55.60,3.00,2.00,17.28,59.00,876.20,0.00,1.00,1.75,26.40,835.40,-9999.00,-9999.00,-9999.00,-9999.00,-9999.00,-9999.00,-9999.00,1,0,1
2023-09-05T14:55:55,40.762901,-111.910767,1303.50,0.00,146.40,1.00,13.71,18.04,21.24,55.56,3.00,2.00,17.39,58.00,876.40,0.00,-2.00,1.76,26.40,835.40,-9999.00,-9999.00,-9999.00,-9999.00,-9999.00,-9999.00,-9999.00,1,0,1
2023-09-05T14:56:00,40.762897,-111.910774,1303.50,0.00,146.40,1.00,13.71,18.05,21.24,55.54,3.00,2.00,17.39,58.00,876.20,0.00,1.10,1.76,26.40,835.30,-9999.00,-9999.00,-9999.00,-9999.00,-9999.00,-9999.00,-9999.00,1,0,1
2023-09-05T14:56:05,40.762897,-111.910782,1303.40,0.00,146.40,1.00,13.71,18.06,21.25,55.48,3.00,2.00,17.39,58.00,876.30,0.00,-0.40,1.76,26.40,835.30,-9999.00,-9999.00,-9999.00,-9999.00,-9999.00,-9999.00,-9999.00,1,0,1
2023-09-05T14:56:10,40.762897,-111.910789,1303.40,0.00,146.40,1.00,13.71,18.07,21.26,55.48,4.00,2.00,17.39,58.00,876.30,0.00,0.90,1.76,26.50,835.40,-9999.00,-9999.00,-9999.00,-9999.00,-9999.00,-9999.00,-9999.00,1,0,1
2023-09-05T14:56:15,40.762897,-111.910797,1303.40,0.00,146.40,1.00,13.71,18.08,21.26,55.43,3.00,2.00,17.39,58.00,876.20,0.00,2.10,1.75,26.50,835.40,-9999.00,-9999.00,-9999.00,-9999.00,-9999.00,-9999.00,-9999.00,1,0,1
2023-09-05T14:56:20,40.762901,-111.910805,1303.40,0.00,146.40,1.00,13.71,18.09,21.26,55.38,3.00,2.00,17.39,58.00,876.20,0.00,1.50,1.76,26.50,835.30,-9999.00,-9999.00,-9999.00,-9999.00,-9999.00,-9999.00,-9999.00,1,0,1
2023-09-05T14:56:25,40.762901,-111.910812,1303.40,0.00,146.40,1.00,13.71,18.10,21.26,55.36,3.00,2.00,17.39,58.00,876.20,0.00,4.70,1.74,26.50,835.30,-9999.00,-9999.00,-9999.00,-9999.00,-9999.00,-9999.00,-9999.00,1,0,1
2023-09-05T14:56:30,40.762905,-111.910812,1303.40,0.00,146.40,1.00,13.71,18.11,21.26,55.36,3.00,2.00,17.39,58.00,876.30,0.00,-0.90,1.76,26.50,835.40,-9999.00,-9999.00,-9999.00,-9999.00,-9999.00,-9999.00,-9999.00,1,0,1
2023-09-05T14:56:35,40.762909,-111.910805,1303.40,0.00,146.40,1.00,13.71,18.13,21.28,55.38,3.00,2.00,17.50,58.00,876.30,0.00,-2.20,1.77,26.60,835.40,-9999.00,-9999.00,-9999.00,-9999.00,-9999.00,-9999.00,-9999.00,1,0,1
2023-09-05T14:56:40,40.762917,-111.910797,1303.40,0.00,146.40,1.00,13.71,18.14,21.28,55.38,3.00,2.00,17.50,58.00,876.40,0.00,-0.60,1.77,26.60,835.40,-9999.00,-9999.00,-9999.00,-9999.00,-9999.00,-9999.00,-9999.00,1,0,1
2023-09-05T14:56:45,40.762920,-111.910789,1303.40,0.00,146.40,1.00,13.71,18.15,21.31,55.26,3.00,2.00,17.50,58.00,876.40,0.00,2.60,1.76,26.60,835.30,-9999.00,-9999.00,-9999.00,-9999.00,-9999.00,-9999.00,-9999.00,1,0,1
2023-09-05T14:56:50,40.762917,-111.910713,1303.40,0.00,146.40,1.00,13.71,18.16,21.32,55.28,4.00,2.00,17.50,57.00,876.20,0.00,1.40,1.76,26.60,835.40,-9999.00,-9999.00,-9999.00,-9999.00,-9999.00,-9999.00,-9999.00,1,0,1
2023-09-05T14:56:55,40.762917,-111.910667,1303.50,0.00,146.40,1.00,13.71,18.17,21.28,55.24,3.00,2.00,17.50,57.00,876.10,0.00,3.10,1.75,26.70,835.50,-9999.00,-9999.00,-9999.00,-9999.00,-9999.00,-9999.00,-9999.00,1,0,1
2023-09-05T14:57:00,40.762913,-111.910660,1303.50,0.00,146.40,1.00,13.71,18.18,21.28,55.20,3.00,2.00,17.50,57.00,876.20,0.00,0.60,1.76,26.70,835.40,-9999.00,-9999.00,-9999.00,-9999.00,-9999.00,-9999.00,-9999.00,1,0,1
2023-09-05T14:57:05,40.762905,-111.910660,1303.50,0.00,146.40,1.00,13.71,18.19,21.28,55.30,3.00,2.00,17.50,57.00,876.30,0.00,-1.80,1.76,26.70,835.40,-9999.00,-9999.00,-9999.00,-9999.00,-9999.00,-9999.00,-9999.00,1,0,1
2023-09-05T14:57:10,40.762897,-111.910660,1303.50,0.00,146.40,1.00,13.71,18.20,21.28,55.40,3.00,2.00,17.50,57.00,876.40,0.00,1.90,1.77,26.70,835.40,-9999.00,-9999.00,-9999.00,-9999.00,-9999.00,-9999.00,-9999.00,1,0,1
2023-09-05T14:57:15,40.762890,-111.910660,1303.50,0.00,146.40,1.00,13.71,18.21,21.30,55.46,4.00,2.00,17.50,57.00,876.20,0.00,5.10,1.76,26.80,835.40,-9999.00,-9999.00,-9999.00,-9999.00,-9999.00,-9999.00,-9999.00,1,0,1
2023-09-05T14:57:20,40.762863,-111.910660,1303.40,0.00,146.40,1.00,13.71,18.22,21.30,55.54,4.00,2.00,17.50,57.00,876.30,0.00,1.40,1.77,26.80,835.40,-9999.00,-9999.00,-9999.00,-9999.00,-9999.00,-9999.00,-9999.00,1,0,1
2023-09-05T14:57:25,40.762856,-111.910660,1303.30,0.00,146.40,1.00,13.72,18.23,21.30,55.56,4.00,2.00,17.61,57.00,876.20,0.00,4.00,1.76,26.80,835.40,-9999.00,-9999.00,-9999.00,-9999.00,-9999.00,-9999.00,-9999.00,1,0,1
2023-09-05T14:57:30,40.762856,-111.910667,1303.30,0.00,146.40,1.00,13.71,18.25,21.30,55.64,3.00,2.00,17.61,57.00,876.40,0.00,-0.20,1.76,26.80,835.50,-9999.00,-9999.00,-9999.00,-9999.00,-9999.00,-9999.00,-9999.00,1,0,1
2023-09-05T14:57:35,40.762852,-111.910667,1303.30,0.00,146.40,1.00,13.71,18.26,21.30,55.66,4.00,2.00,17.61,57.00,876.40,0.00,1.70,1.76,26.80,835.50,-9999.00,-9999.00,-9999.00,-9999.00,-9999.00,-9999.00,-9999.00,1,0,1
2023-09-05T14:57:40,40.762852,-111.910667,1303.30,0.00,146.40,1.00,13.71,18.27,21.30,55.74,4.00,2.00,17.61,57.00,876.30,0.00,-1.10,1.76,26.90,835.40,-9999.00,-9999.00,-9999.00,-9999.00,-9999.00,-9999.00,-9999.00,1,0,1
2023-09-05T14:57:45,40.762852,-111.910675,1303.30,0.00,146.40,1.00,13.71,18.28,21.30,55.90,3.00,2.00,17.61,57.00,876.20,0.00,1.70,1.76,26.90,835.40,-9999.00,-9999.00,-9999.00,-9999.00,-9999.00,-9999.00,-9999.00,1,0,1
2023-09-05T14:57:50,40.762852,-111.910683,1303.30,0.00,146.40,1.00,13.71,18.29,21.30,55.94,3.00,2.00,17.61,56.00,876.20,0.00,-2.60,1.76,26.90,835.50,-9999.00,-9999.00,-9999.00,-9999.00,-9999.00,-9999.00,-9999.00,1,0,1
2023-09-05T14:57:55,40.762848,-111.910690,1303.30,0.00,146.40,1.00,13.71,18.30,21.32,55.77,3.00,2.00,17.61,56.00,876.20,0.00,-0.90,1.75,26.90,835.50,-9999.00,-9999.00,-9999.00,-9999.00,-9999.00,-9999.00,-9999.00,1,0,1
2023-09-05T14:58:00,40.762848,-111.910706,1303.30,0.00,146.40,1.00,13.71,18.31,21.32,55.43,3.00,2.00,17.72,56.00,876.40,0.00,2.60,1.75,27.00,835.40,-9999.00,-9999.00,-9999.00,-9999.00,-9999.00,-9999.00,-9999.00,1,0,1
2023-09-05T14:58:05,40.762848,-111.910706,1303.30,0.00,146.40,1.00,13.71,18.32,21.32,55.22,3.00,2.00,17.72,56.00,876.10,0.00,-0.60,1.76,27.00,835.30,-9999.00,-9999.00,-9999.00,-9999.00,-9999.00,-9999.00,-9999.00,1,0,1
2023-09-05T14:58:10,40.762852,-111.910713,1303.30,0.00,146.40,1.00,13.71,18.33,21.32,55.24,3.00,2.00,17.72,56.00,876.20,0.00,-5.10,1.77,27.00,835.40,-9999.00,-9999.00,-9999.00,-9999.00,-9999.00,-9999.00,-9999.00,1,0,1
2023-09-05T14:58:15,40.762852,-111.910713,1303.30,0.00,146.40,1.00,13.71,18.34,21.32,55.22,3.00,2.00,17.72,56.00,876.50,0.00,0.40,1.77,27.00,835.40,-9999.00,-9999.00,-9999.00,-9999.00,-9999.00,-9999.00,-9999.00,1,0,1
2023-09-05T14:58:20,40.762856,-111.910713,1303.30,0.00,146.40,1.00,13.71,18.35,21.32,55.20,4.00,2.00,17.72,56.00,876.30,0.00,-2.40,1.76,27.00,835.30,-9999.00,-9999.00,-9999.00,-9999.00,-9999.00,-9999.00,-9999.00,1,0,1
2023-09-05T14:58:25,40.762856,-111.910721,1303.20,0.00,146.40,1.00,13.70,18.37,21.32,55.20,4.00,2.00,17.72,56.00,876.50,0.00,-0.70,1.75,27.10,835.30,-9999.00,-9999.00,-9999.00,-9999.00,-9999.00,-9999.00,-9999.00,1,0,1
2023-09-05T14:58:30,40.762859,-111.910728,1303.20,0.00,146.40,1.00,13.71,18.38,21.34,55.18,3.00,2.00,17.72,56.00,876.10,0.00,0.30,1.76,27.10,835.50,-9999.00,-9999.00,-9999.00,-9999.00,-9999.00,-9999.00,-9999.00,1,0,1
2023-09-05T14:58:35,40.762856,-111.910744,1303.20,0.00,146.40,1.00,13.71,18.39,21.34,55.18,3.00,2.00,17.78,56.00,876.10,0.00,4.10,1.77,27.10,835.50,-9999.00,-9999.00,-9999.00,-9999.00,-9999.00,-9999.00,-9999.00,1,0,1
2023-09-05T14:58:40,40.762859,-111.910751,1303.20,0.00,146.40,1.00,13.71,18.40,21.34,55.11,3.00,2.00,17.78,56.00,876.30,0.00,1.70,1.76,27.10,835.40,-9999.00,-9999.00,-9999.00,-9999.00,-9999.00,-9999.00,-9999.00,1,0,1
2023-09-05T14:58:45,40.762856,-111.910759,1303.20,0.00,146.40,1.00,13.68,18.41,21.34,54.91,3.00,2.00,17.78,56.00,876.20,0.00,0.60,1.76,27.10,835.50,-9999.00,-9999.00,-9999.00,-9999.00,-9999.00,-9999.00,-9999.00,1,0,1
2023-09-05T14:58:50,40.762856,-111.910759,1303.20,0.00,146.40,1.00,13.68,18.42,21.35,54.28,3.00,2.00,17.78,56.00,876.30,0.00,0.00,1.76,27.20,835.50,-9999.00,-9999.00,-9999.00,-9999.00,-9999.00,-9999.00,-9999.00,1,0,1
2023-09-05T14:58:55,40.762856,-111.910767,1303.20,0.00,146.40,1.00,13.68,18.43,21.34,53.91,3.00,2.00,17.78,56.00,876.30,0.00,-3.70,1.77,27.20,835.50,-9999.00,-9999.00,-9999.00,-9999.00,-9999.00,-9999.00,-9999.00,1,0,1
2023-09-05T14:59:00,40.762856,-111.910767,1303.20,0.00,146.40,1.00,13.68,18.44,21.34,53.77,3.00,2.00,17.78,55.00,876.30,0.00,1.30,1.76,27.20,835.40,-9999.00,-9999.00,-9999.00,-9999.00,-9999.00,-9999.00,-9999.00,1,0,1
2023-09-05T14:59:05,40.762856,-111.910767,1303.20,0.00,146.40,1.00,13.68,18.45,21.36,53.75,3.00,2.00,17.78,55.00,876.10,0.00,-3.80,1.78,27.20,835.40,-9999.00,-9999.00,-9999.00,-9999.00,-9999.00,-9999.00,-9999.00,1,0,1
2023-09-05T14:59:10,40.762840,-111.910835,1303.30,0.00,146.40,1.00,13.68,18.46,21.42,54.17,3.00,2.00,17.89,55.00,876.40,0.00,-1.50,1.76,27.30,835.50,-9999.00,-9999.00,-9999.00,-9999.00,-9999.00,-9999.00,-9999.00,1,0,1
2023-09-05T14:59:15,40.762840,-111.910858,1303.30,0.00,146.40,1.00,13.68,18.47,21.40,54.40,3.00,2.00,17.89,55.00,876.30,0.00,2.60,1.77,27.30,835.60,-9999.00,-9999.00,-9999.00,-9999.00,-9999.00,-9999.00,-9999.00,1,0,1
2023-09-05T14:59:20,40.762844,-111.910866,1303.30,0.00,146.40,1.00,13.67,18.48,21.36,54.47,3.00,2.00,17.89,55.00,876.40,0.00,-0.30,1.76,27.30,835.40,-9999.00,-9999.00,-9999.00,-9999.00,-9999.00,-9999.00,-9999.00,1,0,1
2023-09-05T14:59:25,40.762848,-111.910873,1303.40,0.00,146.40,1.00,13.68,18.50,21.36,54.54,4.00,2.00,17.89,55.00,876.30,0.00,-2.30,1.76,27.30,835.50,-9999.00,-9999.00,-9999.00,-9999.00,-9999.00,-9999.00,-9999.00,1,0,1
2023-09-05T14:59:30,40.762840,-111.910881,1303.40,0.00,146.40,1.00,13.68,18.51,21.36,54.84,3.00,2.00,17.89,55.00,876.30,0.00,-0.70,1.76,27.40,835.50,-9999.00,-9999.00,-9999.00,-9999.00,-9999.00,-9999.00,-9999.00,1,0,1
2023-09-05T14:59:35,40.762840,-111.910881,1303.50,0.00,146.40,1.00,13.68,18.52,21.36,54.96,3.00,2.00,17.89,55.00,876.30,0.00,0.80,1.76,27.40,835.50,-9999.00,-9999.00,-9999.00,-9999.00,-9999.00,-9999.00,-9999.00,1,0,1
2023-09-05T14:59:40,40.762840,-111.910889,1303.50,0.00,146.40,1.00,13.68,18.53,21.36,54.94,3.00,2.00,17.89,55.00,876.10,0.00,0.50,1.75,27.40,835.40,-9999.00,-9999.00,-9999.00,-9999.00,-9999.00,-9999.00,-9999.00,1,0,1
2023-09-05T14:59:45,40.762848,-111.910889,1303.50,0.00,146.40,1.00,13.67,18.54,21.38,55.02,3.00,2.00,17.89,55.00,876.30,0.00,2.80,1.77,27.40,835.50,-9999.00,-9999.00,-9999.00,-9999.00,-9999.00,-9999.00,-9999.00,1,0,1
2023-09-05T14:59:50,40.762852,-111.910889,1303.60,0.00,146.40,1.00,13.68,18.55,21.38,55.14,3.00,2.00,18.00,54.00,876.20,0.00,0.10,1.76,27.40,835.50,-9999.00,-9999.00,-9999.00,-9999.00,-9999.00,-9999.00,-9999.00,1,0,1
2023-09-05T14:59:55,40.762856,-111.910881,1303.60,0.00,146.40,1.00,13.68,18.56,21.38,55.12,2.00,2.00,18.00,54.00,876.20,0.00,-2.30,1.77,27.50,835.50,-9999.00,-9999.00,-9999.00,-9999.00,-9999.00,-9999.00,-9999.00,1,0,1
2023-09-05T15:00:00,40.762863,-111.910881,1303.60,0.00,146.40,1.00,13.68,18.57,21.38,54.64,3.00,2.00,18.00,54.00,876.20,0.00,1.40,1.77,27.50,835.50,-9999.00,-9999.00,-9999.00,-9999.00,-9999.00,-9999.00,-9999.00,1,0,1
2023-09-05T15:00:05,40.762875,-111.910881,1303.60,0.00,146.40,1.00,13.68,18.58,21.38,54.10,3.00,2.00,18.00,54.00,876.30,0.00,-1.00,1.75,27.50,835.40,-9999.00,-9999.00,-9999.00,-9999.00,-9999.00,-9999.00,-9999.00,1,0,1
2023-09-05T15:00:10,40.762878,-111.910881,1303.70,0.00,146.40,1.00,13.68,18.59,21.38,54.01,3.00,2.00,18.00,54.00,876.30,0.00,1.10,1.76,27.50,835.60,-9999.00,-9999.00,-9999.00,-9999.00,-9999.00,-9999.00,-9999.00,1,0,1
2023-09-05T15:00:15,40.762875,-111.910889,1303.80,0.00,146.40,1.00,13.68,18.60,21.38,54.03,3.00,2.00,18.00,54.00,876.20,0.00,-2.90,1.77,27.50,835.60,-9999.00,-9999.00,-9999.00,-9999.00,-9999.00,-9999.00,-9999.00,1,0,1
2023-09-05T15:00:20,40.762871,-111.910881,1303.80,0.00,146.40,1.00,13.68,18.61,21.40,54.09,3.00,2.00,18.00,54.00,876.40,0.00,1.00,1.77,27.60,835.50,-9999.00,-9999.00,-9999.00,-9999.00,-9999.00,-9999.00,-9999.00,1,0,1
2023-09-05T15:00:25,40.762871,-111.910881,1303.80,0.00,146.40,1.00,13.67,18.62,21.40,54.06,3.00,2.00,18.00,54.00,876.30,0.00,-0.80,1.77,27.60,835.40,-9999.00,-9999.00,-9999.00,-9999.00,-9999.00,-9999.00,-9999.00,1,0,1
2023-09-05T15:00:30,40.762867,-111.910881,1303.70,0.00,146.40,1.00,13.68,18.63,21.40,54.26,2.00,2.00,18.00,54.00,876.30,0.00,0.80,1.77,27.60,835.50,-9999.00,-9999.00,-9999.00,-9999.00,-9999.00,-9999.00,-9999.00,1,0,1
2023-09-05T15:00:35,40.762871,-111.910881,1303.70,0.00,146.40,1.00,13.67,18.65,21.40,54.51,3.00,2.00,18.11,54.00,876.30,0.00,-4.80,1.76,27.60,835.60,-9999.00,-9999.00,-9999.00,-9999.00,-9999.00,-9999.00,-9999.00,1,0,1
2023-09-05T15:00:40,40.762875,-111.910889,1303.70,0.00,146.40,1.00,13.68,18.66,21.40,54.48,3.00,2.00,18.11,54.00,876.10,0.00,-1.20,1.76,27.60,835.50,-9999.00,-9999.00,-9999.00,-9999.00,-9999.00,-9999.00,-9999.00,1,0,1
2023-09-05T15:00:45,40.762875,-111.910904,1303.70,0.00,146.40,1.00,13.68,18.67,21.40,54.48,3.00,2.00,18.11,54.00,876.10,0.00,0.20,1.77,27.70,835.50,-9999.00,-9999.00,-9999.00,-9999.00,-9999.00,-9999.00,-9999.00,1,0,1
2023-09-05T15:00:50,40.762875,-111.910912,1303.70,0.00,146.40,1.00,13.68,18.68,21.40,54.55,2.00,2.00,18.11,54.00,876.10,0.00,-0.70,1.78,27.70,835.50,-9999.00,-9999.00,-9999.00,-9999.00,-9999.00,-9999.00,-9999.00,1,0,1
2023-09-05T15:00:55,40.762875,-111.910919,1303.70,0.00,146.40,1.00,13.68,18.69,21.40,54.59,2.00,2.00,18.11,53.00,876.20,0.00,1.40,1.77,27.70,835.60,-9999.00,-9999.00,-9999.00,-9999.00,-9999.00,-9999.00,-9999.00,1,0,1
2023-09-05T15:01:00,40.762875,-111.910919,1303.70,0.00,146.40,1.00,13.68,18.70,21.42,54.66,2.00,2.00,18.11,53.00,876.20,0.00,2.60,1.77,27.70,835.50,-9999.00,-9999.00,-9999.00,-9999.00,-9999.00,-9999.00,-9999.00,1,0,1
2023-09-05T15:01:05,40.762878,-111.910919,1303.80,0.00,146.40,1.00,13.68,18.71,21.42,54.70,2.00,2.00,18.11,53.00,876.20,0.00,0.90,1.77,27.70,835.40,-9999.00,-9999.00,-9999.00,-9999.00,-9999.00,-9999.00,-9999.00,1,0,1
2023-09-05T15:01:10,40.762875,-111.910919,1303.70,0.00,146.40,1.00,13.68,18.72,21.42,54.72,2.00,2.00,18.22,53.00,876.20,0.00,1.30,1.78,27.80,835.50,-9999.00,-9999.00,-9999.00,-9999.00,-9999.00,-9999.00,-9999.00,1,0,1
2023-09-05T15:01:15,40.762875,-111.910912,1303.70,0.00,146.40,1.00,13.68,18.73,21.42,54.70,3.00,2.00,18.22,53.00,876.20,0.00,1.10,1.76,27.80,835.60,-9999.00,-9999.00,-9999.00,-9999.00,-9999.00,-9999.00,-9999.00,1,0,1
2023-09-05T15:01:20,40.762878,-111.910912,1303.70,0.00,146.40,1.00,13.67,18.74,21.42,54.66,2.00,2.00,18.22,53.00,876.40,0.00,0.50,1.76,27.80,835.50,-9999.00,-9999.00,-9999.00,-9999.00,-9999.00,-9999.00,-9999.00,1,0,1
2023-09-05T15:01:25,40.762878,-111.910912,1303.70,0.00,146.40,1.00,13.68,18.75,21.44,54.64,3.00,2.00,18.22,53.00,876.40,0.00,-0.40,1.77,27.80,835.40,-9999.00,-9999.00,-9999.00,-9999.00,-9999.00,-9999.00,-9999.00,1,0,1
2023-09-05T15:01:30,40.762878,-111.910904,1303.70,0.00,146.40,1.00,13.68,18.76,21.44,54.62,2.00,2.00,18.22,53.00,876.30,0.00,-0.60,1.77,27.90,835.60,-9999.00,-9999.00,-9999.00,-9999.00,-9999.00,-9999.00,-9999.00,1,0,1
2023-09-05T15:01:35,40.762878,-111.910896,1303.70,0.00,146.40,1.00,13.67,18.77,21.47,54.61,3.00,2.00,18.22,53.00,876.40,0.00,-0.40,1.77,27.90,835.60,-9999.00,-9999.00,-9999.00,-9999.00,-9999.00,-9999.00,-9999.00,1,0,1
2023-09-05T15:01:40,40.762867,-111.910889,1303.70,0.00,146.40,1.00,13.68,18.78,21.46,54.60,3.00,2.00,18.22,53.00,876.40,0.00,3.10,1.77,27.90,835.50,-9999.00,-9999.00,-9999.00,-9999.00,-9999.00,-9999.00,-9999.00,1,0,1
2023-09-05T15:01:45,40.762856,-111.910889,1303.70,0.00,146.40,1.00,13.67,18.79,21.44,54.56,3.00,2.00,18.28,53.00,876.40,0.00,-0.70,1.76,27.90,835.40,-9999.00,-9999.00,-9999.00,-9999.00,-9999.00,-9999.00,-9999.00,1,0,1
2023-09-05T15:01:50,40.762852,-111.910896,1303.70,0.00,146.40,1.00,13.68,18.80,21.44,54.56,4.00,2.00,18.28,53.00,876.40,0.00,2.50,1.77,27.90,835.60,-9999.00,-9999.00,-9999.00,-9999.00,-9999.00,-9999.00,-9999.00,1,0,1
2023-09-05T15:01:55,40.762856,-111.910896,1303.70,0.00,146.40,1.00,13.68,18.81,21.46,54.46,3.00,2.00,18.28,53.00,876.40,0.00,-2.90,1.78,28.00,835.50,-9999.00,-9999.00,-9999.00,-9999.00,-9999.00,-9999.00,-9999.00,1,0,1
2023-09-05T15:02:00,40.762856,-111.910904,1303.60,0.00,146.40,1.00,13.68,18.83,21.46,54.36,3.00,2.00,18.28,53.00,876.20,0.00,0.80,1.76,28.00,835.40,-9999.00,-9999.00,-9999.00,-9999.00,-9999.00,-9999.00,-9999.00,1,0,1
2023-09-05T15:02:05,40.762852,-111.910889,1303.60,0.00,146.40,1.00,13.68,18.84,21.46,54.06,3.00,2.00,18.28,52.00,876.40,0.00,3.60,1.78,28.00,835.60,-9999.00,-9999.00,-9999.00,-9999.00,-9999.00,-9999.00,-9999.00,1,0,1
2023-09-05T15:02:10,40.762859,-111.910881,1303.60,0.00,146.40,1.00,13.67,18.85,21.46,54.01,3.00,2.00,18.28,52.00,876.20,0.00,0.20,1.76,28.00,835.50,-9999.00,-9999.00,-9999.00,-9999.00,-9999.00,-9999.00,-9999.00,1,0,1
2023-09-05T15:02:15,40.762863,-111.910873,1303.60,0.00,146.40,1.00,13.67,18.86,21.46,53.99,3.00,2.00,18.28,52.00,876.40,0.00,-4.10,1.77,28.00,835.60,-9999.00,-9999.00,-9999.00,-9999.00,-9999.00,-9999.00,-9999.00,1,0,1
2023-09-05T15:02:20,40.762863,-111.910851,1303.50,0.00,146.40,1.00,13.68,18.87,21.48,53.99,3.00,2.00,18.28,52.00,876.10,0.00,1.40,1.77,28.10,835.50,-9999.00,-9999.00,-9999.00,-9999.00,-9999.00,-9999.00,-9999.00,1,0,1
2023-09-05T15:02:25,40.762856,-111.910828,1303.40,0.00,146.40,1.00,13.67,18.88,21.48,53.95,3.00,2.00,18.39,52.00,876.10,0.00,0.40,1.78,28.10,835.40,-9999.00,-9999.00,-9999.00,-9999.00,-9999.00,-9999.00,-9999.00,1,0,1
2023-09-05T15:02:30,40.762852,-111.910820,1303.40,0.00,146.40,1.00,13.68,18.89,21.48,53.97,3.00,2.00,18.39,52.00,876.10,0.00,-1.70,1.76,28.10,835.60,-9999.00,-9999.00,-9999.00,-9999.00,-9999.00,-9999.00,-9999.00,1,0,1
2023-09-05T15:02:35,40.762852,-111.910812,1303.40,0.00,146.40,1.00,13.67,18.90,21.48,53.99,2.00,2.00,18.39,52.00,876.10,0.00,-0.60,1.77,28.10,835.60,-9999.00,-9999.00,-9999.00,-9999.00,-9999.00,-9999.00,-9999.00,1,0,1
2023-09-05T15:02:40,40.762848,-111.910812,1303.40,0.00,146.40,1.00,13.68,18.91,21.48,53.99,3.00,2.00,18.39,52.00,876.10,0.00,0.00,1.78,28.10,835.50,-9999.00,-9999.00,-9999.00,-9999.00,-9999.00,-9999.00,-9999.00,1,0,1
2023-09-05T15:02:45,40.762848,-111.910820,1303.40,0.00,146.40,1.00,13.67,18.92,21.50,53.69,2.00,2.00,18.39,52.00,876.20,0.00,1.50,1.77,28.10,835.50,-9999.00,-9999.00,-9999.00,-9999.00,-9999.00,-9999.00,-9999.00,1,0,1
2023-09-05T15:02:50,40.762848,-111.910820,1303.40,0.00,146.40,1.00,13.67,18.93,21.50,53.14,3.00,2.00,18.39,52.00,876.40,0.00,-0.80,1.77,28.20,835.60,-9999.00,-9999.00,-9999.00,-9999.00,-9999.00,-9999.00,-9999.00,1,0,1
2023-09-05T15:02:55,40.762852,-111.910820,1303.40,0.00,146.40,1.00,13.67,18.94,21.50,52.99,3.00,2.00,18.39,52.00,876.30,0.00,2.40,1.77,28.20,835.60,-9999.00,-9999.00,-9999.00,-9999.00,-9999.00,-9999.00,-9999.00,1,0,1
2023-09-05T15:03:00,40.762852,-111.910820,1303.40,0.00,146.40,1.00,13.68,18.95,21.50,53.01,3.00,2.00,18.50,52.00,876.30,0.00,-3.40,1.77,28.20,835.60,-9999.00,-9999.00,-9999.00,-9999.00,-9999.00,-9999.00,-9999.00,1,0,1
2023-09-05T15:03:05,40.762852,-111.910812,1303.40,0.00,146.40,1.00,13.68,18.96,21.50,53.05,3.00,2.00,18.50,52.00,876.30,0.00,2.40,1.77,28.20,835.50,-9999.00,-9999.00,-9999.00,-9999.00,-9999.00,-9999.00,-9999.00,1,0,1
2023-09-05T15:03:10,40.762856,-111.910812,1303.40,0.00,146.40,1.00,13.68,18.97,21.50,53.14,3.00,2.00,18.50,51.00,876.40,0.00,0.00,1.76,28.20,835.60,-9999.00,-9999.00,-9999.00,-9999.00,-9999.00,-9999.00,-9999.00,1,0,1
2023-09-05T15:03:15,40.762859,-111.910805,1303.40,0.00,146.40,1.00,13.68,18.98,21.50,53.33,3.00,2.00,18.50,51.00,876.40,0.00,-0.50,1.77,28.30,835.60,-9999.00,-9999.00,-9999.00,-9999.00,-9999.00,-9999.00,-9999.00,1,0,1
2023-09-05T15:03:20,40.762863,-111.910805,1303.40,0.00,146.40,1.00,13.68,18.99,21.52,53.37,3.00,2.00,18.50,51.00,876.40,0.00,-2.30,1.77,28.30,835.50,-9999.00,-9999.00,-9999.00,-9999.00,-9999.00,-9999.00,-9999.00,1,0,1
2023-09-05T15:03:25,40.762863,-111.910805,1303.40,0.00,146.40,1.00,13.67,19.00,21.52,53.51,2.00,2.00,18.50,51.00,876.40,0.00,1.80,1.78,28.30,835.60,-9999.00,-9999.00,-9999.00,-9999.00,-9999.00,-9999.00,-9999.00,1,0,1
2023-09-05T15:03:30,40.762867,-111.910805,1303.40,0.00,146.40,1.00,13.68,19.01,21.52,53.63,3.00,2.00,18.50,51.00,876.30,0.00,-0.90,1.77,28.30,835.60,-9999.00,-9999.00,-9999.00,-9999.00,-9999.00,-9999.00,-9999.00,1,0,1
2023-09-05T15:03:35,40.762867,-111.910812,1303.40,0.00,146.40,1.00,13.68,19.02,21.52,53.78,3.00,2.00,18.50,51.00,876.30,0.00,1.90,1.78,28.40,835.60,-9999.00,-9999.00,-9999.00,-9999.00,-9999.00,-9999.00,-9999.00,1,0,1
2023-09-05T15:03:40,40.762867,-111.910820,1303.50,0.00,146.40,1.00,13.68,19.03,21.52,53.86,3.00,2.00,18.50,51.00,876.20,0.00,-1.10,1.78,28.40,835.50,-9999.00,-9999.00,-9999.00,-9999.00,-9999.00,-9999.00,-9999.00,1,0,1
2023-09-05T15:03:45,40.762878,-111.910820,1303.50,0.00,146.40,1.00,13.68,19.04,21.52,53.97,2.00,2.00,18.50,51.00,876.40,0.00,1.10,1.77,28.40,835.60,-9999.00,-9999.00,-9999.00,-9999.00,-9999.00,-9999.00,-9999.00,1,0,1
2023-09-05T15:03:50,40.762886,-111.910820,1303.50,0.00,146.40,1.00,13.67,19.05,21.52,53.99,3.00,2.00,18.61,51.00,876.40,0.00,0.40,1.78,28.40,835.60,-9999.00,-9999.00,-9999.00,-9999.00,-9999.00,-9999.00,-9999.00,1,0,1
2023-09-05T15:03:55,40.762894,-111.910820,1303.50,0.00,146.40,1.00,13.68,19.07,21.58,54.00,3.00,2.00,18.61,51.00,876.40,0.00,0.30,1.76,28.40,835.60,-9999.00,-9999.00,-9999.00,-9999.00,-9999.00,-9999.00,-9999.00,1,0,1
2023-09-05T15:04:00,40.762897,-111.910828,1303.50,0.00,146.40,1.00,13.68,19.08,21.56,54.03,3.00,2.00,18.61,51.00,876.30,0.00,1.60,1.77,28.40,835.50,-9999.00,-9999.00,-9999.00,-9999.00,-9999.00,-9999.00,-9999.00,1,0,1
2023-09-05T15:04:05,40.762894,-111.910828,1303.50,0.00,146.40,1.00,13.67,19.09,21.52,53.99,3.00,2.00,18.61,51.00,876.40,0.00,3.80,1.77,28.50,835.60,-9999.00,-9999.00,-9999.00,-9999.00,-9999.00,-9999.00,-9999.00,1,0,1
2023-09-05T15:04:10,40.762886,-111.910828,1303.50,0.00,146.40,1.00,13.68,19.10,21.54,53.99,3.00,2.00,18.61,51.00,876.40,0.00,0.90,1.77,28.50,835.60,-9999.00,-9999.00,-9999.00,-9999.00,-9999.00,-9999.00,-9999.00,1,0,1
2023-09-05T15:04:15,40.762875,-111.910820,1303.60,0.00,146.40,1.00,13.68,19.11,21.55,53.98,3.00,2.00,18.61,51.00,876.30,0.00,-1.60,1.76,28.50,835.60,-9999.00,-9999.00,-9999.00,-9999.00,-9999.00,-9999.00,-9999.00,1,0,1
2023-09-05T15:04:20,40.762856,-111.910820,1303.50,0.00,146.40,1.00,13.68,19.12,21.54,53.95,3.00,2.00,18.61,50.00,876.40,0.00,-0.00,1.78,28.50,835.60,-9999.00,-9999.00,-9999.00,-9999.00,-9999.00,-9999.00,-9999.00,1,0,1
2023-09-05T15:04:25,40.762856,-111.910820,1303.50,0.00,146.40,1.00,13.68,19.13,21.54,54.03,2.00,2.00,18.72,50.00,876.30,0.00,-3.70,1.77,28.50,835.50,-9999.00,-9999.00,-9999.00,-9999.00,-9999.00,-9999.00,-9999.00,1,0,1
2023-09-05T15:04:30,40.762852,-111.910812,1303.50,0.00,146.40,1.00,13.67,19.14,21.54,54.05,2.00,2.00,18.72,50.00,876.40,0.00,-1.00,1.76,28.60,835.60,-9999.00,-9999.00,-9999.00,-9999.00,-9999.00,-9999.00,-9999.00,1,0,1
2023-09-05T15:04:35,40.762848,-111.910812,1303.50,0.00,146.40,1.00,13.68,19.15,21.54,54.05,3.00,2.00,18.72,50.00,876.30,0.00,0.30,1.77,28.60,835.60,-9999.00,-9999.00,-9999.00,-9999.00,-9999.00,-9999.00,-9999.00,1,0,1
2023-09-05T15:04:40,40.762844,-111.910820,1303.50,0.00,146.40,1.00,13.68,19.16,21.54,54.05,3.00,2.00,18.72,50.00,876.40,0.00,2.40,1.76,28.60,835.60,-9999.00,-9999.00,-9999.00,-9999.00,-9999.00,-9999.00,-9999.00,1,0,1
2023-09-05T15:04:45,40.762840,-111.910835,1303.50,0.00,146.40,1.00,13.68,19.17,21.54,54.09,4.00,2.00,18.72,50.00,876.30,0.00,-1.20,1.78,28.60,835.50,-9999.00,-9999.00,-9999.00,-9999.00,-9999.00,-9999.00,-9999.00,1,0,1
2023-09-05T15:04:50,40.762833,-111.910843,1303.50,0.00,146.40,1.00,13.67,19.18,21.54,54.09,3.00,2.00,18.72,50.00,876.30,0.00,0.80,1.77,28.70,835.60,-9999.00,-9999.00,-9999.00,-9999.00,-9999.00,-9999.00,-9999.00,1,0,1
2023-09-05T15:04:55,40.762821,-111.910858,1303.40,0.00,146.40,1.00,13.67,19.19,21.56,54.09,3.00,2.00,18.72,50.00,876.20,0.00,1.70,1.78,28.70,835.70,-9999.00,-9999.00,-9999.00,-9999.00,-9999.00,-9999.00,-9999.00,1,0,1
2023-09-05T15:05:00,40.762794,-111.910912,1303.10,0.00,146.40,1.00,13.68,19.20,21.56,54.11,3.00,2.00,18.78,50.00,876.20,0.00,-4.50,1.77,28.70,835.60,-9999.00,-9999.00,-9999.00,-9999.00,-9999.00,-9999.00,-9999.00,0,0,1
2023-09-05T15:05:05,40.762787,-111.910965,1303.20,0.00,146.40,1.00,13.67,19.21,21.56,54.11,2.00,2.00,18.78,50.00,876.10,0.00,0.50,1.78,28.70,835.50,-9999.00,-9999.00,-9999.00,-9999.00,-9999.00,-9999.00,-9999.00,0,0,1
2023-09-05T15:05:10,40.762779,-111.910995,1303.10,0.00,146.40,1.00,13.67,19.22,21.56,54.15,2.00,2.00,18.78,50.00,876.10,0.00,-1.60,1.77,28.70,835.60,-9999.00,-9999.00,-9999.00,-9999.00,-9999.00,-9999.00,-9999.00,0,0,1
2023-09-05T15:05:15,40.762779,-111.910995,1303.20,0.00,146.40,1.00,13.68,19.23,21.56,54.17,2.00,2.00,18.78,50.00,876.30,0.00,0.00,1.76,28.70,835.60,-9999.00,-9999.00,-9999.00,-9999.00,-9999.00,-9999.00,-9999.00,0,0,1
2023-09-05T15:05:20,40.762772,-111.910995,1303.20,0.00,146.40,1.00,13.68,19.24,21.56,54.27,2.00,2.00,18.78,50.00,876.30,0.00,-4.40,1.78,28.80,835.60,-9999.00,-9999.00,-9999.00,-9999.00,-9999.00,-9999.00,-9999.00,0,0,1
2023-09-05T15:05:25,40.762768,-111.910988,1303.20,0.00,146.40,1.00,13.67,19.25,21.56,54.27,3.00,2.00,18.78,50.00,876.30,0.00,-1.00,1.78,28.80,835.60,-9999.00,-9999.00,-9999.00,-9999.00,-9999.00,-9999.00,-9999.00,0,0,1
2023-09-05T15:05:30,40.762764,-111.910980,1303.20,0.00,146.40,1.00,13.68,19.26,21.56,54.28,3.00,2.00,18.78,50.00,876.40,0.00,0.10,1.78,28.80,835.60,-9999.00,-9999.00,-9999.00,-9999.00,-9999.00,-9999.00,-9999.00,0,0,1
2023-09-05T15:05:35,40.762760,-111.910980,1303.20,0.00,146.40,1.00,13.68,19.27,21.57,54.30,4.00,2.00,18.78,50.00,876.30,0.00,-2.70,1.76,28.80,835.60,-9999.00,-9999.00,-9999.00,-9999.00,-9999.00,-9999.00,-9999.00,0,0,1
2023-09-05T15:05:40,40.762764,-111.910980,1303.30,0.00,146.40,1.00,13.67,19.28,21.59,54.24,3.00,2.00,18.89,50.00,876.30,0.00,-3.30,1.77,28.80,835.50,-9999.00,-9999.00,-9999.00,-9999.00,-9999.00,-9999.00,-9999.00,0,0,1
2023-09-05T15:05:45,40.762772,-111.910973,1303.30,0.00,146.40,1.00,13.68,19.29,21.58,54.04,3.00,2.00,18.89,49.00,876.40,0.00,-2.30,1.77,28.80,835.60,-9999.00,-9999.00,-9999.00,-9999.00,-9999.00,-9999.00,-9999.00,0,0,1
2023-09-05T15:05:50,40.762779,-111.910965,1303.40,0.00,146.40,1.00,13.67,19.30,21.58,53.96,3.00,2.00,18.89,49.00,876.40,0.00,5.10,1.78,28.90,835.60,-9999.00,-9999.00,-9999.00,-9999.00,-9999.00,-9999.00,-9999.00,0,0,1
2023-09-05T15:05:55,40.762787,-111.910950,1303.40,0.00,146.40,1.00,13.68,19.31,21.58,53.94,3.00,2.00,18.89,49.00,876.40,0.00,0.50,1.78,28.90,835.60,-9999.00,-9999.00,-9999.00,-9999.00,-9999.00,-9999.00,-9999.00,0,0,1
2023-09-05T15:06:00,40.762794,-111.910950,1303.40,0.00,146.40,1.00,13.68,19.32,21.58,53.91,3.00,2.00,18.89,49.00,876.20,0.00,-1.00,1.78,28.90,835.50,-9999.00,-9999.00,-9999.00,-9999.00,-9999.00,-9999.00,-9999.00,0,0,1
2023-09-05T15:06:05,40.762794,-111.910942,1303.40,0.00,146.40,1.00,13.68,19.33,21.58,53.91,2.00,2.00,18.89,49.00,876.10,0.00,2.30,1.78,28.90,835.50,-9999.00,-9999.00,-9999.00,-9999.00,-9999.00,-9999.00,-9999.00,0,0,1
2023-09-05T15:06:10,40.762794,-111.910934,1303.40,0.00,146.40,1.00,13.68,19.34,21.58,53.85,2.00,2.00,18.89,49.00,876.40,0.00,0.80,1.77,29.00,835.60,-9999.00,-9999.00,-9999.00,-9999.00,-9999.00,-9999.00,-9999.00,0,0,1
2023-09-05T15:06:15,40.762798,-111.910927,1303.40,0.00,146.40,1.00,13.67,19.35,21.58,53.71,3.00,2.00,18.89,49.00,876.40,0.00,4.00,1.77,29.00,835.60,-9999.00,-9999.00,-9999.00,-9999.00,-9999.00,-9999.00,-9999.00,0,0,1
2023-09-05T15:06:20,40.762772,-111.910919,1303.10,0.00,146.40,1.00,13.67,19.36,21.61,53.71,3.00,2.00,19.00,49.00,876.40,0.00,-2.50,1.78,29.00,835.60,-9999.00,-9999.00,-9999.00,-9999.00,-9999.00,-9999.00,-9999.00,0,0,1
2023-09-05T15:06:25,40.762756,-111.910889,1302.20,0.00,146.40,1.00,13.68,19.37,21.58,53.63,3.00,2.00,19.00,49.00,876.20,0.00,0.10,1.78,29.00,835.60,-9999.00,-9999.00,-9999.00,-9999.00,-9999.00,-9999.00,-9999.00,0,0,1
2023-09-05T15:06:30,40.762749,-111.910889,1302.20,0.00,146.40,1.00,13.68,19.38,21.58,53.57,2.00,2.00,19.00,49.00,876.10,0.00,1.00,1.77,29.00,835.60,-9999.00,-9999.00,-9999.00,-9999.00,-9999.00,-9999.00,-9999.00,0,0,1
2023-09-05T15:06:35,40.762745,-111.910881,1302.20,0.00,146.40,1.00,13.68,19.39,21.59,53.56,2.00,2.00,19.00,49.00,876.30,0.00,-1.10,1.77,29.00,835.60,-9999.00,-9999.00,-9999.00,-9999.00,-9999.00,-9999.00,-9999.00,0,0,1
2023-09-05T15:06:40,40.762745,-111.910881,1302.20,0.00,146.40,1.00,13.68,19.40,21.58,53.55,2.00,2.00,19.00,49.00,876.20,0.00,-1.10,1.77,29.10,835.50,-9999.00,-9999.00,-9999.00,-9999.00,-9999.00,-9999.00,-9999.00,0,0,1
2023-09-05T15:06:45,40.762749,-111.910873,1302.20,0.00,146.40,1.00,13.68,19.41,21.60,53.63,2.00,2.00,19.00,49.00,876.10,0.00,-1.00,1.78,29.10,835.50,-9999.00,-9999.00,-9999.00,-9999.00,-9999.00,-9999.00,-9999.00,0,0,1
2023-09-05T15:06:50,40.762753,-111.910858,1302.20,0.00,146.40,1.00,13.68,19.42,21.60,53.69,2.00,2.00,19.00,49.00,876.40,0.00,3.30,1.77,29.10,835.70,-9999.00,-9999.00,-9999.00,-9999.00,-9999.00,-9999.00,-9999.00,0,0,1
2023-09-05T15:06:55,40.762760,-111.910851,1302.30,0.00,146.40,1.00,13.68,19.43,21.60,53.67,3.00,2.00,19.00,49.00,876.20,0.00,0.60,1.78,29.10,835.60,-9999.00,-9999.00,-9999.00,-9999.00,-9999.00,-9999.00,-9999.00,0,0,1
2023-09-05T15:07:00,40.762772,-111.910843,1302.30,0.00,146.40,1.00,13.68,19.44,21.60,53.65,2.00,2.00,19.00,48.00,876.30,0.00,0.60,1.77,29.10,835.60,-9999.00,-9999.00,-9999.00,-9999.00,-9999.00,-9999.00,-9999.00,0,0,1
2023-09-05T15:07:05,40.762806,-111.910820,1302.60,0.00,146.40,1.00,13.68,19.45,21.60,53.67,3.00,2.00,19.11,48.00,876.30,0.00,1.00,1.76,29.10,835.60,-9999.00,-9999.00,-9999.00,-9999.00,-9999.00,-9999.00,-9999.00,0,0,1
2023-09-05T15:07:10,40.762833,-111.910774,1303.10,0.00,146.40,1.00,13.68,19.46,21.60,53.73,3.00,2.00,19.11,48.00,876.20,0.00,0.10,1.78,29.20,835.70,-9999.00,-9999.00,-9999.00,-9999.00,-9999.00,-9999.00,-9999.00,0,0,1
2023-09-05T15:07:15,40.762840,-111.910736,1303.30,0.00,146.40,1.00,13.68,19.47,21.60,53.77,3.00,2.00,19.11,48.00,876.10,0.00,1.50,1.77,29.20,835.60,-9999.00,-9999.00,-9999.00,-9999.00,-9999.00,-9999.00,-9999.00,0,0,1
2023-09-05T15:07:20,40.762836,-111.910713,1303.30,0.00,146.40,1.00,13.68,19.48,21.61,53.84,3.00,2.00,19.11,48.00,876.30,0.00,-3.10,1.77,29.20,835.50,-9999.00,-9999.00,-9999.00,-9999.00,-9999.00,-9999.00,-9999.00,0,0,1
2023-09-05T15:07:25,40.762836,-111.910713,1303.30,0.00,146.40,1.00,13.68,19.49,21.60,53.85,3.00,2.00,19.11,48.00,876.40,0.00,1.50,1.78,29.20,835.60,-9999.00,-9999.00,-9999.00,-9999.00,-9999.00,-9999.00,-9999.00,0,0,1
2023-09-05T15:07:30,40.762836,-111.910706,1303.30,0.00,146.40,1.00,13.68,19.50,21.60,53.85,4.00,2.00,19.11,48.00,876.20,0.00,2.90,1.78,29.30,835.70,-9999.00,-9999.00,-9999.00,-9999.00,-9999.00,-9999.00,-9999.00,0,0,1
2023-09-05T15:07:35,40.762836,-111.910698,1303.30,0.00,146.40,1.00,13.68,19.51,21.61,53.86,3.00,2.00,19.11,48.00,876.20,0.00,0.80,1.79,29.30,835.70,-9999.00,-9999.00,-9999.00,-9999.00,-9999.00,-9999.00,-9999.00,0,0,1
