Timestamp,Latitude,Longitude,Elevation,GPS_Speed,GPS_Direction,GPS_RMC_Valid,Battery_Voltage,Bus_Box_Temperature,Bus_Top_Temperature,Bus_Top_Relative_Humidity,ES642_PM2.5_Concentration,ES642_Air_Flow_Rate,ES642_Internal_Air_Temperature,ES642_Internal_Relative_Humidity,ES642_Internal_Air_Pressure,ES642_Error_Code,2B_Ozone_Concentration,2B_Air_Flow_Rate,2B_Internal_Air_Temperature,2B_Internal_Air_Pressure,2B405_NO_Concentration,2B405_NO2_Concentration,2B405_NOX_Concentration,2B405_Internal_Air_Temperature,2B405_Internal_Air_Pressure,2B405_Air_Flow_Rate,2B405_Cell_O3_Flow_Rate,PM2.5_Data_Flagged,Ozone_Data_Flagged,GPS_Data_Flagged
UTC,ddeg,ddeg,m,m/s,deg,binary,volts,degC,degC,%,ug/m3,L/min,degC,%,hpa,code,ppbv,L/min,degC,hpa,ppbv,ppbv,ppbv,degC,hpa,L/min,mL/min,binary,binary,binary
2022-03-01T00:00:00,40.765373,-111.909119,1301.70,-9999.00,-9999.00,-9999.00,13.53,28.54,21.39,13.92,14.00,2.00,26.61,10.00,883.40,0.00,-0.50,2.20,41.80,826.30,57.20,39.80,97.00,32.70,801.60,1.96,114.50,0,0,1
2022-03-01T00:00:05,40.765388,-111.909111,1301.60,-9999.00,-9999.00,-9999.00,13.53,28.54,21.39,13.92,14.00,2.00,26.61,10.00,883.30,0.00,1.10,2.20,41.80,826.70,56.80,39.70,96.50,32.70,801.50,2.03,114.10,0,0,1
2022-03-01T00:00:10,40.765388,-111.909103,1301.50,-9999.00,-9999.00,-9999.00,13.53,28.54,21.39,13.92,14.00,2.00,26.61,10.00,883.30,0.00,-1.70,2.21,41.80,826.70,57.00,38.50,95.50,32.70,801.60,1.96,113.40,0,0,1
2022-03-01T00:00:15,40.765392,-111.909103,1301.40,-9999.00,-9999.00,-9999.00,13.53,28.54,21.40,13.92,14.00,2.00,26.61,10.00,883.20,0.00,-0.30,2.19,41.80,826.30,56.10,37.30,93.40,32.70,801.60,1.96,114.60,0,0,1
2022-03-01T00:00:20,40.765396,-111.909111,1301.40,-9999.00,-9999.00,-9999.00,13.53,28.54,21.39,13.92,14.00,2.00,26.61,10.00,883.50,0.00,-1.60,2.21,41.80,826.30,54.50,37.20,91.70,32.70,801.60,2.03,114.10,0,0,1
2022-03-01T00:00:25,40.765392,-111.909111,1301.40,-9999.00,-9999.00,-9999.00,13.53,28.54,21.39,13.92,14.00,2.00,26.61,10.00,883.30,0.00,-2.00,2.19,41.80,826.70,54.70,38.20,92.90,32.70,801.50,1.96,113.40,0,0,1
2022-03-01T00:00:30,40.765385,-111.909111,1301.40,-9999.00,-9999.00,-9999.00,13.53,28.54,21.39,13.92,12.00,2.00,26.61,10.00,883.50,0.00,-0.50,2.19,41.80,826.70,56.70,35.30,92.00,32.70,801.60,1.96,114.90,0,0,1
2022-03-01T00:00:35,40.765369,-111.909111,1301.40,-9999.00,-9999.00,-9999.00,13.53,28.54,21.44,13.90,13.00,2.00,26.61,10.00,883.30,0.00,0.40,2.21,41.80,826.30,59.70,35.30,95.00,32.70,801.60,2.03,114.20,0,0,1
2022-03-01T00:00:40,40.765362,-111.909111,1301.40,-9999.00,-9999.00,-9999.00,13.53,28.54,21.44,13.95,13.00,2.00,26.61,9.00,883.40,0.00,-0.40,2.18,41.80,826.30,59.80,31.00,90.80,32.70,801.60,1.96,113.30,0,0,1
2022-03-01T00:00:45,40.765354,-111.909119,1301.40,-9999.00,-9999.00,-9999.00,13.53,28.54,21.40,13.86,13.00,2.00,26.61,10.00,883.30,0.00,0.50,2.19,41.80,826.70,54.50,37.00,91.50,32.70,801.60,1.96,114.70,0,0,1
2022-03-01T00:00:50,40.765350,-111.909119,1301.40,-9999.00,-9999.00,-9999.00,13.53,28.54,21.40,13.86,15.00,2.00,26.61,10.00,883.30,0.00,-2.00,2.19,41.80,826.70,45.40,36.90,82.30,32.70,801.60,2.03,114.10,0,0,1
2022-03-01T00:00:55,40.765347,-111.909111,1301.50,-9999.00,-9999.00,-9999.00,13.53,28.54,21.39,13.86,14.00,2.00,26.61,10.00,883.40,0.00,-1.10,2.19,41.80,826.30,45.60,44.10,89.70,32.70,801.50,1.96,113.50,0,0,1
2022-03-01T00:01:00,40.765339,-111.909119,1301.50,-9999.00,-9999.00,-9999.00,13.53,28.54,21.40,13.86,15.00,2.00,26.61,10.00,883.40,0.00,0.70,2.19,41.80,826.30,46.90,48.30,95.20,32.70,801.60,1.96,114.70,0,0,1
2022-03-01T00:01:05,40.765331,-111.909119,1301.50,-9999.00,-9999.00,-9999.00,13.53,28.54,21.39,13.86,16.00,2.00,26.61,10.00,883.40,0.00,-1.60,2.18,41.80,826.70,45.60,48.20,93.80,32.70,801.50,2.03,114.00,0,0,1
2022-03-01T00:01:10,40.765331,-111.909119,1301.40,-9999.00,-9999.00,-9999.00,13.53,28.54,21.39,13.84,18.00,2.00,26.61,10.00,883.40,0.00,0.30,2.19,41.80,826.70,45.70,45.70,91.40,32.70,801.60,1.96,113.60,0,0,1
2022-03-01T00:01:15,40.765331,-111.909119,1301.50,-9999.00,-9999.00,-9999.00,13.53,28.54,21.39,13.82,16.00,2.00,26.61,10.00,883.40,0.00,1.20,2.17,41.80,826.30,45.70,32.00,77.70,32.70,801.50,1.96,114.90,0,0,1
2022-03-01T00:01:20,40.765327,-111.909126,1301.50,-9999.00,-9999.00,-9999.00,13.53,28.54,21.40,13.84,17.00,2.00,26.61,10.00,883.30,0.00,-1.80,2.19,41.80,826.30,52.70,32.00,84.70,32.70,801.60,2.03,114.00,0,0,1
2022-03-01T00:01:25,40.765324,-111.909126,1301.50,-9999.00,-9999.00,-9999.00,13.53,28.54,21.40,13.84,18.00,2.00,26.61,9.00,883.40,0.00,-0.10,2.18,41.80,826.60,52.80,28.60,81.40,32.70,801.60,1.96,113.40,0,0,1
2022-03-01T00:01:30,40.765312,-111.909134,1301.50,-9999.00,-9999.00,-9999.00,13.53,28.54,21.39,13.86,19.00,2.00,26.61,10.00,883.30,0.00,0.30,2.19,41.80,826.60,55.50,33.40,88.90,32.70,801.50,1.96,114.70,0,0,1
2022-03-01T00:01:35,40.765301,-111.909134,1301.50,-9999.00,-9999.00,-9999.00,13.53,28.54,21.39,13.88,19.00,2.00,26.61,10.00,883.50,0.00,3.10,2.18,41.80,826.30,58.20,33.30,91.50,32.70,801.50,2.03,113.80,0,0,1
2022-03-01T00:01:40,40.765282,-111.909134,1301.60,-9999.00,-9999.00,-9999.00,13.53,28.54,21.39,13.90,21.00,2.00,26.61,10.00,883.20,0.00,0.60,2.19,41.80,826.40,58.40,34.70,93.10,32.70,801.50,1.96,113.40,0,0,1
2022-03-01T00:01:45,40.765266,-111.909134,1301.90,-9999.00,-9999.00,-9999.00,13.53,28.54,21.40,13.92,20.00,2.00,26.61,10.00,883.50,0.00,-3.40,2.19,41.80,826.70,59.40,37.70,97.10,32.70,801.40,1.96,114.80,0,0,1
2022-03-01T00:01:50,40.765255,-111.909126,1302.00,-9999.00,-9999.00,-9999.00,13.53,28.54,21.39,13.92,20.00,2.00,26.61,10.00,883.40,0.00,-1.70,2.19,41.80,826.70,56.30,37.60,93.90,32.70,801.50,2.03,113.90,0,0,1
2022-03-01T00:01:55,40.765251,-111.909134,1302.10,-9999.00,-9999.00,-9999.00,13.53,28.54,21.40,13.94,17.00,2.00,26.61,10.00,883.50,0.00,-1.30,2.19,41.80,826.30,56.50,38.90,95.40,32.70,801.50,1.96,113.40,0,0,1
2022-03-01T00:02:00,40.765247,-111.909142,1302.10,-9999.00,-9999.00,-9999.00,13.52,28.54,21.40,13.96,17.00,2.00,26.61,10.00,883.20,0.00,-1.50,2.19,41.80,826.30,56.10,34.20,90.30,32.70,801.50,1.96,114.80,0,0,1
2022-03-01T00:02:05,40.765244,-111.909149,1302.10,-9999.00,-9999.00,-9999.00,13.53,28.54,21.39,13.98,16.00,2.00,26.61,10.00,883.20,0.00,1.70,2.20,41.80,826.70,56.50,34.20,90.70,32.70,801.50,2.03,114.00,0,0,1
2022-03-01T00:02:10,40.765236,-111.909149,1302.10,-9999.00,-9999.00,-9999.00,13.52,28.54,21.40,13.96,14.00,2.00,26.61,10.00,883.50,0.00,-0.20,2.19,41.80,826.60,56.60,31.50,88.10,32.70,801.60,1.96,113.50,0,0,1
2022-03-01T00:02:15,40.765232,-111.909157,1302.10,-9999.00,-9999.00,-9999.00,13.53,28.54,21.39,13.96,16.00,2.00,26.61,9.00,883.50,0.00,0.40,2.20,41.80,826.30,55.00,30.10,85.10,32.70,801.60,1.96,114.60,0,0,1
2022-03-01T00:02:20,40.765228,-111.909157,1302.10,-9999.00,-9999.00,-9999.00,13.53,28.54,21.39,13.97,14.00,2.00,26.61,10.00,883.40,0.00,0.30,2.20,41.80,826.30,51.20,30.00,81.20,32.70,801.70,2.03,113.80,0,0,1
2022-03-01T00:02:25,40.765228,-111.909164,1302.10,-9999.00,-9999.00,-9999.00,13.53,28.54,21.39,13.98,13.00,2.00,26.61,9.00,883.30,0.00,-2.50,2.19,41.80,826.70,51.30,30.90,82.20,32.70,801.50,1.96,113.40,0,0,1
2022-03-01T00:02:30,40.765221,-111.909164,1302.10,-9999.00,-9999.00,-9999.00,13.53,28.54,21.39,13.99,12.00,2.00,26.61,10.00,883.30,0.00,-0.50,2.20,41.80,826.70,50.70,30.50,81.20,32.70,801.60,1.96,114.70,0,0,1
2022-03-01T00:02:35,40.765213,-111.909172,1302.10,-9999.00,-9999.00,-9999.00,13.53,28.54,21.40,14.00,11.00,2.00,26.61,10.00,883.30,0.00,-0.50,2.19,41.80,826.30,53.00,30.50,83.50,32.70,801.50,2.03,114.00,0,0,1
2022-03-01T00:02:40,40.765209,-111.909180,1302.10,-9999.00,-9999.00,-9999.00,13.53,28.54,21.44,14.01,12.00,2.00,26.61,10.00,883.20,0.00,0.60,2.20,41.80,826.30,53.10,29.20,82.30,32.70,801.60,1.96,113.30,0,0,1
2022-03-01T00:02:45,40.765202,-111.909187,1302.20,-9999.00,-9999.00,-9999.00,13.53,28.54,21.39,13.98,12.00,2.00,26.61,10.00,883.30,0.00,-1.00,2.20,41.80,826.60,53.90,30.10,84.00,32.70,801.50,1.96,114.80,0,0,1
2022-03-01T00:02:50,40.765202,-111.909187,1302.20,-9999.00,-9999.00,-9999.00,13.53,28.54,21.39,13.98,11.00,2.00,26.61,10.00,883.50,0.00,-2.60,2.20,41.80,826.70,57.00,30.10,87.10,32.70,801.60,2.03,113.80,0,0,1
2022-03-01T00:02:55,40.765202,-111.909195,1302.20,-9999.00,-9999.00,-9999.00,13.53,28.54,21.40,13.98,11.00,2.00,26.61,10.00,883.20,0.00,0.30,2.18,41.80,826.30,57.10,30.20,87.30,32.70,801.50,1.96,113.60,0,0,1
2022-03-01T00:03:00,40.765213,-111.909203,1301.70,-9999.00,-9999.00,-9999.00,13.53,28.54,21.39,13.98,12.00,2.00,26.61,10.00,883.30,0.00,0.00,2.19,41.80,826.30,58.70,32.00,90.70,32.70,801.60,1.96,114.70,0,0,1
2022-03-01T00:03:05,40.765228,-111.909203,1301.60,-9999.00,-9999.00,-9999.00,13.53,28.54,21.40,13.96,12.00,2.00,26.61,9.00,883.30,0.00,-1.20,2.19,41.80,826.60,57.10,31.90,89.00,32.70,801.40,2.03,114.00,0,0,0
2022-03-01T00:03:10,40.765236,-111.909203,1301.40,-9999.00,-9999.00,-9999.00,13.53,28.54,21.40,13.96,12.00,2.00,26.61,9.00,883.30,0.00,0.80,2.18,41.80,826.60,57.30,32.60,89.90,32.70,801.50,1.96,113.50,0,0,0
2022-03-01T00:03:15,40.765244,-111.909203,1300.90,-9999.00,-9999.00,-9999.00,13.52,28.54,21.40,13.96,11.00,2.00,26.61,10.00,883.50,0.00,-2.30,2.19,41.80,826.30,56.70,29.70,86.40,32.70,801.50,1.96,114.90,0,0,0
2022-03-01T00:03:20,40.765251,-111.909210,1300.30,-9999.00,-9999.00,-9999.00,13.52,28.54,21.40,13.96,12.00,2.00,26.61,10.00,883.30,0.00,-2.90,2.18,41.80,826.30,54.40,29.70,84.10,32.70,801.60,2.03,114.10,0,0,0
2022-03-01T00:03:25,40.765247,-111.909210,1300.20,-9999.00,-9999.00,-9999.00,13.52,28.54,21.40,13.96,13.00,2.00,26.61,10.00,883.40,0.00,0.40,2.18,41.80,826.70,54.50,30.70,85.20,32.70,801.50,1.96,113.60,0,0,0
2022-03-01T00:03:30,40.765247,-111.909210,1300.20,-9999.00,-9999.00,-9999.00,13.53,28.54,21.40,13.94,14.00,2.00,26.61,9.00,883.30,0.00,-4.80,2.18,41.80,826.60,53.40,35.40,88.80,32.70,801.40,1.96,114.90,0,0,0
2022-03-01T00:03:35,40.765244,-111.909210,1300.20,-9999.00,-9999.00,-9999.00,13.53,28.54,21.40,13.94,13.00,2.00,26.61,9.00,883.50,0.00,0.80,2.18,41.80,826.20,51.00,35.30,86.30,32.70,801.50,2.03,113.70,0,0,0
2022-03-01T00:03:40,40.765244,-111.909210,1300.20,-9999.00,-9999.00,-9999.00,13.53,28.54,21.40,13.94,13.00,2.00,26.61,10.00,883.50,0.00,-0.50,2.19,41.80,826.30,51.20,35.80,87.00,32.70,801.50,1.96,113.70,0,0,0
2022-03-01T00:03:45,40.765236,-111.909210,1300.20,-9999.00,-9999.00,-9999.00,13.53,28.54,21.40,13.92,15.00,2.00,26.61,10.00,883.20,0.00,-0.20,2.19,41.80,826.60,50.60,33.20,83.80,32.70,801.50,1.96,114.70,0,0,0
2022-03-01T00:03:50,40.765236,-111.909210,1300.20,-9999.00,-9999.00,-9999.00,13.53,28.54,21.40,13.92,14.00,2.00,26.61,10.00,883.30,0.00,-3.00,2.17,41.80,826.60,52.70,33.10,85.80,32.70,801.50,2.03,113.80,0,0,0
2022-03-01T00:03:55,40.765232,-111.909218,1300.20,-9999.00,-9999.00,-9999.00,13.53,28.54,21.40,13.94,16.00,2.00,26.61,10.00,883.20,0.00,1.10,2.19,41.80,826.30,52.80,32.70,85.50,32.70,801.50,1.96,113.40,0,0,0
2022-03-01T00:04:00,40.765228,-111.909218,1300.20,-9999.00,-9999.00,-9999.00,13.53,28.54,21.40,13.94,15.00,2.00,26.61,9.00,883.30,0.00,-1.00,2.20,41.80,826.30,53.60,36.30,89.90,32.70,801.50,1.96,114.70,0,0,0
2022-03-01T00:04:05,40.765224,-111.909225,1300.20,-9999.00,-9999.00,-9999.00,13.53,28.54,21.39,13.94,14.00,2.00,26.61,10.00,883.20,0.00,-0.20,2.18,41.80,826.60,48.50,36.20,84.70,32.70,801.50,2.03,114.00,0,0,0
2022-03-01T00:04:10,40.765221,-111.909225,1300.20,-9999.00,-9999.00,-9999.00,13.52,28.54,21.40,13.96,13.00,2.00,26.61,9.00,883.40,0.00,0.50,2.19,41.80,826.60,48.60,38.50,87.10,32.70,801.50,1.96,113.30,0,0,0
2022-03-01T00:04:15,40.765217,-111.909233,1300.10,-9999.00,-9999.00,-9999.00,13.53,28.54,21.40,13.96,14.00,2.00,26.61,10.00,883.50,0.00,-0.40,2.19,41.80,826.30,47.40,36.20,83.60,32.70,801.50,1.96,114.70,0,0,0
2022-03-01T00:04:20,40.765213,-111.909241,1300.10,-9999.00,-9999.00,-9999.00,13.53,28.54,21.40,13.96,14.00,2.00,26.61,10.00,883.20,0.00,-0.80,2.18,41.80,826.30,54.90,36.10,91.00,32.70,801.50,2.03,114.00,0,0,0
2022-03-01T00:04:25,40.765209,-111.909248,1300.10,-9999.00,-9999.00,-9999.00,13.53,28.54,21.39,13.96,13.00,2.00,26.61,9.00,883.30,0.00,-1.20,2.20,41.80,826.70,55.10,34.80,89.90,32.70,801.50,1.96,113.50,0,0,0
2022-03-01T00:04:30,40.765209,-111.909248,1300.10,-9999.00,-9999.00,-9999.00,13.53,28.54,21.39,13.96,14.00,2.00,26.61,10.00,883.30,0.00,1.10,2.20,41.80,826.70,60.50,35.00,95.50,32.70,801.60,1.96,114.70,0,0,0
2022-03-01T00:04:35,40.765224,-111.909256,1299.50,-9999.00,-9999.00,-9999.00,13.53,28.54,21.42,14.02,12.00,2.00,26.61,9.00,883.30,0.00,-0.70,2.19,41.80,826.30,64.90,34.90,99.80,32.70,801.50,2.03,114.10,0,0,0
2022-03-01T00:04:40,40.765232,-111.909264,1298.80,-9999.00,-9999.00,-9999.00,13.52,28.54,21.40,13.99,14.00,2.00,26.61,9.00,883.30,0.00,-3.70,2.19,41.80,826.20,64.90,30.20,95.10,32.70,801.50,1.96,113.70,0,0,0
2022-03-01T00:04:45,40.765240,-111.909264,1298.80,-9999.00,-9999.00,-9999.00,13.52,28.53,21.40,13.94,14.00,2.00,26.61,10.00,883.50,0.00,-0.80,2.19,41.80,826.70,62.50,22.40,84.90,32.70,801.40,1.96,114.90,0,0,0
2022-03-01T00:04:50,40.765244,-111.909256,1298.80,-9999.00,-9999.00,-9999.00,13.52,28.53,21.40,13.94,14.00,2.00,26.61,10.00,883.50,0.00,-1.90,2.20,41.80,826.70,55.70,22.40,78.10,32.70,801.60,2.03,113.90,0,0,0
2022-03-01T00:04:55,40.765251,-111.909248,1298.70,-9999.00,-9999.00,-9999.00,13.52,28.53,21.40,13.94,13.00,2.00,26.61,9.00,883.20,0.00,2.10,2.18,41.80,826.30,55.80,24.20,80.00,32.70,801.50,1.96,113.50,0,0,0
2022-03-01T00:05:00,40.765259,-111.909248,1298.70,-9999.00,-9999.00,-9999.00,13.53,28.53,21.40,13.92,13.00,2.00,26.61,10.00,883.40,0.00,-0.40,2.18,41.80,826.30,53.40,28.60,82.00,32.70,801.60,1.96,114.50,0,0,0
2022-03-01T00:05:05,40.765266,-111.909248,1298.60,-9999.00,-9999.00,-9999.00,13.52,28.53,21.38,13.90,14.00,2.00,26.61,9.00,883.50,0.00,0.30,2.20,41.80,826.70,50.10,28.50,78.60,32.70,801.50,2.03,114.10,0,0,0
2022-03-01T00:05:10,40.765270,-111.909241,1298.60,-9999.00,-9999.00,-9999.00,13.53,28.53,21.38,13.90,12.00,2.00,26.61,9.00,883.30,0.00,-1.70,2.18,41.80,826.70,50.30,30.80,81.10,32.70,801.50,1.96,113.50,0,0,0
2022-03-01T00:05:15,40.765274,-111.909248,1298.60,-9999.00,-9999.00,-9999.00,13.53,28.53,21.39,13.90,12.00,2.00,26.61,9.00,883.20,0.00,-1.40,2.19,41.80,826.30,50.00,34.90,84.90,32.70,801.50,1.96,114.60,0,0,0
2022-03-01T00:05:20,40.765274,-111.909248,1298.60,-9999.00,-9999.00,-9999.00,13.53,28.53,21.40,13.90,11.00,2.00,26.50,9.00,883.40,0.00,-0.60,2.19,41.80,826.30,52.60,34.80,87.40,32.70,801.50,2.03,113.80,0,0,0
2022-03-01T00:05:25,40.765278,-111.909248,1298.60,-9999.00,-9999.00,-9999.00,13.52,28.53,21.40,13.92,12.00,2.00,26.61,9.00,883.40,0.00,1.10,2.20,41.80,826.60,52.70,34.40,87.10,32.70,801.50,1.96,113.60,0,0,0
2022-03-01T00:05:30,40.765278,-111.909248,1298.60,-9999.00,-9999.00,-9999.00,13.52,28.53,21.40,13.94,12.00,2.00,26.61,9.00,883.40,0.00,0.40,2.19,41.80,826.70,55.70,29.30,85.00,32.70,801.50,1.96,114.50,0,0,0
2022-03-01T00:05:35,40.765274,-111.909248,1298.60,-9999.00,-9999.00,-9999.00,13.53,28.53,21.40,13.94,13.00,2.00,26.61,9.00,883.30,0.00,0.20,2.20,41.80,826.30,62.50,29.20,91.70,32.70,801.50,2.03,114.00,0,0,0
2022-03-01T00:05:40,40.765278,-111.909248,1298.60,-9999.00,-9999.00,-9999.00,13.53,28.53,21.40,13.94,12.00,2.00,26.61,9.00,883.50,0.00,-0.40,2.19,41.80,826.30,62.60,27.00,89.60,32.70,801.50,1.96,113.50,0,0,0
2022-03-01T00:05:45,40.765278,-111.909248,1298.60,-9999.00,-9999.00,-9999.00,13.53,28.53,21.40,13.94,11.00,2.00,26.50,9.00,883.50,0.00,-1.90,2.19,41.80,826.60,65.10,27.00,92.10,32.70,801.50,1.96,114.60,0,0,0
2022-03-01T00:05:50,40.765278,-111.909256,1298.60,-9999.00,-9999.00,-9999.00,13.53,28.53,21.38,13.94,13.00,2.00,26.61,9.00,883.50,0.00,3.50,2.19,41.80,826.60,56.30,26.90,83.20,32.70,801.50,2.03,114.10,0,0,0
2022-03-01T00:05:55,40.765278,-111.909256,1298.60,-9999.00,-9999.00,-9999.00,13.53,28.53,21.37,13.94,13.00,2.00,26.61,9.00,883.30,0.00,-1.40,2.19,41.80,826.30,56.50,30.50,87.00,32.70,801.50,1.96,113.50,0,0,0
2022-03-01T00:06:00,40.765282,-111.909241,1298.40,-9999.00,-9999.00,-9999.00,13.53,28.53,21.38,13.94,12.00,2.00,26.50,9.00,883.50,0.00,-2.80,2.20,41.80,826.30,50.80,36.60,87.40,32.70,801.50,1.96,114.80,0,0,0
2022-03-01T00:06:05,40.765282,-111.909225,1298.20,-9999.00,-9999.00,-9999.00,13.52,28.53,21.38,13.96,11.00,2.00,26.61,9.00,883.50,0.00,-2.90,2.19,41.80,826.70,49.90,36.50,86.40,32.70,801.50,2.03,114.10,0,0,0
2022-03-01T00:06:10,40.765285,-111.909225,1298.00,-9999.00,-9999.00,-9999.00,13.52,28.53,21.37,13.96,13.00,2.00,26.61,9.00,883.30,0.00,-1.30,2.19,41.80,826.70,50.00,35.60,85.60,32.70,801.50,1.96,113.50,0,0,0
2022-03-01T00:06:15,40.765285,-111.909225,1297.80,-9999.00,-9999.00,-9999.00,13.52,28.53,21.37,13.96,12.00,2.00,26.50,10.00,883.30,0.00,0.50,2.19,41.80,826.30,48.90,35.90,84.80,32.70,801.40,1.96,114.70,0,0,0
2022-03-01T00:06:20,40.765293,-111.909225,1297.50,-9999.00,-9999.00,-9999.00,13.52,28.53,21.37,13.96,12.00,2.00,26.61,9.00,883.20,0.00,-0.40,2.20,41.80,826.30,44.90,35.80,80.70,32.70,801.50,2.03,114.20,0,0,0
2022-03-01T00:06:25,40.765293,-111.909225,1297.40,-9999.00,-9999.00,-9999.00,13.53,28.53,21.38,13.97,12.00,2.00,26.50,9.00,883.30,0.00,-2.00,2.19,41.80,826.60,45.00,37.10,82.10,32.70,801.40,1.96,113.60,0,0,0
2022-03-01T00:06:30,40.765293,-111.909218,1297.20,-9999.00,-9999.00,-9999.00,13.53,28.53,21.37,13.96,12.00,2.00,26.61,9.00,883.30,0.00,-1.30,2.19,41.80,826.60,45.30,33.70,79.00,32.70,801.50,1.97,114.60,0,0,0
2022-03-01T00:06:35,40.765289,-111.909218,1297.10,-9999.00,-9999.00,-9999.00,13.53,28.53,21.42,14.00,13.00,2.00,26.61,9.00,883.50,0.00,-1.70,2.19,41.80,826.30,48.40,33.70,82.10,32.70,801.40,2.03,114.10,0,0,0
2022-03-01T00:06:40,40.765285,-111.909218,1297.10,-9999.00,-9999.00,-9999.00,13.53,28.53,21.38,13.97,14.00,2.00,26.61,9.00,883.50,0.00,-1.00,2.19,41.80,826.30,48.50,33.80,82.30,32.70,801.50,1.96,113.70,0,0,0
2022-03-01T00:06:45,40.765282,-111.909218,1297.10,-9999.00,-9999.00,-9999.00,13.53,28.53,21.37,13.96,12.00,2.00,26.61,9.00,883.30,0.00,-2.00,2.19,41.80,826.70,52.70,32.60,85.30,32.70,801.40,1.96,114.90,0,0,0
2022-03-01T00:06:50,40.765278,-111.909218,1297.10,-9999.00,-9999.00,-9999.00,13.53,28.53,21.38,13.96,11.00,2.00,26.61,9.00,883.40,0.00,-1.90,2.19,41.80,826.60,56.70,32.50,89.20,32.70,801.50,2.03,113.70,0,0,0
2022-03-01T00:06:55,40.765274,-111.909210,1297.20,-9999.00,-9999.00,-9999.00,13.53,28.53,21.38,13.94,13.00,2.00,26.50,10.00,883.30,0.00,-3.30,2.19,41.80,826.30,56.70,29.00,85.70,32.70,801.50,1.96,113.40,0,0,0
2022-03-01T00:07:00,40.765270,-111.909210,1297.20,-9999.00,-9999.00,-9999.00,13.53,28.53,21.38,13.94,13.00,2.00,26.50,9.00,883.40,0.00,-3.40,2.18,41.80,826.30,52.70,32.20,84.90,32.70,801.50,1.96,114.70,0,0,0
2022-03-01T00:07:05,40.765266,-111.909210,1297.20,-9999.00,-9999.00,-9999.00,13.53,28.53,21.38,13.94,12.00,2.00,26.61,9.00,883.30,0.00,-0.40,2.19,41.80,826.70,51.80,32.10,83.90,32.70,801.40,2.03,114.20,0,0,0
2022-03-01T00:07:10,40.765266,-111.909210,1297.20,-9999.00,-9999.00,-9999.00,13.53,28.53,21.37,13.96,12.00,2.00,26.50,10.00,883.30,0.00,-4.20,2.20,41.80,826.70,52.00,33.70,85.70,32.70,801.60,1.96,113.50,0,0,0
2022-03-01T00:07:15,40.765263,-111.909210,1297.20,-9999.00,-9999.00,-9999.00,13.52,28.53,21.37,13.98,12.00,2.00,26.50,10.00,883.30,0.00,2.20,2.19,41.80,826.30,56.80,25.30,82.10,32.70,801.70,1.96,114.40,0,0,0
2022-03-01T00:07:20,40.765263,-111.909210,1297.20,-9999.00,-9999.00,-9999.00,13.53,28.53,21.38,13.98,12.00,2.00,26.50,10.00,883.50,0.00,1.60,2.19,41.80,826.30,51.10,25.30,76.40,32.70,801.80,2.03,113.50,0,0,0
2022-03-01T00:07:25,40.765263,-111.909210,1297.20,-9999.00,-9999.00,-9999.00,13.53,28.53,21.38,14.02,11.00,2.00,26.50,10.00,883.40,0.00,-1.30,2.19,41.80,826.60,51.20,26.80,78.00,32.70,801.50,1.96,113.70,0,0,0
2022-03-01T00:07:30,40.765263,-111.909203,1297.10,-9999.00,-9999.00,-9999.00,13.53,28.53,21.37,14.02,12.00,2.00,26.50,10.00,883.30,0.00,1.40,2.19,41.80,826.70,45.80,36.60,82.40,32.70,801.40,1.96,114.90,0,0,0
2022-03-01T00:07:35,40.765259,-111.909203,1297.10,-9999.00,-9999.00,-9999.00,13.53,28.53,21.37,14.04,12.00,2.00,26.50,9.00,883.40,0.00,-1.90,2.18,41.80,826.30,43.10,36.50,79.60,32.70,801.30,2.03,114.10,0,0,0
2022-03-01T00:07:40,40.765255,-111.909210,1297.10,-9999.00,-9999.00,-9999.00,13.53,28.53,21.37,14.12,11.00,2.00,26.50,9.00,883.40,0.00,-2.60,2.21,41.80,826.30,43.20,36.40,79.60,32.70,801.50,1.96,113.50,0,0,0
2022-03-01T00:07:45,40.765251,-111.909210,1297.10,-9999.00,-9999.00,-9999.00,13.52,28.53,21.38,14.18,12.00,2.00,26.50,9.00,883.40,0.00,0.80,2.19,41.80,826.60,42.20,32.80,75.00,32.70,801.50,1.96,114.80,0,0,0
2022-03-01T00:07:50,40.765247,-111.909210,1297.10,-9999.00,-9999.00,-9999.00,13.53,28.53,21.38,14.18,12.00,2.00,26.50,9.00,883.30,0.00,-0.90,2.19,41.80,826.60,48.60,32.70,81.30,32.70,801.60,2.03,114.00,0,0,0
2022-03-01T00:07:55,40.765244,-111.909210,1297.10,-9999.00,-9999.00,-9999.00,13.53,28.53,21.38,14.16,11.00,2.00,26.50,9.00,883.30,0.00,-1.40,2.18,41.80,826.30,48.80,32.20,81.00,32.70,801.50,1.96,113.40,0,0,0
2022-03-01T00:08:00,40.765236,-111.909203,1297.00,-9999.00,-9999.00,-9999.00,13.52,28.53,21.37,14.14,13.00,2.00,26.61,9.00,883.30,0.00,-3.00,2.19,41.80,826.30,54.20,33.50,87.70,32.70,801.60,1.96,114.70,0,0,0
2022-03-01T00:08:05,40.765228,-111.909210,1297.00,-9999.00,-9999.00,-9999.00,13.53,28.53,21.38,14.14,12.00,2.00,26.50,9.00,883.40,0.00,0.50,2.19,41.80,826.60,57.60,33.40,91.00,32.70,801.40,2.03,114.00,0,0,0
2022-03-01T00:08:10,40.765228,-111.909225,1297.00,-9999.00,-9999.00,-9999.00,13.53,28.53,21.38,14.12,12.00,2.00,26.61,9.00,883.30,0.00,-1.30,2.19,41.80,826.60,57.80,32.80,90.60,32.70,801.50,1.96,113.50,0,0,0
2022-03-01T00:08:15,40.765228,-111.909233,1297.00,-9999.00,-9999.00,-9999.00,13.52,28.53,21.38,14.10,13.00,2.00,26.50,10.00,883.20,0.00,-0.10,2.18,41.80,826.30,58.50,29.80,88.30,32.70,801.40,1.96,114.90,0,0,0
2022-03-01T00:08:20,40.765228,-111.909233,1297.00,-9999.00,-9999.00,-9999.00,13.52,28.53,21.37,14.12,13.00,2.00,26.50,10.00,883.20,0.00,-0.20,2.18,41.80,826.30,50.60,29.80,80.40,32.70,801.50,2.03,113.70,0,0,0
2022-03-01T00:08:25,40.765228,-111.909233,1297.00,-9999.00,-9999.00,-9999.00,13.52,28.53,21.37,14.17,12.00,2.00,26.50,10.00,883.40,0.00,-1.50,2.19,41.80,826.60,50.70,31.40,82.10,32.70,801.50,1.96,113.50,0,0,0
2022-03-01T00:08:30,40.765228,-111.909233,1297.00,-9999.00,-9999.00,-9999.00,13.53,28.53,21.37,14.26,12.00,2.00,26.61,10.00,883.40,0.00,0.10,2.20,41.80,826.60,45.10,35.70,80.80,32.70,801.40,1.96,114.50,0,0,0
2022-03-01T00:08:35,40.765232,-111.909225,1297.00,-9999.00,-9999.00,-9999.00,13.53,28.53,21.42,14.37,13.00,2.00,26.61,10.00,883.20,0.00,-2.30,2.19,41.80,826.30,49.80,35.70,85.50,32.70,801.50,2.03,114.10,0,0,0
2022-03-01T00:08:40,40.765232,-111.909225,1297.00,-9999.00,-9999.00,-9999.00,13.53,28.53,21.37,14.39,12.00,2.00,26.50,10.00,883.40,0.00,-0.60,2.19,41.80,826.30,49.90,35.20,85.10,32.70,801.50,1.96,113.20,0,0,0
2022-03-01T00:08:45,40.765236,-111.909225,1297.00,-9999.00,-9999.00,-9999.00,13.53,28.53,21.37,14.38,10.00,2.00,26.61,10.00,883.40,0.00,1.10,2.18,41.80,826.60,54.40,36.20,90.60,32.70,801.60,1.96,114.80,0,0,0
2022-03-01T00:08:50,40.765240,-111.909218,1297.00,-9999.00,-9999.00,-9999.00,13.53,28.53,21.37,14.38,11.00,2.00,26.50,10.00,883.20,0.00,-1.10,2.19,41.80,826.60,50.10,36.10,86.20,32.70,801.50,2.03,114.10,0,0,0
2022-03-01T00:08:55,40.765240,-111.909225,1297.00,-9999.00,-9999.00,-9999.00,13.53,28.53,21.37,14.40,11.00,2.00,26.61,10.00,883.30,0.00,0.30,2.21,41.80,826.20,50.30,39.30,89.60,32.70,801.50,1.96,113.30,0,0,0
2022-03-01T00:09:00,40.765240,-111.909225,1297.00,-9999.00,-9999.00,-9999.00,13.53,28.53,21.37,14.44,10.00,2.00,26.61,10.00,883.30,0.00,0.40,2.19,41.80,826.20,49.80,38.70,88.50,32.70,801.40,1.96,114.80,0,0,0
2022-03-01T00:09:05,40.765244,-111.909225,1297.00,-9999.00,-9999.00,-9999.00,13.52,28.53,21.38,14.45,10.00,2.00,26.61,10.00,883.20,0.00,0.80,2.19,41.80,826.60,51.80,38.60,90.40,32.70,801.40,2.03,113.80,0,0,0
2022-03-01T00:09:10,40.765244,-111.909218,1297.00,-9999.00,-9999.00,-9999.00,13.53,28.53,21.38,14.43,11.00,2.00,26.61,10.00,883.30,0.00,-2.10,2.19,41.80,826.60,51.90,35.50,87.40,32.70,801.50,1.96,113.50,0,0,0
2022-03-01T00:09:15,40.765244,-111.909225,1297.00,-9999.00,-9999.00,-9999.00,13.53,28.53,21.38,14.41,11.00,2.00,26.61,10.00,883.30,0.00,-7.00,2.20,41.80,826.20,50.80,32.40,83.20,32.70,801.40,1.96,114.70,0,0,0
2022-03-01T00:09:20,40.765251,-111.909233,1297.00,-9999.00,-9999.00,-9999.00,13.53,28.53,21.37,14.37,11.00,2.00,26.61,10.00,883.40,0.00,-0.90,2.19,41.80,826.20,51.00,32.40,83.40,32.70,801.50,2.03,114.10,0,0,0
2022-03-01T00:09:25,40.765251,-111.909241,1297.00,-9999.00,-9999.00,-9999.00,13.53,28.53,21.38,14.31,10.00,2.00,26.61,10.00,883.40,0.00,1.30,2.19,41.80,826.60,51.10,30.40,81.50,32.70,801.50,1.96,113.60,0,0,0
2022-03-01T00:09:30,40.765255,-111.909241,1297.00,-9999.00,-9999.00,-9999.00,13.52,28.53,21.38,14.26,10.00,2.00,26.61,10.00,883.50,0.00,1.10,2.18,41.80,826.60,48.50,33.40,81.90,32.70,801.60,1.96,114.70,0,0,0
2022-03-01T00:09:35,40.765255,-111.909233,1297.00,-9999.00,-9999.00,-9999.00,13.53,28.53,21.38,14.23,10.00,2.00,26.61,10.00,883.40,0.00,-3.00,2.18,41.80,826.20,43.80,33.40,77.20,32.70,801.40,2.03,114.00,0,0,0
2022-03-01T00:09:40,40.765259,-111.909225,1297.00,-9999.00,-9999.00,-9999.00,13.53,28.53,21.38,14.19,9.00,2.00,26.61,10.00,883.10,0.00,-1.50,2.19,41.80,826.20,44.00,36.90,80.90,32.70,801.40,1.96,113.50,0,0,0
2022-03-01T00:09:45,40.765266,-111.909225,1297.00,-9999.00,-9999.00,-9999.00,13.53,28.53,21.38,14.09,10.00,2.00,26.61,10.00,883.20,0.00,1.70,2.18,41.80,826.60,47.10,33.10,80.20,32.70,801.30,1.96,114.90,0,0,0
2022-03-01T00:09:50,40.765266,-111.909225,1297.10,-9999.00,-9999.00,-9999.00,13.53,28.53,21.38,14.00,11.00,2.00,26.61,10.00,883.30,0.00,-1.30,2.19,41.80,826.60,44.20,33.00,77.20,32.70,801.40,2.03,113.90,0,0,0
2022-03-01T00:09:55,40.765270,-111.909218,1297.10,-9999.00,-9999.00,-9999.00,13.53,28.53,21.37,13.97,10.00,2.00,26.61,10.00,883.20,0.00,0.90,2.19,41.80,826.20,44.30,32.90,77.20,32.70,801.40,1.96,113.40,0,0,0
2022-03-01T00:10:00,40.765270,-111.909218,1297.10,-9999.00,-9999.00,-9999.00,13.53,28.53,21.38,13.96,11.00,2.00,26.61,10.00,883.20,0.00,1.30,2.19,41.80,826.20,41.00,36.10,77.10,32.70,801.50,1.96,114.50,0,0,0
2022-03-01T00:10:05,40.765278,-111.909225,1297.10,-9999.00,-9999.00,-9999.00,13.53,28.53,21.37,13.98,10.00,2.00,26.61,10.00,883.20,0.00,-0.20,2.19,41.80,826.60,47.20,36.00,83.20,32.70,801.50,2.03,113.80,0,0,0
2022-03-01T00:10:10,40.765278,-111.909225,1297.10,-9999.00,-9999.00,-9999.00,13.53,28.53,21.38,14.04,11.00,2.00,26.61,10.00,883.20,0.00,-2.50,2.20,41.80,826.60,47.30,33.50,80.80,32.70,801.40,1.96,113.40,0,0,0
2022-03-01T00:10:15,40.765282,-111.909218,1297.10,-9999.00,-9999.00,-9999.00,13.53,28.53,21.37,14.06,10.00,2.00,26.61,10.00,883.30,0.00,-1.90,2.19,41.80,826.20,48.80,35.10,83.90,32.70,801.40,1.96,114.50,0,0,0
2022-03-01T00:10:20,40.765285,-111.909210,1297.10,-9999.00,-9999.00,-9999.00,13.53,28.52,21.38,14.08,10.00,2.00,26.61,10.00,883.20,0.00,-0.90,2.20,41.80,826.20,46.50,35.00,81.50,32.70,801.40,2.03,114.00,0,0,0
2022-03-01T00:10:25,40.765293,-111.909210,1297.10,-9999.00,-9999.00,-9999.00,13.52,28.52,21.38,14.10,10.00,2.00,26.61,10.00,883.20,0.00,0.70,2.19,41.80,826.60,46.60,37.90,84.50,32.70,801.40,1.96,113.50,0,0,0
2022-03-01T00:10:30,40.765293,-111.909210,1297.10,-9999.00,-9999.00,-9999.00,13.53,28.52,21.37,14.10,10.00,2.00,26.61,10.00,883.20,0.00,-2.00,2.18,41.80,826.60,48.60,34.90,83.50,32.70,801.50,1.96,114.60,0,0,0
2022-03-01T00:10:35,40.765293,-111.909210,1297.10,-9999.00,-9999.00,-9999.00,13.53,28.52,21.42,14.13,11.00,2.00,26.61,10.00,883.30,0.00,2.90,2.20,41.80,826.20,43.90,34.80,78.70,32.70,801.40,2.03,114.00,0,0,0
2022-03-01T00:10:40,40.765289,-111.909203,1297.10,-9999.00,-9999.00,-9999.00,13.53,28.52,21.38,14.08,9.00,2.00,26.61,10.00,883.30,0.00,1.60,2.19,41.80,826.20,44.00,34.00,78.00,32.70,801.40,1.96,113.70,0,0,0
2022-03-01T00:10:45,40.765289,-111.909195,1297.10,-9999.00,-9999.00,-9999.00,13.53,28.52,21.38,14.00,10.00,2.00,26.61,10.00,883.40,0.00,1.00,2.19,41.80,826.50,39.30,33.70,73.00,32.70,801.30,1.96,114.80,0,0,0
2022-03-01T00:10:50,40.765285,-111.909195,1297.10,-9999.00,-9999.00,-9999.00,13.53,28.52,21.37,13.96,10.00,2.00,26.61,10.00,883.20,0.00,1.00,2.20,41.80,826.60,44.40,33.70,78.10,32.70,801.30,2.03,114.20,0,0,0
2022-03-01T00:10:55,40.765282,-111.909195,1297.10,-9999.00,-9999.00,-9999.00,13.53,28.52,21.38,13.94,10.00,2.00,26.61,10.00,883.20,0.00,-1.50,2.19,41.80,826.20,44.50,30.90,75.40,32.70,801.40,1.96,113.60,0,0,0
2022-03-01T00:11:00,40.765274,-111.909195,1297.10,-9999.00,-9999.00,-9999.00,13.52,28.52,21.38,13.98,10.00,2.00,26.61,10.00,883.20,0.00,0.20,2.19,41.80,826.10,46.00,33.20,79.20,32.70,801.50,1.96,114.60,0,0,0
2022-03-01T00:11:05,40.765274,-111.909195,1297.10,-9999.00,-9999.00,-9999.00,13.53,28.52,21.37,13.98,10.00,2.00,26.61,10.00,883.40,0.00,-1.20,2.19,41.80,826.50,36.30,33.20,69.50,32.70,801.40,2.03,114.20,0,0,0
2022-03-01T00:11:10,40.765278,-111.909195,1297.10,-9999.00,-9999.00,-9999.00,13.53,28.52,21.37,13.98,10.00,2.00,26.61,10.00,883.30,0.00,1.90,2.20,41.80,826.60,36.50,38.90,75.40,32.70,801.40,1.96,113.50,0,0,0
2022-03-01T00:11:15,40.765282,-111.909195,1297.20,-9999.00,-9999.00,-9999.00,13.53,28.52,21.38,13.98,10.00,2.00,26.50,10.00,883.40,0.00,-1.80,2.19,41.80,826.20,34.50,41.50,76.00,32.70,801.40,1.96,114.70,0,0,0
2022-03-01T00:11:20,40.765289,-111.909195,1297.20,-9999.00,-9999.00,-9999.00,13.53,28.52,21.38,13.98,10.00,2.00,26.61,10.00,883.30,0.00,-0.70,2.19,41.80,826.20,39.30,41.40,80.70,32.70,801.40,2.03,114.10,0,0,0
2022-03-01T00:11:25,40.765297,-111.909187,1297.20,-9999.00,-9999.00,-9999.00,13.53,28.52,21.38,14.00,9.00,2.00,26.50,10.00,883.10,0.00,-0.70,2.18,41.80,826.50,39.40,38.60,78.00,32.70,801.40,1.96,113.40,0,0,0
2022-03-01T00:11:30,40.765308,-111.909172,1297.10,-9999.00,-9999.00,-9999.00,13.53,28.52,21.38,14.02,10.00,2.00,26.61,10.00,883.20,0.00,-2.50,2.20,41.80,826.50,41.00,36.50,77.50,32.70,801.40,1.96,114.70,0,0,0
2022-03-01T00:11:35,40.765320,-111.909149,1297.00,-9999.00,-9999.00,-9999.00,13.53,28.52,21.37,14.04,10.00,2.00,26.61,10.00,883.20,0.00,-1.50,2.18,41.80,826.20,38.20,36.40,74.60,32.70,801.40,2.03,113.80,0,0,0
2022-03-01T00:11:40,40.765327,-111.909142,1296.90,-9999.00,-9999.00,-9999.00,13.53,28.52,21.38,14.06,11.00,2.00,26.50,10.00,883.40,0.00,-2.00,2.21,41.80,826.20,38.30,35.80,74.10,32.70,801.40,1.96,113.30,0,0,0
2022-03-01T00:11:45,40.765331,-111.909134,1296.90,-9999.00,-9999.00,-9999.00,13.53,28.52,21.38,14.12,11.00,2.00,26.61,10.00,883.40,0.00,-2.10,2.20,41.80,826.60,35.40,34.90,70.30,32.70,801.40,1.96,114.80,0,0,0
2022-03-01T00:11:50,40.765339,-111.909126,1297.00,-9999.00,-9999.00,-9999.00,13.53,28.52,21.37,14.12,10.00,2.00,26.50,10.00,883.20,0.00,1.60,2.19,41.80,826.60,34.70,34.80,69.50,32.70,801.40,2.03,114.00,0,0,0
2022-03-01T00:11:55,40.765324,-111.909126,1297.00,-9999.00,-9999.00,-9999.00,13.52,28.52,21.38,14.12,12.00,2.00,26.61,10.00,883.30,0.00,-3.10,2.19,41.80,826.20,34.90,36.60,71.50,32.70,801.40,1.96,113.40,0,0,0
2022-03-01T00:12:00,40.765308,-111.909126,1297.00,-9999.00,-9999.00,-9999.00,13.53,28.52,21.37,14.12,12.00,2.00,26.61,10.00,883.20,0.00,0.70,2.19,41.80,826.20,39.90,32.80,72.70,32.70,801.40,1.96,114.70,0,0,0
2022-03-01T00:12:05,40.765308,-111.909126,1297.00,-9999.00,-9999.00,-9999.00,13.52,28.52,21.37,14.10,12.00,2.00,26.61,10.00,883.40,0.00,-1.90,2.20,41.80,826.60,50.50,32.70,83.20,32.70,801.30,2.03,114.10,0,0,0
2022-03-01T00:12:10,40.765305,-111.909119,1297.00,-9999.00,-9999.00,-9999.00,13.53,28.52,21.38,14.07,10.00,2.00,26.61,10.00,883.10,0.00,1.30,2.19,41.80,826.60,50.60,27.60,78.20,32.70,801.40,1.96,113.30,0,0,0
2022-03-01T00:12:15,40.765305,-111.909119,1297.00,-9999.00,-9999.00,-9999.00,13.53,28.52,21.37,14.06,9.00,2.00,26.61,10.00,883.20,0.00,1.10,2.18,41.80,826.20,52.30,26.30,78.60,32.70,801.30,1.96,114.70,0,0,0
2022-03-01T00:12:20,40.765301,-111.909126,1297.10,-9999.00,-9999.00,-9999.00,13.53,28.52,21.37,14.04,10.00,2.00,26.50,10.00,883.40,0.00,-0.80,2.20,41.80,826.20,45.50,26.20,71.70,32.70,801.40,2.03,114.00,0,0,0
2022-03-01T00:12:25,40.765301,-111.909126,1297.10,-9999.00,-9999.00,-9999.00,13.52,28.52,21.37,14.02,9.00,2.00,26.61,10.00,883.30,0.00,-0.80,2.19,41.80,826.60,45.70,29.80,75.50,32.70,801.40,1.96,113.50,0,0,0
2022-03-01T00:12:30,40.765297,-111.909126,1297.10,-9999.00,-9999.00,-9999.00,13.52,28.52,21.40,14.10,10.00,2.00,26.61,10.00,883.30,0.00,2.00,2.19,41.80,826.60,42.50,33.80,76.30,32.70,801.50,1.96,114.70,0,0,0
2022-03-01T00:12:35,40.765297,-111.909126,1297.10,-9999.00,-9999.00,-9999.00,13.53,28.52,21.37,14.07,10.00,2.00,26.61,10.00,883.20,0.00,0.20,2.20,41.80,826.20,41.20,33.70,74.90,32.70,801.50,2.03,113.80,0,0,0
2022-03-01T00:12:40,40.765293,-111.909126,1297.10,-9999.00,-9999.00,-9999.00,13.53,28.52,21.38,14.04,10.00,2.00,26.61,10.00,883.20,0.00,1.00,2.18,41.80,826.10,41.30,34.10,75.40,32.70,801.40,1.96,113.30,0,0,0
2022-03-01T00:12:45,40.765289,-111.909119,1297.10,-9999.00,-9999.00,-9999.00,13.53,28.52,21.38,14.04,9.00,2.00,26.61,10.00,883.10,0.00,0.10,2.18,41.80,826.60,39.20,40.10,79.30,32.70,801.50,1.96,114.70,0,0,0
2022-03-01T00:12:50,40.765282,-111.909119,1297.20,-9999.00,-9999.00,-9999.00,13.53,28.52,21.38,14.06,10.00,2.00,26.61,10.00,883.40,0.00,-1.50,2.19,41.80,826.50,35.90,40.00,75.90,32.70,801.40,2.03,113.90,0,0,0
2022-03-01T00:12:55,40.765278,-111.909119,1297.20,-9999.00,-9999.00,-9999.00,13.53,28.52,21.37,14.06,10.00,2.00,26.50,10.00,883.30,0.00,-2.90,2.17,41.80,826.20,36.00,40.00,76.00,32.70,801.40,1.96,113.60,0,0,0
2022-03-01T00:13:00,40.765274,-111.909119,1297.20,-9999.00,-9999.00,-9999.00,13.53,28.52,21.37,14.06,9.00,2.00,26.61,10.00,883.30,0.00,-1.00,2.19,41.80,826.20,35.10,34.50,69.60,32.70,801.40,1.96,114.90,0,0,0
2022-03-01T00:13:05,40.765270,-111.909111,1297.20,-9999.00,-9999.00,-9999.00,13.53,28.52,21.37,14.06,9.00,2.00,26.50,10.00,883.40,0.00,-2.00,2.19,41.80,826.60,34.60,34.40,69.00,32.70,801.40,2.03,114.10,0,0,0
2022-03-01T00:13:10,40.765266,-111.909111,1297.30,-9999.00,-9999.00,-9999.00,13.53,28.52,21.37,14.04,9.00,2.00,26.61,10.00,883.40,0.00,-1.20,2.20,41.80,826.50,34.70,34.00,68.70,32.70,801.40,1.96,113.30,0,0,0
2022-03-01T00:13:15,40.765263,-111.909111,1297.30,-9999.00,-9999.00,-9999.00,13.53,28.52,21.37,14.04,9.00,2.00,26.61,10.00,883.40,0.00,-1.90,2.18,41.80,826.20,37.40,29.00,66.40,32.70,801.40,1.96,114.70,0,0,0
2022-03-01T00:13:20,40.765259,-111.909103,1297.30,-9999.00,-9999.00,-9999.00,13.53,28.52,21.37,14.04,9.00,2.00,26.61,10.00,883.20,0.00,-2.50,2.18,41.80,826.20,41.50,28.90,70.40,32.70,801.50,2.03,113.80,0,0,0
2022-03-01T00:13:25,40.765259,-111.909103,1297.30,-9999.00,-9999.00,-9999.00,13.52,28.52,21.37,14.04,10.00,2.00,26.50,10.00,883.40,0.00,1.20,2.18,41.80,826.50,41.60,27.90,69.50,32.70,801.50,1.96,113.40,0,0,0
2022-03-01T00:13:30,40.765259,-111.909103,1297.30,-9999.00,-9999.00,-9999.00,13.52,28.52,21.37,14.04,9.00,2.00,26.50,10.00,883.20,0.00,0.30,2.19,41.80,826.50,43.00,30.70,73.70,32.70,801.50,1.96,114.50,0,0,0
2022-03-01T00:13:35,40.765259,-111.909096,1297.30,-9999.00,-9999.00,-9999.00,13.53,28.52,21.37,14.04,10.00,2.00,26.61,10.00,883.10,0.00,-0.30,2.18,41.80,826.20,45.80,30.60,76.40,32.70,801.50,2.03,113.70,0,0,0
2022-03-01T00:13:40,40.765259,-111.909088,1297.30,-9999.00,-9999.00,-9999.00,13.53,28.52,21.38,14.04,10.00,2.00,26.50,10.00,883.40,0.00,-2.30,2.18,41.80,826.20,45.90,28.10,74.00,32.70,801.40,1.96,113.60,0,0,0
2022-03-01T00:13:45,40.765259,-111.909096,1297.30,-9999.00,-9999.00,-9999.00,13.53,28.52,21.37,14.04,9.00,2.00,26.50,10.00,883.40,0.00,0.40,2.19,41.80,826.50,43.30,28.30,71.60,32.70,801.50,1.96,114.70,0,0,0
2022-03-01T00:13:50,40.765255,-111.909096,1297.20,-9999.00,-9999.00,-9999.00,13.53,28.52,21.38,14.04,10.00,2.00,26.50,10.00,883.30,0.00,-0.40,2.19,41.80,826.50,36.40,28.20,64.60,32.70,801.50,2.03,113.90,0,0,0
2022-03-01T00:13:55,40.765251,-111.909088,1297.00,-9999.00,-9999.00,-9999.00,13.53,28.52,21.38,14.06,9.00,2.00,26.50,10.00,883.20,0.00,-0.40,2.20,41.80,826.20,36.60,32.70,69.30,32.70,801.40,1.96,113.40,0,0,0
2022-03-01T00:14:00,40.765244,-111.909073,1296.90,-9999.00,-9999.00,-9999.00,13.53,28.52,21.37,14.06,9.00,2.00,26.50,10.00,883.20,0.00,0.80,2.20,41.80,826.20,39.00,29.60,68.60,32.70,801.40,1.96,114.70,0,0,0
2022-03-01T00:14:05,40.765240,-111.909073,1296.90,-9999.00,-9999.00,-9999.00,13.53,28.52,21.37,14.06,10.00,2.00,26.50,10.00,883.40,0.00,-2.40,2.19,41.80,826.50,46.90,29.50,76.40,32.70,801.40,2.03,114.00,0,0,0
2022-03-01T00:14:10,40.765236,-111.909081,1296.90,-9999.00,-9999.00,-9999.00,13.53,28.52,21.37,14.06,8.00,2.00,26.50,10.00,883.20,0.00,-1.80,2.21,41.80,826.50,46.90,25.00,71.90,32.70,801.40,1.96,113.50,0,0,0
2022-03-01T00:14:15,40.765228,-111.909073,1296.80,-9999.00,-9999.00,-9999.00,13.53,28.52,21.37,14.04,9.00,2.00,26.50,10.00,883.20,0.00,-0.70,2.19,41.80,826.20,46.60,27.70,74.30,32.70,801.30,1.96,115.10,0,0,0
2022-03-01T00:14:20,40.765228,-111.909073,1296.90,-9999.00,-9999.00,-9999.00,13.53,28.52,21.38,14.04,9.00,2.00,26.50,10.00,883.10,0.00,3.00,2.19,41.80,826.20,40.90,27.60,68.50,32.70,801.40,2.03,114.00,0,0,0
2022-03-01T00:14:25,40.765228,-111.909065,1296.90,-9999.00,-9999.00,-9999.00,13.53,28.52,21.44,14.04,10.00,2.00,26.50,10.00,883.20,0.00,-2.20,2.21,41.80,826.50,41.00,32.60,73.60,32.70,801.40,1.96,113.30,0,0,0
2022-03-01T00:14:30,40.765228,-111.909058,1296.90,-9999.00,-9999.00,-9999.00,13.53,28.52,21.41,14.08,10.00,2.00,26.50,10.00,883.40,0.00,0.80,2.19,41.80,826.50,40.20,38.80,79.00,32.70,801.50,1.96,114.60,0,0,0
2022-03-01T00:14:35,40.765228,-111.909050,1296.90,-9999.00,-9999.00,-9999.00,13.53,28.52,21.37,14.04,9.00,2.00,26.50,10.00,883.20,0.00,0.10,2.20,41.80,826.20,39.10,38.80,77.90,32.70,801.40,2.03,114.00,0,0,0
2022-03-01T00:14:40,40.765247,-111.909058,1297.10,-9999.00,-9999.00,-9999.00,13.53,28.52,21.37,14.04,9.00,2.00,26.50,10.00,883.10,0.00,-2.60,2.19,41.80,826.20,39.20,36.60,75.80,32.70,801.40,1.96,113.30,0,0,0
2022-03-01T00:14:45,40.765251,-111.909058,1297.10,-9999.00,-9999.00,-9999.00,13.53,28.52,21.37,14.04,9.00,2.00,26.50,10.00,883.10,0.00,-1.40,2.19,41.80,826.60,38.40,26.70,65.10,32.70,801.40,1.96,114.70,0,0,0
2022-03-01T00:14:50,40.765251,-111.909058,1297.10,-9999.00,-9999.00,-9999.00,13.53,28.52,21.37,14.04,10.00,2.00,26.61,10.00,883.30,0.00,-2.50,2.19,41.80,826.60,34.80,26.60,61.40,32.70,801.40,2.03,114.00,0,0,0
2022-03-01T00:14:55,40.765251,-111.909050,1297.10,-9999.00,-9999.00,-9999.00,13.53,28.52,21.37,14.04,11.00,2.00,26.50,10.00,883.30,0.00,3.30,2.18,41.80,826.10,34.90,27.40,62.30,32.70,801.40,1.96,113.70,0,0,0
2022-03-01T00:15:00,40.765259,-111.909042,1297.10,-9999.00,-9999.00,-9999.00,13.53,28.52,21.38,14.02,10.00,2.00,26.50,10.00,883.20,0.00,1.00,2.19,41.80,826.20,32.30,36.90,69.20,32.70,801.40,1.96,114.70,0,0,0
2022-03-01T00:15:05,40.765259,-111.909042,1297.10,-9999.00,-9999.00,-9999.00,13.52,28.52,21.37,14.00,10.00,2.00,26.50,10.00,883.40,0.00,0.60,2.19,41.80,826.40,34.20,36.80,71.00,32.70,801.50,2.03,113.90,0,0,0
2022-03-01T00:15:10,40.765259,-111.909042,1297.10,-9999.00,-9999.00,-9999.00,13.53,28.52,21.37,13.98,9.00,2.00,26.50,10.00,883.10,0.00,-0.60,2.19,41.80,826.50,34.20,36.30,70.50,32.70,801.40,1.96,113.20,0,0,0
2022-03-01T00:15:15,40.765255,-111.909050,1297.10,-9999.00,-9999.00,-9999.00,13.53,28.52,21.37,13.96,9.00,2.00,26.50,10.00,883.40,0.00,1.00,2.19,41.80,826.20,35.70,32.80,68.50,32.70,801.40,1.96,114.90,0,0,0
2022-03-01T00:15:20,40.765247,-111.909050,1297.10,-9999.00,-9999.00,-9999.00,13.53,28.51,21.38,13.92,8.00,2.00,26.61,10.00,883.30,0.00,-1.10,2.20,41.80,826.20,33.60,32.70,66.30,32.70,801.40,2.03,114.00,0,0,0
2022-03-01T00:15:25,40.765240,-111.909058,1297.10,-9999.00,-9999.00,-9999.00,13.52,28.51,21.37,13.90,8.00,2.00,26.50,10.00,883.30,0.00,1.70,2.18,41.80,826.50,33.80,34.80,68.60,32.70,801.40,1.96,113.50,0,0,0
2022-03-01T00:15:30,40.765240,-111.909065,1297.10,-9999.00,-9999.00,-9999.00,13.53,28.51,21.37,13.92,9.00,2.00,26.50,10.00,883.30,0.00,-0.10,2.18,41.80,826.50,34.40,36.80,71.20,32.70,801.40,1.96,114.80,0,0,0
2022-03-01T00:15:35,40.765236,-111.909073,1297.20,-9999.00,-9999.00,-9999.00,13.53,28.51,21.37,13.96,8.00,2.00,26.50,10.00,883.30,0.00,0.20,2.20,41.80,826.20,35.50,36.70,72.20,32.70,801.30,2.03,114.10,0,0,0
2022-03-01T00:15:40,40.765232,-111.909081,1297.20,-9999.00,-9999.00,-9999.00,13.53,28.51,21.37,13.98,8.00,2.00,26.50,10.00,883.10,0.00,1.10,2.19,41.80,826.20,35.60,34.00,69.60,32.70,801.40,1.96,113.20,0,0,0
2022-03-01T00:15:45,40.765228,-111.909088,1297.20,-9999.00,-9999.00,-9999.00,13.53,28.51,21.38,13.98,8.00,2.00,26.50,10.00,883.30,0.00,0.90,2.19,41.80,826.50,34.30,28.70,63.00,32.70,801.50,1.96,114.60,0,0,0
2022-03-01T00:15:50,40.765228,-111.909096,1297.30,-9999.00,-9999.00,-9999.00,13.53,28.51,21.37,13.98,8.00,2.00,26.50,10.00,883.20,0.00,-1.50,2.19,41.80,826.50,34.60,28.70,63.30,32.70,801.60,2.03,113.80,0,0,0
2022-03-01T00:15:55,40.765221,-111.909103,1297.30,-9999.00,-9999.00,-9999.00,13.53,28.51,21.37,13.94,8.00,2.00,26.50,10.00,883.20,0.00,-4.30,2.19,41.80,826.20,34.70,29.30,64.00,32.70,801.30,1.96,113.50,0,0,0
2022-03-01T00:16:00,40.765221,-111.909103,1297.40,-9999.00,-9999.00,-9999.00,13.53,28.51,21.38,13.92,8.00,2.00,26.61,10.00,883.40,0.00,-1.90,2.18,41.80,826.20,37.20,29.80,67.00,32.70,801.40,1.96,114.70,0,0,0
2022-03-01T00:16:05,40.765217,-111.909103,1297.50,-9999.00,-9999.00,-9999.00,13.53,28.51,21.37,13.86,8.00,2.00,26.50,10.00,883.20,0.00,3.00,2.19,41.80,826.50,36.00,29.70,65.70,32.70,801.20,2.03,114.20,0,0,0
2022-03-01T00:16:10,40.765209,-111.909103,1297.50,-9999.00,-9999.00,-9999.00,13.53,28.51,21.38,13.84,8.00,2.00,26.50,9.00,883.30,0.00,1.40,2.19,41.80,826.60,36.10,30.30,66.40,32.70,801.40,1.96,113.30,0,0,0
2022-03-01T00:16:15,40.765209,-111.909103,1297.50,-9999.00,-9999.00,-9999.00,13.53,28.51,21.38,13.86,9.00,2.00,26.61,9.00,883.40,0.00,0.70,2.18,41.80,826.20,35.30,29.70,65.00,32.70,801.40,1.96,114.90,0,0,0
2022-03-01T00:16:20,40.765213,-111.909103,1297.50,-9999.00,-9999.00,-9999.00,13.53,28.51,21.38,13.88,10.00,2.00,26.50,10.00,883.30,0.00,0.70,2.18,41.80,826.10,40.90,29.70,70.60,32.70,801.50,2.03,114.10,0,0,0
2022-03-01T00:16:25,40.765217,-111.909096,1297.50,-9999.00,-9999.00,-9999.00,13.53,28.51,21.42,13.93,9.00,2.00,26.61,10.00,883.10,0.00,-0.60,2.19,41.80,826.60,41.00,27.40,68.40,32.70,801.30,1.96,113.40,0,0,0
2022-03-01T00:16:30,40.765221,-111.909096,1297.50,-9999.00,-9999.00,-9999.00,13.53,28.51,21.39,13.95,8.00,2.00,26.61,10.00,883.20,0.00,-0.50,2.19,41.80,826.60,42.30,28.70,71.00,32.70,801.30,1.96,114.70,0,0,0
2022-03-01T00:16:35,40.765228,-111.909096,1297.60,-9999.00,-9999.00,-9999.00,13.53,28.51,21.38,13.90,8.00,2.00,26.61,10.00,883.10,0.00,-0.00,2.20,41.80,826.10,43.40,28.60,72.00,32.70,801.40,2.03,114.10,0,0,0
2022-03-01T00:16:40,40.765236,-111.909088,1297.60,-9999.00,-9999.00,-9999.00,13.53,28.51,21.38,13.92,7.00,2.00,26.61,9.00,883.10,0.00,1.10,2.18,41.80,826.10,43.50,29.00,72.50,32.70,801.40,1.96,113.30,0,0,0
2022-03-01T00:16:45,40.765240,-111.909081,1297.60,-9999.00,-9999.00,-9999.00,13.53,28.51,21.38,13.96,10.00,2.00,26.61,10.00,883.20,0.00,2.60,2.19,41.80,826.50,45.20,24.80,70.00,32.70,801.30,1.96,114.80,0,0,0
2022-03-01T00:16:50,40.765251,-111.909081,1297.60,-9999.00,-9999.00,-9999.00,13.53,28.51,21.38,13.98,9.00,2.00,26.61,9.00,883.10,0.00,3.10,2.19,41.80,826.50,43.10,24.80,67.90,32.70,801.40,2.03,114.00,0,0,0
2022-03-01T00:16:55,40.765251,-111.909073,1297.60,-9999.00,-9999.00,-9999.00,13.53,28.51,21.38,13.98,8.00,2.00,26.61,10.00,883.20,0.00,1.40,2.20,41.80,826.20,43.20,25.80,69.00,32.70,801.40,1.96,113.30,0,0,0
2022-03-01T00:17:00,40.765259,-111.909065,1297.60,-9999.00,-9999.00,-9999.00,13.53,28.51,21.37,13.96,9.00,2.00,26.61,9.00,883.10,0.00,-2.10,2.20,41.80,826.20,40.80,31.70,72.50,32.70,801.40,1.96,114.70,0,0,0
2022-03-01T00:17:05,40.765263,-111.909058,1297.60,-9999.00,-9999.00,-9999.00,13.53,28.51,21.38,13.94,9.00,2.00,26.61,9.00,883.10,0.00,-0.60,2.20,41.80,826.50,39.30,31.60,70.90,32.70,801.30,2.03,114.10,0,0,0
2022-03-01T00:17:10,40.765266,-111.909058,1297.60,-9999.00,-9999.00,-9999.00,13.53,28.51,21.38,13.94,9.00,2.00,26.61,10.00,883.30,0.00,-1.60,2.20,41.80,826.50,39.40,32.60,72.00,32.70,801.40,1.96,113.70,0,0,0
2022-03-01T00:17:15,40.765266,-111.909058,1297.60,-9999.00,-9999.00,-9999.00,13.53,28.51,21.37,13.94,9.00,2.00,26.61,9.00,883.20,0.00,1.30,2.18,41.80,826.20,39.00,32.90,71.90,32.70,801.40,1.96,114.70,0,0,0
2022-03-01T00:17:20,40.765266,-111.909050,1297.60,-9999.00,-9999.00,-9999.00,13.53,28.51,21.37,13.94,9.00,2.00,26.61,9.00,883.10,0.00,-0.60,2.21,41.80,826.20,37.90,32.80,70.70,32.70,801.50,2.03,114.00,0,0,0
2022-03-01T00:17:25,40.765266,-111.909050,1297.60,-9999.00,-9999.00,-9999.00,13.52,28.51,21.37,13.94,8.00,2.00,26.61,10.00,883.30,0.00,-3.30,2.19,41.80,826.50,38.00,33.50,71.50,32.70,801.40,1.96,113.50,0,0,0
2022-03-01T00:17:30,40.765274,-111.909058,1297.60,-9999.00,-9999.00,-9999.00,13.53,28.51,21.38,13.94,8.00,2.00,26.61,9.00,883.10,0.00,1.40,2.17,41.80,826.50,39.20,30.60,69.80,32.70,801.30,1.96,114.80,0,0,0
2022-03-01T00:17:35,40.765278,-111.909065,1297.70,-9999.00,-9999.00,-9999.00,13.53,28.51,21.38,13.94,9.00,2.00,26.61,9.00,883.10,0.00,-3.80,2.19,41.80,826.10,39.50,30.50,70.00,32.70,801.20,2.03,114.20,0,0,0
2022-03-01T00:17:40,40.765282,-111.909065,1297.70,-9999.00,-9999.00,-9999.00,13.53,28.51,21.38,13.94,9.00,2.00,26.61,9.00,883.20,0.00,2.60,2.19,41.80,826.20,39.60,29.00,68.60,32.70,801.40,1.96,113.60,0,0,0
2022-03-01T00:17:45,40.765282,-111.909065,1297.70,-9999.00,-9999.00,-9999.00,13.53,28.51,21.38,13.94,9.00,2.00,26.61,10.00,883.30,0.00,1.50,2.19,41.80,826.50,37.70,30.20,67.90,32.70,801.50,1.96,114.80,0,0,0
2022-03-01T00:17:50,40.765282,-111.909058,1297.60,-9999.00,-9999.00,-9999.00,13.53,28.51,21.37,13.94,9.00,2.00,26.61,9.00,883.10,0.00,1.60,2.18,41.80,826.60,39.20,30.20,69.40,32.70,801.40,2.03,113.80,0,0,0
2022-03-01T00:17:55,40.765278,-111.909058,1297.60,-9999.00,-9999.00,-9999.00,13.53,28.51,21.37,13.92,8.00,2.00,26.61,9.00,883.10,0.00,2.50,2.20,41.80,826.10,39.30,30.40,69.70,32.70,801.40,1.96,113.50,0,0,0
2022-03-01T00:18:00,40.765270,-111.909065,1297.60,-9999.00,-9999.00,-9999.00,13.53,28.51,21.37,13.92,9.00,2.00,26.61,9.00,883.10,0.00,0.60,2.18,41.80,826.10,42.10,28.20,70.30,32.70,801.40,1.97,114.60,0,0,0
2022-03-01T00:18:05,40.765266,-111.909065,1297.60,-9999.00,-9999.00,-9999.00,13.53,28.51,21.37,13.92,10.00,2.00,26.61,9.00,883.30,0.00,-1.70,2.19,41.80,826.50,39.50,28.20,67.70,32.70,801.30,2.03,114.10,0,0,0
2022-03-01T00:18:10,40.765263,-111.909065,1297.60,-9999.00,-9999.00,-9999.00,13.52,28.51,21.37,13.92,9.00,2.00,26.61,10.00,883.10,0.00,-0.80,2.19,41.80,826.50,39.60,27.90,67.50,32.70,801.30,1.96,113.50,0,0,0
2022-03-01T00:18:15,40.765251,-111.909073,1297.60,-9999.00,-9999.00,-9999.00,13.53,28.51,21.37,13.92,9.00,2.00,26.61,9.00,883.10,0.00,0.20,2.20,41.80,826.10,36.50,28.70,65.20,32.70,801.30,1.96,114.90,0,0,0
2022-03-01T00:18:20,40.765244,-111.909073,1297.60,-9999.00,-9999.00,-9999.00,13.53,28.51,21.38,13.92,9.00,2.00,26.61,9.00,883.30,0.00,-1.60,2.19,41.80,826.10,33.10,28.60,61.70,32.70,801.40,2.03,113.90,0,0,0
2022-03-01T00:18:25,40.765244,-111.909081,1297.70,-9999.00,-9999.00,-9999.00,13.52,28.51,21.42,13.95,9.00,2.00,26.61,9.00,883.20,0.00,-1.80,2.20,41.80,826.60,33.20,30.40,63.60,32.70,801.40,1.96,113.50,0,0,0
2022-03-01T00:18:30,40.765247,-111.909088,1297.70,-9999.00,-9999.00,-9999.00,13.53,28.51,21.38,13.94,9.00,2.00,26.61,10.00,883.40,0.00,-1.90,2.18,41.80,826.50,31.00,37.90,68.90,32.70,801.30,1.96,114.80,0,0,0
2022-03-01T00:18:35,40.765244,-111.909096,1297.70,-9999.00,-9999.00,-9999.00,13.53,28.51,21.38,13.92,8.00,2.00,26.61,9.00,883.10,0.00,1.60,2.19,41.80,826.10,26.90,37.80,64.70,32.70,801.40,2.03,114.00,0,0,0
2022-03-01T00:18:40,40.765247,-111.909096,1297.70,-9999.00,-9999.00,-9999.00,13.53,28.51,21.38,13.92,8.00,2.00,26.61,10.00,883.30,0.00,2.00,2.19,41.80,826.10,27.10,39.90,67.00,32.70,801.40,1.96,113.40,0,0,0
2022-03-01T00:18:45,40.765251,-111.909096,1297.70,-9999.00,-9999.00,-9999.00,13.53,28.51,21.38,13.92,8.00,2.00,26.61,10.00,883.30,0.00,0.50,2.20,41.80,826.50,27.70,35.70,63.40,32.70,801.30,1.96,115.00,0,0,0
2022-03-01T00:18:50,40.765255,-111.909088,1297.70,-9999.00,-9999.00,-9999.00,13.52,28.51,21.37,13.92,8.00,2.00,26.61,10.00,883.40,0.00,-2.10,2.19,41.80,826.60,34.10,35.70,69.80,32.70,801.40,2.03,114.10,0,0,0
2022-03-01T00:18:55,40.765259,-111.909088,1297.70,-9999.00,-9999.00,-9999.00,13.52,28.51,21.38,13.94,8.00,2.00,26.61,10.00,883.30,0.00,-1.70,2.19,41.80,826.10,34.20,35.60,69.80,32.70,801.40,1.96,113.60,0,0,0
2022-03-01T00:19:00,40.765251,-111.909081,1297.70,-9999.00,-9999.00,-9999.00,13.52,28.51,21.38,13.94,8.00,2.00,26.61,10.00,883.10,0.00,0.70,2.20,41.80,826.10,38.90,39.30,78.20,32.70,801.40,1.96,114.70,0,0,0
2022-03-01T00:19:05,40.765251,-111.909081,1297.70,-9999.00,-9999.00,-9999.00,13.53,28.51,21.38,13.94,9.00,2.00,26.61,10.00,883.10,0.00,-0.50,2.19,41.80,826.50,38.80,39.20,78.00,32.70,801.20,2.03,114.10,0,0,0
2022-03-01T00:19:10,40.765247,-111.909081,1297.70,-9999.00,-9999.00,-9999.00,13.52,28.51,21.37,13.96,9.00,2.00,26.61,10.00,883.20,0.00,-1.20,2.19,41.80,826.50,38.90,37.00,75.90,32.70,801.40,1.96,113.60,0,0,0
2022-03-01T00:19:15,40.765247,-111.909088,1297.70,-9999.00,-9999.00,-9999.00,13.53,28.51,21.37,13.96,8.00,2.00,26.61,10.00,883.20,0.00,-1.80,2.18,41.80,826.20,33.90,33.80,67.70,32.70,801.40,1.96,114.60,0,0,0
2022-03-01T00:19:20,40.765244,-111.909096,1297.70,-9999.00,-9999.00,-9999.00,13.53,28.51,21.38,13.93,8.00,2.00,26.61,10.00,883.20,0.00,0.70,2.20,41.80,826.10,32.10,33.70,65.80,32.70,801.40,2.03,113.80,0,0,0
2022-03-01T00:19:25,40.765244,-111.909103,1297.70,-9999.00,-9999.00,-9999.00,13.53,28.51,21.37,13.92,8.00,2.00,26.61,9.00,883.30,0.00,0.10,2.19,41.80,826.50,32.30,36.00,68.30,32.70,801.30,1.96,113.50,0,0,0
2022-03-01T00:19:30,40.765236,-111.909103,1297.70,-9999.00,-9999.00,-9999.00,13.53,28.51,21.37,13.88,9.00,2.00,26.61,10.00,883.20,0.00,-1.30,2.20,41.80,826.50,36.10,36.30,72.40,32.70,801.30,1.96,114.70,0,0,0
2022-03-01T00:19:35,40.765232,-111.909103,1297.70,-9999.00,-9999.00,-9999.00,13.53,28.51,21.38,13.86,8.00,2.00,26.61,9.00,883.20,0.00,3.00,2.20,41.80,826.20,38.80,36.20,75.00,32.70,801.40,2.03,114.00,0,0,0
2022-03-01T00:19:40,40.765228,-111.909103,1297.70,-9999.00,-9999.00,-9999.00,13.53,28.51,21.38,13.84,8.00,2.00,26.61,10.00,883.10,0.00,0.40,2.18,41.80,826.20,38.80,33.70,72.50,32.70,801.40,1.96,113.60,0,0,0
2022-03-01T00:19:45,40.765228,-111.909103,1297.70,-9999.00,-9999.00,-9999.00,13.53,28.51,21.38,13.84,8.00,2.00,26.61,10.00,883.30,0.00,1.50,2.18,41.80,826.50,37.80,30.50,68.30,32.70,801.40,1.96,114.40,0,0,0
2022-03-01T00:19:50,40.765228,-111.909088,1297.70,-9999.00,-9999.00,-9999.00,13.53,28.51,21.38,13.84,8.00,2.00,26.61,9.00,883.30,0.00,-2.40,2.17,41.70,826.50,36.20,30.40,66.60,32.70,801.40,2.03,113.80,0,0,0
2022-03-01T00:19:55,40.765228,-111.909081,1297.70,-9999.00,-9999.00,-9999.00,13.53,28.51,21.38,13.84,7.00,2.00,26.61,10.00,883.10,0.00,-0.30,2.19,41.80,826.20,36.30,29.90,66.20,32.70,801.40,1.96,113.70,0,0,0
2022-03-01T00:20:00,40.765228,-111.909073,1297.70,-9999.00,-9999.00,-9999.00,13.53,28.51,21.37,13.87,8.00,2.00,26.61,10.00,883.30,0.00,-2.40,2.20,41.80,826.10,35.40,29.30,64.70,32.70,801.40,1.96,114.70,0,0,0
2022-03-01T00:20:05,40.765236,-111.909065,1297.80,-9999.00,-9999.00,-9999.00,13.53,28.51,21.38,13.90,7.00,2.00,26.61,9.00,883.30,0.00,0.00,2.19,41.80,826.50,29.80,29.20,59.00,32.70,801.50,2.03,114.00,0,0,0
2022-03-01T00:20:10,40.765240,-111.909065,1297.80,-9999.00,-9999.00,-9999.00,13.53,28.51,21.37,13.90,7.00,2.00,26.61,9.00,883.30,0.00,0.60,2.20,41.80,826.50,29.90,31.40,61.30,32.70,801.40,1.96,113.60,0,0,0
2022-03-01T00:20:15,40.765236,-111.909058,1297.80,-9999.00,-9999.00,-9999.00,13.52,28.51,21.37,13.90,8.00,2.00,26.61,9.00,883.30,0.00,1.00,2.20,41.80,826.10,28.80,33.00,61.80,32.70,801.40,1.96,114.70,0,0,0
2022-03-01T00:20:20,40.765240,-111.909065,1297.80,-9999.00,-9999.00,-9999.00,13.53,28.51,21.43,13.90,8.00,2.00,26.61,10.00,883.20,0.00,-2.50,2.20,41.80,826.10,38.00,32.90,70.90,32.70,801.40,2.03,113.80,0,0,0
2022-03-01T00:20:25,40.765240,-111.909050,1297.90,-9999.00,-9999.00,-9999.00,13.52,28.51,21.41,13.94,8.00,2.00,26.61,9.00,883.10,0.00,-2.80,2.19,41.80,826.60,38.00,30.00,68.00,32.70,801.40,1.96,113.40,0,0,0
2022-03-01T00:20:30,40.765221,-111.909050,1298.10,-9999.00,-9999.00,-9999.00,13.53,28.51,21.37,13.90,8.00,2.00,26.61,10.00,883.10,0.00,-3.10,2.19,41.80,826.50,40.90,32.80,73.70,32.70,801.30,1.96,114.70,0,0,0
2022-03-01T00:20:35,40.765224,-111.909042,1298.20,-9999.00,-9999.00,-9999.00,13.53,28.51,21.38,13.88,8.00,2.00,26.61,9.00,883.10,0.00,0.80,2.20,41.80,826.10,33.40,32.70,66.10,32.70,801.30,2.03,114.10,0,0,0
2022-03-01T00:20:40,40.765228,-111.909050,1298.40,-9999.00,-9999.00,-9999.00,13.53,28.51,21.37,13.90,8.00,2.00,26.61,9.00,883.10,0.00,-1.00,2.19,41.80,826.10,33.60,37.20,70.80,32.70,801.30,1.96,113.70,0,0,0
2022-03-01T00:20:45,40.765266,-111.909081,1298.10,-9999.00,-9999.00,-9999.00,13.53,28.51,21.38,13.90,8.00,2.00,26.61,9.00,883.30,0.00,1.90,2.18,41.80,826.50,31.80,37.00,68.80,32.70,801.40,1.96,115.00,0,0,0
2022-03-01T00:20:50,40.765278,-111.909096,1298.00,-9999.00,-9999.00,-9999.00,13.53,28.51,21.38,13.92,8.00,2.00,26.61,9.00,883.30,0.00,1.30,2.19,41.80,826.50,35.40,36.90,72.30,32.70,801.40,2.03,114.10,0,0,0
2022-03-01T00:20:55,40.765293,-111.909096,1298.00,-9999.00,-9999.00,-9999.00,13.53,28.51,21.38,13.92,8.00,2.00,26.61,10.00,883.30,0.00,-0.90,2.20,41.80,826.10,35.50,34.60,70.10,32.70,801.40,1.96,113.40,0,0,0
2022-03-01T00:21:00,40.765297,-111.909111,1298.00,-9999.00,-9999.00,-9999.00,13.53,28.51,21.38,13.90,8.00,2.00,26.61,9.00,883.20,0.00,-0.50,2.18,41.80,826.20,37.70,30.80,68.50,32.70,801.40,1.96,114.50,0,0,0
2022-03-01T00:21:05,40.765324,-111.909134,1297.70,-9999.00,-9999.00,-9999.00,13.53,28.51,21.38,13.88,8.00,2.00,26.61,9.00,883.20,0.00,-0.80,2.19,41.80,826.50,36.70,30.70,67.40,32.70,801.30,2.03,114.30,0,0,0
2022-03-01T00:21:10,40.765331,-111.909142,1297.60,-9999.00,-9999.00,-9999.00,13.53,28.51,21.38,13.88,7.00,2.00,26.61,9.00,883.30,0.00,0.90,2.18,41.80,826.50,36.80,28.40,65.20,32.70,801.30,1.96,113.60,0,0,0
2022-03-01T00:21:15,40.765331,-111.909142,1297.70,-9999.00,-9999.00,-9999.00,13.53,28.51,21.37,13.88,7.00,2.00,26.61,9.00,883.20,0.00,-3.50,2.20,41.80,826.20,31.60,31.60,63.20,32.70,801.40,1.96,114.90,0,0,0
2022-03-01T00:21:20,40.765362,-111.909180,1298.00,-9999.00,-9999.00,-9999.00,13.53,28.51,21.37,13.92,8.00,2.00,26.61,9.00,883.30,0.00,-1.60,2.19,41.80,826.10,24.80,31.50,56.30,32.70,801.40,2.03,114.00,0,0,0
2022-03-01T00:21:25,40.765381,-111.909210,1298.40,-9999.00,-9999.00,-9999.00,13.53,28.51,21.37,13.94,8.00,2.00,26.61,9.00,883.10,0.00,-0.80,2.19,41.80,826.50,25.00,36.70,61.70,32.70,801.40,1.96,113.50,0,0,0
2022-03-01T00:21:30,40.765381,-111.909225,1298.70,-9999.00,-9999.00,-9999.00,13.53,28.51,21.37,13.89,8.00,2.00,26.61,9.00,883.30,0.00,-3.00,2.18,41.80,826.50,26.90,39.30,66.20,32.70,801.30,1.96,114.80,0,0,0
2022-03-01T00:21:35,40.765381,-111.909225,1298.80,-9999.00,-9999.00,-9999.00,13.53,28.51,21.37,13.75,8.00,2.00,26.61,10.00,883.10,0.00,-1.10,2.19,41.80,826.20,31.10,39.20,70.30,32.70,801.40,2.03,114.30,0,0,0
2022-03-01T00:21:40,40.765385,-111.909256,1298.70,-9999.00,-9999.00,-9999.00,13.53,28.51,21.38,13.76,7.00,2.00,26.61,9.00,883.20,0.00,-0.30,2.20,41.80,826.20,31.10,37.80,68.90,32.70,801.40,1.96,113.40,0,0,0
2022-03-01T00:21:45,40.765377,-111.909264,1298.60,-9999.00,-9999.00,-9999.00,13.53,28.51,21.37,13.85,8.00,2.00,26.61,10.00,883.20,0.00,-1.30,2.19,41.80,826.60,33.90,33.00,66.90,32.70,801.40,1.96,114.60,0,0,0
2022-03-01T00:21:50,40.765373,-111.909264,1298.60,-9999.00,-9999.00,-9999.00,13.52,28.51,21.38,13.85,7.00,2.00,26.61,9.00,883.30,0.00,-0.90,2.19,41.80,826.50,37.00,32.90,69.90,32.70,801.50,2.03,113.90,0,0,0
2022-03-01T00:21:55,40.765373,-111.909271,1298.60,-9999.00,-9999.00,-9999.00,13.52,28.51,21.38,13.81,8.00,2.00,26.61,9.00,883.20,0.00,-1.60,2.19,41.80,826.10,37.10,30.20,67.30,32.70,801.30,1.96,113.60,0,0,0
2022-03-01T00:22:00,40.765373,-111.909264,1298.70,-9999.00,-9999.00,-9999.00,13.53,28.51,21.37,13.85,8.00,2.00,26.61,9.00,883.20,0.00,-0.30,2.19,41.80,826.10,35.90,29.60,65.50,32.70,801.30,1.96,114.80,0,0,0
2022-03-01T00:22:05,40.765377,-111.909264,1298.80,-9999.00,-9999.00,-9999.00,13.53,28.51,21.38,13.89,7.00,2.00,26.61,9.00,883.30,0.00,-1.20,2.19,41.80,826.50,33.70,29.60,63.30,32.70,801.40,2.03,113.90,0,0,0
2022-03-01T00:22:10,40.765377,-111.909264,1298.70,-9999.00,-9999.00,-9999.00,13.53,28.51,21.39,13.90,7.00,2.00,26.50,9.00,883.30,0.00,0.40,2.19,41.80,826.50,33.80,29.30,63.10,32.70,801.30,1.96,113.50,0,0,0
2022-03-01T00:22:15,40.765388,-111.909256,1298.80,-9999.00,-9999.00,-9999.00,13.53,28.51,21.39,13.90,7.00,2.00,26.50,9.00,883.10,0.00,1.10,2.20,41.80,826.10,32.40,28.20,60.60,32.70,801.30,1.96,115.00,0,0,0
2022-03-01T00:22:20,40.765377,-111.909256,1298.80,-9999.00,-9999.00,-9999.00,13.53,28.51,21.44,13.96,-9999.00,-9999.00,-9999.00,-9999.00,-9999.00,-9999.00,2.40,2.19,41.80,826.20,33.70,28.20,61.90,32.70,801.20,2.03,114.20,0,0,0
2022-03-01T00:22:25,40.765381,-111.909264,1298.90,-9999.00,-9999.00,-9999.00,13.53,28.51,21.39,13.93,-9999.00,-9999.00,-9999.00,-9999.00,-9999.00,-9999.00,-3.70,2.19,41.80,826.50,33.80,29.80,63.60,32.70,801.40,1.96,113.50,0,0,0
2022-03-01T00:22:30,40.765373,-111.909264,1298.80,-9999.00,-9999.00,-9999.00,13.53,28.51,21.39,13.92,-9999.00,-9999.00,-9999.00,-9999.00,-9999.00,-9999.00,-2.10,2.19,41.80,826.50,35.50,36.40,71.90,32.70,801.50,1.96,114.40,0,0,0
2022-03-01T00:22:35,40.765362,-111.909241,1298.90,-9999.00,-9999.00,-9999.00,13.53,28.51,21.40,13.84,-9999.00,-9999.00,-9999.00,-9999.00,-9999.00,-9999.00,-0.40,2.19,41.80,826.20,31.10,36.30,67.40,32.70,801.40,2.03,114.00,0,0,0
2022-03-01T00:22:40,40.765339,-111.909233,1299.00,-9999.00,-9999.00,-9999.00,13.53,28.51,21.39,13.88,-9999.00,-9999.00,-9999.00,-9999.00,-9999.00,-9999.00,1.00,2.19,41.80,826.20,31.20,37.90,69.10,32.70,801.50,1.96,113.50,0,0,0
2022-03-01T00:22:45,40.765308,-111.909218,1299.00,-9999.00,-9999.00,-9999.00,13.53,28.51,21.39,13.94,-9999.00,-9999.00,-9999.00,-9999.00,-9999.00,-9999.00,-0.30,2.20,41.80,826.60,30.80,29.80,60.60,32.70,801.50,1.96,114.70,0,0,0
2022-03-01T00:22:50,40.765293,-111.909210,1298.80,-9999.00,-9999.00,-9999.00,13.53,28.51,21.39,13.94,-9999.00,-9999.00,-9999.00,-9999.00,-9999.00,-9999.00,1.40,2.18,41.80,826.60,33.60,29.70,63.30,32.70,801.50,2.03,113.80,0,0,0
2022-03-01T00:22:55,40.765285,-111.909210,1298.80,-9999.00,-9999.00,-9999.00,13.52,28.50,21.39,13.96,-9999.00,-9999.00,-9999.00,-9999.00,-9999.00,-9999.00,-0.70,2.18,41.80,826.20,33.70,27.00,60.70,32.70,801.30,1.96,113.60,0,0,0
2022-03-01T00:23:00,40.765289,-111.909225,1298.70,-9999.00,-9999.00,-9999.00,13.53,28.51,21.40,13.96,-9999.00,-9999.00,-9999.00,-9999.00,-9999.00,-9999.00,-0.60,2.18,41.80,826.20,32.00,33.40,65.40,32.70,801.30,1.96,114.70,0,0,0
2022-03-01T00:23:05,40.765297,-111.909256,1298.50,-9999.00,-9999.00,-9999.00,13.53,28.51,21.39,13.98,-9999.00,-9999.00,-9999.00,-9999.00,-9999.00,-9999.00,1.60,2.19,41.80,826.60,33.10,33.40,66.50,32.70,801.30,2.03,113.90,0,0,0
2022-03-01T00:23:10,40.765289,-111.909264,1298.30,-9999.00,-9999.00,-9999.00,13.53,28.51,21.39,13.98,-9999.00,-9999.00,-9999.00,-9999.00,-9999.00,-9999.00,-0.60,2.19,41.80,826.60,33.30,36.40,69.70,32.70,801.40,1.96,113.50,0,0,0
2022-03-01T00:23:15,40.765289,-111.909264,1298.30,-9999.00,-9999.00,-9999.00,13.53,28.50,21.39,13.98,-9999.00,-9999.00,-9999.00,-9999.00,-9999.00,-9999.00,-0.50,2.19,41.80,826.20,38.50,33.70,72.20,32.70,801.40,1.96,114.70,0,0,0
2022-03-01T00:23:20,40.765293,-111.909271,1298.20,-9999.00,-9999.00,-9999.00,13.53,28.50,21.40,13.98,-9999.00,-9999.00,-9999.00,-9999.00,-9999.00,-9999.00,-2.50,2.19,41.80,826.20,39.70,33.70,73.40,32.70,801.50,2.03,114.00,0,0,0
2022-03-01T00:23:25,40.765293,-111.909271,1298.30,-9999.00,-9999.00,-9999.00,13.53,28.51,21.39,13.98,8.00,2.00,26.50,9.00,883.20,0.00,0.20,2.18,41.60,826.60,39.80,31.30,71.10,32.70,801.40,1.96,113.80,0,0,0
2022-03-01T00:23:30,40.765297,-111.909279,1298.30,-9999.00,-9999.00,-9999.00,13.53,28.51,21.39,14.00,8.00,2.00,26.50,9.00,883.20,0.00,0.10,2.18,41.80,826.60,34.40,35.80,70.20,32.70,801.30,1.96,114.80,0,0,0
2022-03-01T00:23:35,40.765301,-111.909279,1298.50,-9999.00,-9999.00,-9999.00,13.53,28.51,21.39,14.00,8.00,2.00,26.50,10.00,883.30,0.00,-9.60,2.18,41.80,826.20,28.90,35.80,64.70,32.70,801.30,2.03,114.10,0,0,0
2022-03-01T00:23:40,40.765308,-111.909248,1298.70,-9999.00,-9999.00,-9999.00,13.53,28.51,21.40,14.02,8.00,2.00,26.50,10.00,883.40,0.00,1.60,2.19,41.80,826.10,29.10,40.50,69.60,32.70,801.40,1.96,113.60,0,0,0
2022-03-01T00:23:45,40.765308,-111.909233,1299.00,-9999.00,-9999.00,-9999.00,13.53,28.51,21.40,14.02,8.00,2.00,26.50,9.00,883.30,0.00,-0.80,2.19,41.80,826.50,31.60,40.50,72.10,32.70,801.40,1.96,114.80,0,0,0
2022-03-01T00:23:50,40.765308,-111.909218,1299.20,-9999.00,-9999.00,-9999.00,13.53,28.50,21.40,14.02,8.00,2.00,26.50,10.00,883.40,0.00,0.30,2.20,41.80,826.50,34.60,40.50,75.10,32.70,801.40,2.03,114.00,0,0,0
2022-03-01T00:23:55,40.765305,-111.909218,1299.30,-9999.00,-9999.00,-9999.00,13.53,28.50,21.40,14.02,8.00,2.00,26.50,10.00,883.00,0.00,0.70,2.19,41.80,826.20,34.70,36.80,71.50,32.70,801.40,1.96,113.50,0,0,0
2022-03-01T00:24:00,40.765293,-111.909180,1299.30,-9999.00,-9999.00,-9999.00,13.53,28.50,21.40,14.02,8.00,2.00,26.50,9.00,883.20,0.00,0.50,2.18,41.80,826.20,31.50,37.10,68.60,32.70,801.40,1.96,114.60,0,0,0
2022-03-01T00:24:05,40.765285,-111.909142,1299.20,-9999.00,-9999.00,-9999.00,13.53,28.50,21.40,14.02,7.00,2.00,26.50,10.00,883.20,0.00,-3.00,2.19,41.80,826.50,26.60,37.10,63.70,32.70,801.30,2.03,114.10,0,0,0
2022-03-01T00:24:10,40.765274,-111.909103,1299.00,-9999.00,-9999.00,-9999.00,13.53,28.50,21.40,14.02,7.00,2.00,26.50,10.00,883.10,0.00,0.50,2.18,41.80,826.50,26.70,39.30,66.00,32.70,801.30,1.96,113.50,0,0,0
2022-03-01T00:24:15,40.765266,-111.909081,1298.90,-9999.00,-9999.00,-9999.00,13.53,28.50,21.39,14.02,7.00,2.00,26.50,10.00,883.20,0.00,-1.90,2.18,41.80,826.10,28.10,35.40,63.50,32.70,801.40,1.96,114.70,0,0,0
2022-03-01T00:24:20,40.765251,-111.909073,1299.10,-9999.00,-9999.00,-9999.00,13.53,28.50,21.43,14.04,8.00,2.00,26.50,10.00,883.10,0.00,-0.70,2.20,41.80,826.10,30.80,35.30,66.10,32.70,801.40,2.03,114.10,0,0,0
2022-03-01T00:24:25,40.765240,-111.909050,1298.90,-9999.00,-9999.00,-9999.00,13.53,28.50,21.40,14.05,8.00,2.00,26.50,10.00,883.20,0.00,2.20,2.18,41.80,826.60,30.90,33.20,64.10,32.70,801.40,1.96,113.60,0,0,0
2022-03-01T00:24:30,40.765236,-111.909042,1298.90,-9999.00,-9999.00,-9999.00,13.53,28.50,21.39,14.02,8.00,2.00,26.50,9.00,883.20,0.00,0.70,2.18,41.80,826.60,30.70,34.90,65.60,32.70,801.30,1.96,114.70,0,0,0
2022-03-01T00:24:35,40.765240,-111.909050,1299.00,-9999.00,-9999.00,-9999.00,13.53,28.50,21.39,14.04,7.00,2.00,26.50,10.00,883.10,0.00,1.10,2.18,41.80,826.20,32.60,34.80,67.40,32.70,801.50,2.03,113.90,0,0,0
2022-03-01T00:24:40,40.765240,-111.909050,1299.00,-9999.00,-9999.00,-9999.00,13.53,28.50,21.39,14.08,7.00,2.00,26.50,10.00,883.10,0.00,-0.60,2.19,41.80,826.20,32.70,35.10,67.80,32.70,801.40,1.96,113.50,0,0,0
2022-03-01T00:24:45,40.765240,-111.909050,1299.00,-9999.00,-9999.00,-9999.00,13.53,28.50,21.40,14.12,8.00,2.00,26.50,10.00,883.30,0.00,2.20,2.19,41.80,826.60,33.20,37.40,70.60,32.70,801.40,1.96,114.40,0,0,0
2022-03-01T00:24:50,40.765244,-111.909050,1299.10,-9999.00,-9999.00,-9999.00,13.53,28.50,21.40,14.12,7.00,2.00,26.50,10.00,883.20,0.00,-3.60,2.18,41.80,826.50,31.80,37.40,69.20,32.70,801.50,2.03,113.90,0,0,0
2022-03-01T00:24:55,40.765244,-111.909065,1299.20,-9999.00,-9999.00,-9999.00,13.53,28.50,21.40,14.12,7.00,2.00,26.50,9.00,883.20,0.00,0.70,2.19,41.80,826.20,31.90,39.30,71.20,32.70,801.40,1.96,113.40,0,0,0
2022-03-01T00:25:00,40.765240,-111.909081,1299.30,-9999.00,-9999.00,-9999.00,13.53,28.50,21.39,14.10,9.00,2.00,26.50,10.00,883.20,0.00,0.10,2.18,41.80,826.20,36.60,28.10,64.70,32.70,801.40,1.96,114.80,0,0,0
2022-03-01T00:25:05,40.765236,-111.909103,1299.60,-9999.00,-9999.00,-9999.00,13.53,28.50,21.39,14.08,8.00,2.00,26.50,9.00,883.40,0.00,-0.30,2.20,41.80,826.60,41.00,28.10,69.10,32.70,801.30,2.03,113.90,0,0,0
2022-03-01T00:25:10,40.765236,-111.909126,1299.90,-9999.00,-9999.00,-9999.00,13.53,28.50,21.40,14.10,8.00,2.00,26.50,9.00,883.10,0.00,-0.20,2.18,41.80,826.50,41.00,22.30,63.30,32.70,801.40,1.96,113.60,0,0,0
2022-03-01T00:25:15,40.765236,-111.909134,1300.00,-9999.00,-9999.00,-9999.00,13.53,28.50,21.39,14.10,8.00,2.00,26.50,10.00,883.10,0.00,0.90,2.18,41.80,826.10,35.50,28.50,64.00,32.60,801.30,1.96,114.70,0,0,0
2022-03-01T00:25:20,40.765236,-111.909142,1300.00,-9999.00,-9999.00,-9999.00,13.52,28.50,21.39,14.10,7.00,2.00,26.50,10.00,883.20,0.00,-1.10,2.20,41.80,826.10,40.00,28.40,68.40,32.70,801.40,2.03,114.10,0,0,0
2022-03-01T00:25:25,40.765224,-111.909142,1300.10,-9999.00,-9999.00,-9999.00,13.53,28.50,21.39,14.12,8.00,2.00,26.50,10.00,883.10,0.00,0.20,2.19,41.70,826.50,40.20,31.90,72.10,32.70,801.40,1.96,113.50,0,0,0
2022-03-01T00:25:30,40.765224,-111.909149,1300.10,-9999.00,-9999.00,-9999.00,13.53,28.50,21.39,14.16,8.00,2.00,26.50,10.00,883.20,0.00,2.70,2.19,41.80,826.60,49.00,31.60,80.60,32.70,801.40,1.96,114.60,0,0,0
2022-03-01T00:25:35,40.765228,-111.909149,1300.20,-9999.00,-9999.00,-9999.00,13.53,28.50,21.40,14.18,8.00,2.00,26.50,10.00,883.20,0.00,-0.70,2.19,41.80,826.20,55.00,31.60,86.60,32.70,801.30,2.03,114.10,0,0,0
2022-03-01T00:25:40,40.765228,-111.909142,1300.30,-9999.00,-9999.00,-9999.00,13.53,28.50,21.39,14.20,8.00,2.00,26.50,10.00,883.20,0.00,-3.10,2.19,41.80,826.20,55.10,31.80,86.90,32.70,801.40,1.96,113.40,0,0,0
2022-03-01T00:25:45,40.765236,-111.909142,1300.30,-9999.00,-9999.00,-9999.00,13.53,28.50,21.39,14.20,9.00,2.00,26.50,10.00,883.20,0.00,1.60,2.18,41.80,826.60,55.50,35.80,91.30,32.70,801.30,1.96,114.90,0,0,0
2022-03-01T00:25:50,40.765240,-111.909142,1300.30,-9999.00,-9999.00,-9999.00,13.52,28.50,21.40,14.20,8.00,2.00,26.50,10.00,883.30,0.00,0.10,2.19,41.80,826.60,65.00,35.70,100.70,32.60,801.40,2.03,113.90,0,0,0
2022-03-01T00:25:55,40.765236,-111.909126,1300.30,-9999.00,-9999.00,-9999.00,13.53,28.50,21.39,14.19,8.00,2.00,26.50,10.00,883.10,0.00,-0.50,2.19,41.80,826.10,65.10,35.90,101.00,32.70,801.40,1.96,113.50,0,0,0
2022-03-01T00:26:00,40.765244,-111.909126,1300.30,-9999.00,-9999.00,-9999.00,13.53,28.50,21.39,14.18,8.00,2.00,26.50,10.00,883.30,0.00,-0.40,2.19,41.80,826.10,73.30,29.80,103.10,32.70,801.40,1.96,114.50,0,0,0
2022-03-01T00:26:05,40.765244,-111.909119,1300.30,-9999.00,-9999.00,-9999.00,13.53,28.50,21.39,14.16,7.00,2.00,26.50,10.00,883.20,0.00,2.40,2.20,41.80,826.50,98.00,29.80,127.80,32.70,801.30,2.03,114.30,0,0,0
2022-03-01T00:26:10,40.765247,-111.909111,1300.50,-9999.00,-9999.00,-9999.00,13.53,28.50,21.39,14.16,7.00,2.00,26.50,10.00,883.20,0.00,-1.00,2.18,41.80,826.50,98.20,28.30,126.50,32.70,801.40,1.96,113.40,0,0,0
2022-03-01T00:26:15,40.765251,-111.909096,1300.80,-9999.00,-9999.00,-9999.00,13.53,28.50,21.39,14.14,7.00,2.00,26.50,10.00,883.30,0.00,0.60,2.20,41.80,826.20,112.90,30.80,143.70,32.70,801.40,1.96,114.90,0,0,0
2022-03-01T00:26:20,40.765259,-111.909103,1301.00,-9999.00,-9999.00,-9999.00,13.53,28.50,21.40,14.15,8.00,2.00,26.50,10.00,883.10,0.00,0.70,2.17,41.80,826.30,166.50,30.70,197.20,32.60,801.40,2.03,114.00,0,0,0
2022-03-01T00:26:25,40.765263,-111.909096,1301.10,-9999.00,-9999.00,-9999.00,13.53,28.50,21.44,14.15,8.00,2.00,26.50,10.00,883.30,0.00,-0.50,2.19,41.80,826.50,166.90,34.00,200.90,32.70,801.30,1.96,113.60,0,0,0
2022-03-01T00:26:30,40.765263,-111.909103,1301.10,-9999.00,-9999.00,-9999.00,13.53,28.50,21.39,14.11,7.00,2.00,26.50,10.00,883.10,0.00,-1.00,2.18,41.80,826.50,206.30,34.50,240.80,32.60,801.40,1.96,114.80,0,0,0
2022-03-01T00:26:35,40.765274,-111.909126,1301.40,-9999.00,-9999.00,-9999.00,13.53,28.50,21.39,14.08,8.00,2.00,26.50,10.00,883.20,0.00,0.40,2.18,41.80,826.20,177.50,34.40,211.90,32.70,801.30,2.03,114.00,0,0,0
2022-03-01T00:26:40,40.765282,-111.909119,1301.40,-9999.00,-9999.00,-9999.00,13.53,28.50,21.39,14.06,8.00,2.00,26.50,10.00,883.00,0.00,-2.00,2.18,41.80,826.10,177.80,30.50,208.30,32.70,801.40,1.96,113.50,0,0,0
2022-03-01T00:26:45,40.765293,-111.909111,1302.10,-9999.00,-9999.00,-9999.00,13.53,28.50,21.39,14.04,8.00,2.00,26.50,10.00,883.10,0.00,0.80,2.19,41.80,826.50,129.80,31.70,161.50,32.60,801.40,1.96,114.70,0,0,0
2022-03-01T00:26:50,40.765305,-111.909103,1302.30,-9999.00,-9999.00,-9999.00,13.53,28.50,21.39,14.02,8.00,2.00,26.50,10.00,883.20,0.00,0.00,2.19,41.80,826.50,108.50,31.70,140.20,32.60,801.50,2.03,113.90,0,0,0
2022-03-01T00:26:55,40.765316,-111.909088,1302.60,-9999.00,-9999.00,-9999.00,13.53,28.50,21.39,14.02,7.00,2.00,26.50,10.00,883.10,0.00,1.40,2.19,41.80,826.20,108.80,35.50,144.30,32.70,801.40,1.96,113.40,0,0,0
2022-03-01T00:27:00,40.765320,-111.909081,1302.70,-9999.00,-9999.00,-9999.00,13.53,28.50,21.39,14.02,8.00,2.00,26.50,10.00,883.20,0.00,1.10,2.18,41.80,826.20,115.20,30.40,145.60,32.60,801.30,1.96,114.90,0,0,0
2022-03-01T00:27:05,40.765320,-111.909088,1302.70,-9999.00,-9999.00,-9999.00,13.53,28.50,21.40,14.02,9.00,2.00,26.50,10.00,883.10,0.00,-1.20,2.20,41.80,826.50,109.10,30.40,139.50,32.70,801.40,2.03,113.90,0,0,0
2022-03-01T00:27:10,40.765320,-111.909088,1302.70,-9999.00,-9999.00,-9999.00,13.52,28.50,21.39,14.02,8.00,2.00,26.50,10.00,883.20,0.00,-0.60,2.19,41.80,826.50,109.20,25.00,134.20,32.70,801.40,1.96,113.30,0,0,0
2022-03-01T00:27:15,40.765339,-111.909081,1302.00,-9999.00,-9999.00,-9999.00,13.53,28.50,21.40,13.98,8.00,2.00,26.50,10.00,883.10,0.00,-2.10,2.19,41.80,826.20,101.30,22.60,123.90,32.60,801.40,1.96,114.70,0,0,0
2022-03-01T00:27:20,40.765339,-111.909065,1302.00,-9999.00,-9999.00,-9999.00,13.53,28.50,21.39,13.94,7.00,2.00,26.50,10.00,883.20,0.00,0.60,2.17,41.80,826.20,106.20,22.60,128.80,32.70,801.40,2.03,114.00,0,0,0
2022-03-01T00:27:25,40.765339,-111.909073,1302.10,-9999.00,-9999.00,-9999.00,13.53,28.50,21.39,13.94,8.00,2.00,26.50,10.00,883.40,0.00,1.00,2.19,41.80,826.50,106.50,25.40,131.90,32.70,801.30,1.96,113.50,0,0,0
2022-03-01T00:27:30,40.765339,-111.909073,1301.80,-9999.00,-9999.00,-9999.00,13.53,28.50,21.42,13.94,7.00,2.00,26.50,10.00,883.10,0.00,-0.90,2.20,41.80,826.50,116.40,32.10,148.50,32.70,801.30,1.96,114.70,0,0,0
2022-03-01T00:27:35,40.765343,-111.909065,1301.70,-9999.00,-9999.00,-9999.00,13.53,28.50,21.41,13.94,8.00,2.00,26.50,10.00,883.20,0.00,-0.30,2.18,41.80,826.10,120.50,32.00,152.50,32.70,801.30,2.03,114.10,0,0,0
2022-03-01T00:27:40,40.765350,-111.909050,1301.50,-9999.00,-9999.00,-9999.00,13.53,28.50,21.42,13.92,8.00,2.00,26.50,10.00,883.20,0.00,-0.40,2.19,41.80,826.20,120.80,33.40,154.20,32.60,801.30,1.96,113.40,0,0,0
2022-03-01T00:27:45,40.765362,-111.909050,1301.20,-9999.00,-9999.00,-9999.00,13.53,28.50,21.42,13.92,9.00,2.00,26.50,10.00,883.10,0.00,-2.90,2.19,41.80,826.50,120.80,34.80,155.60,32.60,801.40,1.96,115.10,0,0,0
2022-03-01T00:27:50,40.765377,-111.909050,1300.50,-9999.00,-9999.00,-9999.00,13.53,28.50,21.41,13.92,9.00,2.00,26.50,10.00,883.30,0.00,0.60,2.18,41.80,826.50,112.00,34.70,146.70,32.70,801.40,2.03,114.10,0,0,0
2022-03-01T00:27:55,40.765388,-111.909050,1300.00,-9999.00,-9999.00,-9999.00,13.53,28.50,21.42,13.92,7.00,2.00,26.50,10.00,883.30,0.00,3.10,2.17,41.80,826.20,112.20,34.10,146.30,32.70,801.40,1.96,113.40,0,0,0
2022-03-01T00:28:00,40.765396,-111.909065,1299.80,-9999.00,-9999.00,-9999.00,13.53,28.50,21.41,13.90,7.00,2.00,26.50,10.00,883.10,0.00,0.50,2.19,41.80,826.10,104.40,30.00,134.40,32.70,801.30,1.96,114.80,0,0,0
2022-03-01T00:28:05,40.765404,-111.909065,1299.90,-9999.00,-9999.00,-9999.00,13.53,28.50,21.42,13.90,7.00,2.00,26.50,10.00,883.00,0.00,0.40,2.18,41.80,826.50,95.30,30.00,125.30,32.70,801.40,2.03,113.90,0,0,0
2022-03-01T00:28:10,40.765415,-111.909081,1300.30,-9999.00,-9999.00,-9999.00,13.53,28.50,21.41,13.90,8.00,2.00,26.50,10.00,883.10,0.00,-0.30,2.19,41.80,826.50,95.50,31.80,127.30,32.70,801.30,1.96,113.60,0,0,0
2022-03-01T00:28:15,40.765415,-111.909081,1300.40,-9999.00,-9999.00,-9999.00,13.53,28.50,21.42,13.90,8.00,2.00,26.50,10.00,883.30,0.00,1.80,2.19,41.80,826.20,93.90,35.20,129.10,32.60,801.30,1.96,114.70,0,0,0
2022-03-01T00:28:20,40.765423,-111.909081,1300.40,-9999.00,-9999.00,-9999.00,13.53,28.50,21.41,13.88,8.00,2.00,26.50,10.00,883.10,0.00,1.60,2.19,41.80,826.10,100.90,35.20,136.10,32.70,801.30,2.03,114.10,0,0,0
2022-03-01T00:28:25,40.765430,-111.909088,1299.80,-9999.00,-9999.00,-9999.00,13.52,28.50,21.48,13.89,7.00,2.00,26.50,10.00,883.30,0.00,-6.20,2.18,41.70,826.60,101.10,32.20,133.30,32.70,801.40,1.96,113.40,0,0,0
2022-03-01T00:28:30,40.765427,-111.909088,1299.90,-9999.00,-9999.00,-9999.00,13.52,28.50,21.44,13.92,8.00,2.00,26.50,10.00,883.10,0.00,1.90,2.16,41.20,826.60,106.30,26.00,132.30,32.70,801.40,1.96,114.70,0,0,0
2022-03-01T00:28:35,40.765423,-111.909088,1299.90,-9999.00,-9999.00,-9999.00,13.53,28.50,21.41,13.88,8.00,2.00,26.50,10.00,883.10,0.00,-1.20,2.20,41.80,826.10,107.70,26.00,133.70,32.60,801.30,2.03,114.10,0,0,0
2022-03-01T00:28:40,40.765419,-111.909081,1299.90,-9999.00,-9999.00,-9999.00,13.53,28.50,21.41,13.90,8.00,2.00,26.50,10.00,883.30,0.00,1.10,2.19,41.80,826.10,108.00,28.60,136.60,32.60,801.40,1.96,113.30,0,0,0
2022-03-01T00:28:45,40.765419,-111.909081,1299.40,-9999.00,-9999.00,-9999.00,13.53,28.50,21.42,13.92,8.00,2.00,26.50,10.00,883.20,0.00,-1.50,2.20,41.80,826.50,109.90,35.10,145.00,32.60,801.40,1.96,114.50,0,0,0
2022-03-01T00:28:50,40.765423,-111.909081,1299.20,-9999.00,-9999.00,-9999.00,13.53,28.50,21.42,13.92,7.00,2.00,26.50,10.00,883.10,0.00,2.00,2.19,41.80,826.50,103.10,35.00,138.10,32.70,801.60,2.03,113.70,0,0,0
2022-03-01T00:28:55,40.765427,-111.909088,1299.10,-9999.00,-9999.00,-9999.00,13.53,28.50,21.41,13.92,8.00,2.00,26.50,10.00,883.30,0.00,0.10,2.19,41.80,826.10,103.30,33.90,137.20,32.70,801.40,1.96,113.40,0,0,0
2022-03-01T00:29:00,40.765434,-111.909081,1299.00,-9999.00,-9999.00,-9999.00,13.53,28.50,21.41,13.92,7.00,2.00,26.50,9.00,883.00,0.00,1.60,2.19,41.80,826.10,96.10,28.60,124.70,32.60,801.30,1.96,114.60,0,0,0
2022-03-01T00:29:05,40.765438,-111.909073,1299.00,-9999.00,-9999.00,-9999.00,13.52,28.50,21.41,13.90,8.00,2.00,26.50,10.00,883.30,0.00,0.70,2.19,41.80,826.50,88.40,28.50,116.90,32.60,801.30,2.03,113.80,0,0,0
2022-03-01T00:29:10,40.765411,-111.909019,1298.00,-9999.00,-9999.00,-9999.00,13.53,28.50,21.42,13.90,7.00,2.00,26.50,10.00,883.20,0.00,0.80,2.20,41.80,826.50,88.50,26.00,114.50,32.60,801.40,1.96,113.30,0,0,0
2022-03-01T00:29:15,40.765404,-111.908966,1297.60,-9999.00,-9999.00,-9999.00,13.52,28.50,21.41,13.90,7.00,2.00,26.50,10.00,883.10,0.00,-0.40,2.19,41.80,826.10,82.10,28.30,110.40,32.60,801.40,1.96,114.60,0,0,0
2022-03-01T00:29:20,40.765408,-111.908958,1297.60,-9999.00,-9999.00,-9999.00,13.53,28.50,21.41,13.90,7.00,2.00,26.50,10.00,883.10,0.00,-2.40,2.19,41.80,826.00,74.20,28.30,102.50,32.60,801.40,2.03,114.00,0,0,0
2022-03-01T00:29:25,40.765392,-111.908928,1297.00,-9999.00,-9999.00,-9999.00,13.53,28.50,21.42,13.90,7.00,2.00,26.50,10.00,883.20,0.00,-2.60,2.19,41.80,826.40,74.40,30.50,104.90,32.60,801.30,1.96,113.70,0,0,0
2022-03-01T00:29:30,40.765388,-111.908936,1296.30,-9999.00,-9999.00,-9999.00,13.52,28.50,21.41,13.88,8.00,2.00,26.50,9.00,883.10,0.00,-1.70,2.19,41.80,826.40,73.30,33.20,106.50,32.60,801.20,1.96,114.80,0,0,0
2022-03-01T00:29:35,40.765388,-111.908943,1295.50,-9999.00,-9999.00,-9999.00,13.53,28.50,21.42,13.88,7.00,2.00,26.50,10.00,883.10,0.00,2.00,2.20,41.80,826.10,71.70,33.20,104.90,32.60,801.30,2.03,114.20,0,0,0
2022-03-01T00:29:40,40.765388,-111.908943,1295.40,-9999.00,-9999.00,-9999.00,13.53,28.50,21.41,13.88,8.00,2.00,26.50,9.00,883.10,0.00,-1.30,2.18,41.80,826.10,71.90,37.40,109.30,32.70,801.30,1.96,113.40,0,0,0
2022-03-01T00:29:45,40.765392,-111.908943,1295.40,-9999.00,-9999.00,-9999.00,13.53,28.50,21.41,13.88,7.00,2.00,26.50,10.00,883.10,0.00,-0.20,2.18,41.80,826.50,78.50,34.80,113.30,32.60,801.30,1.96,114.80,0,0,0
2022-03-01T00:29:50,40.765369,-111.908958,1295.10,-9999.00,-9999.00,-9999.00,13.52,28.50,21.41,13.88,8.00,2.00,26.50,10.00,883.10,0.00,0.40,2.21,41.80,826.50,82.80,34.70,117.50,32.60,801.30,2.03,113.80,0,0,0
2022-03-01T00:29:55,40.765362,-111.908981,1294.90,-9999.00,-9999.00,-9999.00,13.53,28.50,21.41,13.88,8.00,2.00,26.50,10.00,883.10,0.00,-1.70,2.20,41.80,826.10,82.90,29.00,111.90,32.60,801.40,1.96,113.60,0,0,0
2022-03-01T00:30:00,40.765354,-111.909012,1294.90,-9999.00,-9999.00,-9999.00,13.53,28.50,21.42,13.88,8.00,2.00,26.50,9.00,883.20,0.00,0.60,2.20,41.80,826.10,77.60,28.30,105.90,32.60,801.40,1.96,114.60,0,0,0
2022-03-01T00:30:05,40.765347,-111.909012,1294.90,-9999.00,-9999.00,-9999.00,13.53,28.50,21.42,13.88,8.00,2.00,26.50,9.00,883.00,0.00,-2.70,2.19,41.80,826.50,76.10,28.20,104.30,32.60,801.40,2.03,114.00,0,0,0
2022-03-01T00:30:10,40.765347,-111.909019,1294.90,-9999.00,-9999.00,-9999.00,13.53,28.50,21.42,13.86,8.00,2.00,26.50,9.00,883.00,0.00,0.10,2.19,41.80,826.50,76.30,30.30,106.60,32.60,801.30,1.96,113.50,0,0,0
2022-03-01T00:30:15,40.765347,-111.909012,1294.90,-9999.00,-9999.00,-9999.00,13.53,28.50,21.41,13.86,9.00,2.00,26.50,10.00,883.20,0.00,-2.20,2.19,41.80,826.10,78.70,32.90,111.60,32.60,801.30,1.96,114.90,0,0,0
2022-03-01T00:30:20,40.765343,-111.909012,1294.90,-9999.00,-9999.00,-9999.00,13.53,28.50,21.42,13.86,8.00,2.00,26.50,9.00,883.20,0.00,-1.90,2.18,41.80,826.10,78.60,32.80,111.40,32.70,801.30,2.03,114.00,0,0,0
2022-03-01T00:30:25,40.765339,-111.909012,1294.90,-9999.00,-9999.00,-9999.00,13.53,28.50,21.42,13.86,8.00,2.00,26.50,9.00,883.10,0.00,1.70,2.20,41.80,826.40,78.80,33.40,112.20,32.60,801.30,1.96,113.60,0,0,0
2022-03-01T00:30:30,40.765339,-111.909012,1294.90,-9999.00,-9999.00,-9999.00,13.53,28.50,21.44,13.93,9.00,2.00,26.50,9.00,883.30,0.00,0.40,2.19,41.70,826.50,80.10,29.80,109.90,32.60,801.30,1.96,114.70,0,0,0
2022-03-01T00:30:35,40.765339,-111.909019,1294.90,-9999.00,-9999.00,-9999.00,13.53,28.50,21.42,13.88,8.00,2.00,26.50,9.00,883.10,0.00,-0.60,2.19,41.70,826.20,88.10,29.70,117.80,32.60,801.30,2.03,114.10,0,0,0
2022-03-01T00:30:40,40.765316,-111.909073,1294.20,-9999.00,-9999.00,-9999.00,13.53,28.50,21.40,13.86,8.00,2.00,26.50,9.00,883.00,0.00,2.00,2.18,41.80,826.00,88.20,26.70,114.90,32.60,801.30,1.96,113.50,0,0,0
2022-03-01T00:30:45,40.765312,-111.909081,1294.00,-9999.00,-9999.00,-9999.00,13.53,28.50,21.39,13.86,8.00,2.00,26.50,10.00,883.10,0.00,1.50,2.18,41.80,826.40,91.60,24.80,116.40,32.60,801.30,1.96,114.90,0,0,0
2022-03-01T00:30:50,40.765308,-111.909088,1293.90,-9999.00,-9999.00,-9999.00,13.53,28.50,21.40,13.86,7.00,2.00,26.50,9.00,883.20,0.00,-0.40,2.18,41.80,826.40,89.50,24.70,114.20,32.60,801.20,2.03,113.80,0,0,0
2022-03-01T00:30:55,40.765308,-111.909096,1293.90,-9999.00,-9999.00,-9999.00,13.53,28.49,21.40,13.86,8.00,2.00,26.50,9.00,883.00,0.00,1.50,2.18,41.80,826.00,89.80,26.50,116.30,32.60,801.30,1.96,113.50,0,0,0
2022-03-01T00:31:00,40.765308,-111.909103,1293.90,-9999.00,-9999.00,-9999.00,13.53,28.49,21.39,13.86,7.00,2.00,26.50,9.00,883.20,0.00,-0.20,2.19,41.80,826.10,88.40,29.00,117.40,32.60,801.40,1.96,114.50,0,0,0
2022-03-01T00:31:05,40.765308,-111.909103,1293.90,-9999.00,-9999.00,-9999.00,13.53,28.49,21.39,13.86,7.00,2.00,26.50,10.00,883.00,0.00,-1.50,2.19,41.80,826.40,88.20,28.90,117.10,32.60,801.40,2.03,113.80,0,0,0
2022-03-01T00:31:10,40.765308,-111.909103,1293.90,-9999.00,-9999.00,-9999.00,13.53,28.49,21.39,13.86,7.00,2.00,26.50,10.00,883.00,0.00,-3.00,2.19,41.80,826.40,88.50,29.80,118.30,32.60,801.30,1.96,113.50,0,0,0
2022-03-01T00:31:15,40.765301,-111.909096,1293.90,-9999.00,-9999.00,-9999.00,13.52,28.49,21.40,13.86,8.00,2.00,26.50,9.00,883.10,0.00,-1.10,2.19,41.80,826.10,86.70,36.70,123.40,32.60,801.30,1.96,114.80,0,0,0
2022-03-01T00:31:20,40.765301,-111.909096,1293.90,-9999.00,-9999.00,-9999.00,13.52,28.49,21.39,13.88,7.00,2.00,26.50,9.00,883.20,0.00,-2.20,2.19,41.80,826.10,91.20,36.60,127.80,32.60,801.30,2.03,113.70,0,0,0
2022-03-01T00:31:25,40.765301,-111.909103,1293.90,-9999.00,-9999.00,-9999.00,13.52,28.49,21.39,13.88,7.00,2.00,26.50,9.00,883.00,0.00,-0.20,2.19,41.80,826.40,91.50,38.10,129.60,32.60,801.30,1.96,113.70,0,0,0
2022-03-01T00:31:30,40.765301,-111.909103,1293.90,-9999.00,-9999.00,-9999.00,13.53,28.49,21.39,13.88,7.00,2.00,26.50,9.00,883.10,0.00,0.90,2.20,41.80,826.40,99.30,29.90,129.20,32.60,801.30,1.96,114.60,0,0,0
2022-03-01T00:31:35,40.765301,-111.909103,1293.90,-9999.00,-9999.00,-9999.00,13.53,28.49,21.39,13.88,8.00,2.00,26.50,9.00,883.00,0.00,-3.10,2.20,41.80,826.10,104.30,29.80,134.10,32.60,801.20,2.03,114.10,0,0,0
2022-03-01T00:31:40,40.765301,-111.909096,1293.90,-9999.00,-9999.00,-9999.00,13.53,28.49,21.39,13.90,8.00,2.00,26.50,9.00,883.20,0.00,-2.30,2.19,41.80,826.10,104.50,29.40,133.90,32.60,801.30,1.96,113.30,0,0,0
2022-03-01T00:31:45,40.765297,-111.909096,1293.90,-9999.00,-9999.00,-9999.00,13.52,28.49,21.40,13.90,7.00,2.00,26.50,10.00,883.20,0.00,-1.40,2.18,41.80,826.50,104.30,36.60,140.90,32.60,801.40,1.96,114.80,0,0,0
2022-03-01T00:31:50,40.765301,-111.909096,1293.90,-9999.00,-9999.00,-9999.00,13.53,28.49,21.39,13.92,8.00,2.00,26.50,9.00,883.10,0.00,0.50,2.19,41.80,826.50,97.40,36.50,133.90,32.60,801.30,2.03,114.00,0,0,0
2022-03-01T00:31:55,40.765301,-111.909096,1293.90,-9999.00,-9999.00,-9999.00,13.53,28.49,21.39,13.92,8.00,2.00,26.50,9.00,883.00,0.00,1.50,2.17,41.80,826.10,97.60,37.20,134.80,32.60,801.30,1.96,113.70,0,0,0
2022-03-01T00:32:00,40.765305,-111.909096,1293.90,-9999.00,-9999.00,-9999.00,13.53,28.49,21.39,13.92,8.00,2.00,26.50,9.00,883.20,0.00,-2.80,2.18,41.80,826.00,93.70,29.70,123.40,32.60,801.30,1.96,114.70,0,0,0
2022-03-01T00:32:05,40.765312,-111.909088,1293.90,-9999.00,-9999.00,-9999.00,13.53,28.49,21.39,13.94,8.00,2.00,26.50,10.00,883.10,0.00,-4.10,2.19,41.80,826.40,100.70,29.70,130.40,32.60,801.30,2.03,113.90,0,0,0
2022-03-01T00:32:10,40.765320,-111.909088,1293.90,-9999.00,-9999.00,-9999.00,13.53,28.49,21.39,13.94,8.00,2.00,26.50,9.00,883.10,0.00,-1.10,2.20,41.80,826.50,100.80,25.50,126.30,32.60,801.30,1.96,113.30,0,0,0
2022-03-01T00:32:15,40.765327,-111.909096,1293.90,-9999.00,-9999.00,-9999.00,13.53,28.49,21.39,13.95,6.00,2.00,26.50,9.00,883.20,0.00,-0.70,2.19,41.80,826.00,103.80,27.30,131.10,32.60,801.30,1.96,114.90,0,0,0
2022-03-01T00:32:20,40.765335,-111.909096,1293.90,-9999.00,-9999.00,-9999.00,13.53,28.49,21.40,13.96,8.00,2.00,26.50,9.00,883.20,0.00,1.00,2.19,41.80,826.10,99.70,27.20,126.90,32.60,801.30,2.03,114.00,0,0,0
2022-03-01T00:32:25,40.765343,-111.909096,1293.90,-9999.00,-9999.00,-9999.00,13.53,28.49,21.45,13.96,7.00,2.00,26.50,9.00,883.10,0.00,-0.10,2.18,41.80,826.50,99.90,28.10,128.00,32.60,801.30,1.96,113.60,0,0,0
2022-03-01T00:32:30,40.765350,-111.909096,1294.20,-9999.00,-9999.00,-9999.00,13.53,28.49,21.43,14.00,7.00,2.00,26.50,10.00,883.10,0.00,0.60,2.18,41.80,826.50,96.90,27.10,124.00,32.60,801.20,1.96,114.50,0,0,0
2022-03-01T00:32:35,40.765362,-111.909096,1294.30,-9999.00,-9999.00,-9999.00,13.53,28.49,21.39,13.96,8.00,2.00,26.50,9.00,883.10,0.00,-0.40,2.18,41.80,826.00,95.50,27.10,122.60,32.60,801.30,2.03,114.20,0,0,0
2022-03-01T00:32:40,40.765369,-111.909096,1294.30,-9999.00,-9999.00,-9999.00,13.52,28.49,21.37,13.96,7.00,2.00,26.50,9.00,883.20,0.00,-5.00,2.19,41.80,826.00,95.80,31.60,127.40,32.60,801.30,1.96,113.40,0,0,0
2022-03-01T00:32:45,40.765373,-111.909096,1294.30,-9999.00,-9999.00,-9999.00,13.53,28.49,21.37,13.94,7.00,2.00,26.50,9.00,883.20,0.00,-2.00,2.19,41.80,826.40,99.90,38.30,138.20,32.60,801.30,1.96,114.60,0,0,0
2022-03-01T00:32:50,40.765377,-111.909103,1294.30,-9999.00,-9999.00,-9999.00,13.53,28.49,21.37,13.92,7.00,2.00,26.50,10.00,883.10,0.00,-0.90,2.18,41.80,826.40,102.90,38.20,141.10,32.60,801.40,2.03,113.80,0,0,0
2022-03-01T00:32:55,40.765381,-111.909103,1294.30,-9999.00,-9999.00,-9999.00,13.52,28.49,21.37,13.92,7.00,2.00,26.50,9.00,883.00,0.00,0.60,2.19,41.80,826.10,103.20,36.60,139.80,32.60,801.30,1.96,113.50,0,0,0
2022-03-01T00:33:00,40.765377,-111.909103,1294.30,-9999.00,-9999.00,-9999.00,13.53,28.49,21.38,13.92,8.00,2.00,26.50,10.00,883.10,0.00,1.10,2.18,41.80,826.10,101.50,34.40,135.90,32.60,801.30,1.96,114.60,0,0,0
2022-03-01T00:33:05,40.765373,-111.909103,1294.30,-9999.00,-9999.00,-9999.00,13.53,28.49,21.38,13.96,7.00,2.00,26.50,9.00,883.10,0.00,-0.10,2.19,41.80,826.40,104.20,34.30,138.50,32.60,801.10,2.03,114.10,0,0,0
2022-03-01T00:33:10,40.765366,-111.909111,1294.40,-9999.00,-9999.00,-9999.00,13.53,28.49,21.37,13.96,7.00,2.00,26.50,9.00,883.20,0.00,-0.10,2.19,41.80,826.50,104.40,34.40,138.80,32.60,801.30,1.96,113.40,0,0,0
2022-03-01T00:33:15,40.765362,-111.909119,1294.40,-9999.00,-9999.00,-9999.00,13.53,28.49,21.38,13.96,9.00,2.00,26.50,9.00,883.10,0.00,-2.50,2.19,41.80,826.10,106.70,36.10,142.80,32.60,801.30,1.96,114.90,0,0,0
2022-03-01T00:33:20,40.765354,-111.909126,1294.40,-9999.00,-9999.00,-9999.00,13.53,28.49,21.37,13.96,7.00,2.00,26.50,9.00,883.00,0.00,-1.80,2.19,41.80,826.00,120.50,36.00,156.50,32.60,801.30,2.03,114.10,0,0,0
2022-03-01T00:33:25,40.765347,-111.909134,1294.40,-9999.00,-9999.00,-9999.00,13.52,28.49,21.37,13.96,7.00,2.00,26.50,9.00,882.90,0.00,-1.50,2.19,41.80,826.40,120.80,37.30,158.10,32.60,801.30,1.96,113.80,0,0,0
2022-03-01T00:33:30,40.765339,-111.909134,1294.40,-9999.00,-9999.00,-9999.00,13.52,28.49,21.37,13.95,7.00,2.00,26.50,9.00,883.10,0.00,0.20,2.20,41.50,826.50,133.10,36.10,169.20,32.60,801.10,1.96,114.80,0,0,0
2022-03-01T00:33:35,40.765331,-111.909142,1294.50,-9999.00,-9999.00,-9999.00,13.53,28.49,21.37,13.92,7.00,2.00,26.50,9.00,883.00,0.00,6.30,2.19,41.80,826.10,135.10,36.00,171.10,32.60,801.20,2.03,114.00,0,0,0
2022-03-01T00:33:40,40.765324,-111.909142,1294.50,-9999.00,-9999.00,-9999.00,13.53,28.49,21.35,13.90,7.00,2.00,26.50,9.00,883.10,0.00,-2.70,2.19,41.80,826.10,135.40,34.20,169.60,32.60,801.30,1.96,113.40,0,0,0
2022-03-01T00:33:45,40.765324,-111.909134,1294.60,-9999.00,-9999.00,-9999.00,13.53,28.49,21.35,13.90,7.00,2.00,26.50,9.00,883.00,0.00,-0.10,2.19,41.80,826.40,132.80,25.80,158.60,32.60,801.20,1.96,114.70,0,0,0
2022-03-01T00:33:50,40.765324,-111.909142,1294.60,-9999.00,-9999.00,-9999.00,13.53,28.49,21.35,13.90,7.00,2.00,26.50,9.00,883.00,0.00,-2.30,2.19,41.80,826.40,143.80,25.70,169.50,32.60,801.30,2.03,113.90,0,0,0
2022-03-01T00:33:55,40.765320,-111.909142,1294.60,-9999.00,-9999.00,-9999.00,13.53,28.49,21.35,13.90,7.00,2.00,26.50,9.00,883.00,0.00,-3.30,2.18,41.80,826.10,144.10,23.60,167.70,32.60,801.30,1.96,113.50,0,0,0
2022-03-01T00:34:00,40.765316,-111.909149,1294.70,-9999.00,-9999.00,-9999.00,13.53,28.49,21.35,13.92,7.00,2.00,26.50,9.00,883.10,0.00,0.40,2.19,41.80,826.10,150.70,28.30,179.00,32.60,801.30,1.96,114.50,0,0,0
2022-03-01T00:34:05,40.765320,-111.909157,1294.70,-9999.00,-9999.00,-9999.00,13.53,28.49,21.35,13.92,8.00,2.00,26.50,9.00,883.00,0.00,0.90,2.18,41.80,826.40,153.10,28.20,181.30,32.60,801.30,2.03,114.20,0,0,0
2022-03-01T00:34:10,40.765320,-111.909164,1294.70,-9999.00,-9999.00,-9999.00,13.53,28.49,21.36,13.92,7.00,2.00,26.50,10.00,882.90,0.00,0.60,2.19,41.80,826.40,153.40,31.40,184.80,32.60,801.30,1.96,113.30,0,0,0
2022-03-01T00:34:15,40.765320,-111.909172,1294.70,-9999.00,-9999.00,-9999.00,13.53,28.49,21.35,13.92,8.00,2.00,26.50,9.00,883.00,0.00,-0.30,2.19,41.80,826.10,154.20,36.20,190.40,32.60,801.40,1.96,114.60,0,0,0
2022-03-01T00:34:20,40.765320,-111.909172,1294.80,-9999.00,-9999.00,-9999.00,13.53,28.49,21.36,13.92,7.00,2.00,26.50,9.00,883.10,0.00,-0.20,2.19,41.80,826.00,167.20,36.10,203.30,32.60,801.30,2.03,113.80,0,0,0
2022-03-01T00:34:25,40.765324,-111.909180,1294.80,-9999.00,-9999.00,-9999.00,13.53,28.49,21.37,13.94,8.00,2.00,26.50,9.00,883.20,0.00,-0.00,2.20,41.80,826.40,167.60,36.70,204.30,32.60,801.30,1.96,113.70,0,0,0
2022-03-01T00:34:30,40.765324,-111.909180,1294.80,-9999.00,-9999.00,-9999.00,13.53,28.49,21.40,13.97,7.00,2.00,26.50,9.00,883.20,0.00,-1.10,2.19,41.80,826.40,176.50,38.30,214.80,32.60,801.30,1.96,114.50,0,0,0
2022-03-01T00:34:35,40.765327,-111.909172,1294.80,-9999.00,-9999.00,-9999.00,13.52,28.49,21.35,13.94,7.00,2.00,26.50,9.00,883.20,0.00,2.00,2.19,41.80,826.10,175.80,38.20,214.00,32.60,801.20,2.03,114.00,0,0,0
2022-03-01T00:34:40,40.765331,-111.909164,1294.80,-9999.00,-9999.00,-9999.00,13.53,28.49,21.35,13.94,8.00,2.00,26.50,9.00,882.90,0.00,-1.70,2.18,41.80,826.10,176.20,38.70,214.90,32.60,801.30,1.96,113.60,0,0,0
2022-03-01T00:34:45,40.765331,-111.909164,1294.90,-9999.00,-9999.00,-9999.00,13.53,28.49,21.35,13.94,7.00,2.00,26.50,9.00,883.10,0.00,-1.10,2.18,41.80,826.40,172.40,37.00,209.40,32.60,801.20,1.96,114.70,0,0,0
2022-03-01T00:34:50,40.765339,-111.909157,1294.90,-9999.00,-9999.00,-9999.00,13.53,28.49,21.35,13.94,7.00,2.00,26.50,9.00,882.90,0.00,-0.50,2.18,41.80,826.40,170.50,36.90,207.40,32.60,801.30,2.03,114.00,0,0,0
2022-03-01T00:34:55,40.765343,-111.909157,1294.90,-9999.00,-9999.00,-9999.00,13.53,28.49,21.35,13.94,7.00,2.00,26.50,10.00,883.00,0.00,1.70,2.19,41.70,826.10,170.80,37.50,208.30,32.60,801.20,1.96,113.50,0,0,0
2022-03-01T00:35:00,40.765343,-111.909157,1294.90,-9999.00,-9999.00,-9999.00,13.53,28.49,21.35,13.94,7.00,2.00,26.50,10.00,883.00,0.00,2.80,2.19,41.80,826.00,172.30,35.60,207.90,32.60,801.20,1.96,114.90,0,0,0
2022-03-01T00:35:05,40.765347,-111.909157,1294.90,-9999.00,-9999.00,-9999.00,13.53,28.49,21.35,13.94,7.00,2.00,26.50,9.00,883.20,0.00,0.20,2.18,41.80,826.40,181.50,35.50,217.00,32.60,801.30,2.03,114.00,0,0,0
2022-03-01T00:35:10,40.765350,-111.909157,1294.90,-9999.00,-9999.00,-9999.00,13.53,28.49,21.35,13.94,7.00,2.00,26.50,9.00,883.00,0.00,-0.00,2.18,41.80,826.40,181.80,33.20,215.00,32.60,801.20,1.96,113.70,0,0,0
2022-03-01T00:35:15,40.765347,-111.909164,1295.00,-9999.00,-9999.00,-9999.00,13.53,28.49,21.35,13.96,7.00,2.00,26.50,9.00,882.90,0.00,-1.30,2.19,41.80,826.00,185.20,36.90,222.10,32.60,801.20,1.96,114.50,0,0,0
2022-03-01T00:35:20,40.765343,-111.909172,1295.00,-9999.00,-9999.00,-9999.00,13.53,28.49,21.36,13.96,7.00,2.00,26.50,9.00,883.00,0.00,-0.60,2.18,41.80,826.00,171.20,36.80,208.00,32.60,801.20,2.03,113.90,0,0,0
2022-03-01T00:35:25,40.765339,-111.909180,1295.00,-9999.00,-9999.00,-9999.00,13.53,28.49,21.35,13.96,7.00,2.00,26.50,9.00,883.00,0.00,-2.30,2.19,41.80,826.40,171.60,38.80,210.40,32.60,801.30,1.96,113.40,0,0,0
2022-03-01T00:35:30,40.765331,-111.909187,1295.00,-9999.00,-9999.00,-9999.00,13.53,28.49,21.34,13.96,8.00,2.00,26.50,9.00,883.00,0.00,-1.10,2.19,41.80,826.40,162.20,34.70,196.90,32.60,801.30,1.96,114.30,0,0,0
2022-03-01T00:35:35,40.765327,-111.909195,1295.00,-9999.00,-9999.00,-9999.00,13.53,28.49,21.33,13.96,7.00,2.00,26.50,9.00,883.00,0.00,0.30,2.19,41.80,826.10,155.60,34.60,190.20,32.60,801.30,2.03,113.70,0,0,0
2022-03-01T00:35:40,40.765324,-111.909195,1295.00,-9999.00,-9999.00,-9999.00,13.53,28.49,21.33,13.96,7.00,2.00,26.50,9.00,883.10,0.00,3.80,2.19,41.80,826.00,156.00,34.40,190.40,32.60,801.30,1.96,113.40,0,0,0
2022-03-01T00:35:45,40.765327,-111.909195,1295.00,-9999.00,-9999.00,-9999.00,13.53,28.49,21.33,13.96,7.00,2.00,26.50,9.00,883.10,0.00,-2.50,2.21,41.80,826.40,154.90,36.80,191.70,32.60,801.40,1.96,114.70,0,0,0
2022-03-01T00:35:50,40.765324,-111.909195,1295.00,-9999.00,-9999.00,-9999.00,13.53,28.49,21.33,13.96,8.00,2.00,26.50,9.00,883.00,0.00,-0.60,2.20,41.80,826.40,143.20,36.70,179.90,32.60,801.30,2.03,114.00,0,0,0
2022-03-01T00:35:55,40.765324,-111.909203,1295.00,-9999.00,-9999.00,-9999.00,13.53,28.49,21.33,13.98,7.00,2.00,26.50,9.00,883.10,0.00,-0.10,2.19,41.80,826.00,143.50,34.60,178.10,32.60,801.30,1.96,113.40,0,0,0
2022-03-01T00:36:00,40.765324,-111.909203,1295.00,-9999.00,-9999.00,-9999.00,13.53,28.49,21.33,13.98,7.00,2.00,26.50,9.00,883.00,0.00,1.40,2.19,41.80,826.00,135.70,26.50,162.20,32.60,801.20,1.96,114.80,0,0,0
2022-03-01T00:36:05,40.765320,-111.909210,1295.00,-9999.00,-9999.00,-9999.00,13.52,28.49,21.33,13.98,9.00,2.00,26.50,9.00,883.00,0.00,-1.70,2.19,41.80,826.40,136.60,26.40,163.00,32.60,801.20,2.03,114.10,0,0,0
2022-03-01T00:36:10,40.765316,-111.909210,1295.00,-9999.00,-9999.00,-9999.00,13.52,28.49,21.33,14.00,8.00,2.00,26.50,9.00,883.00,0.00,1.70,2.19,41.80,826.40,136.90,27.20,164.10,32.60,801.20,1.96,113.40,0,0,0
2022-03-01T00:36:15,40.765320,-111.909210,1295.00,-9999.00,-9999.00,-9999.00,13.53,28.49,21.33,14.00,8.00,2.00,26.50,10.00,882.90,0.00,0.90,2.19,41.80,826.00,142.70,32.70,175.40,32.60,801.20,1.96,114.90,0,0,0
2022-03-01T00:36:20,40.765320,-111.909210,1295.00,-9999.00,-9999.00,-9999.00,13.53,28.49,21.33,13.98,8.00,2.00,26.50,9.00,883.10,0.00,-1.20,2.19,41.80,826.10,143.40,32.60,176.00,32.60,801.30,2.03,114.10,0,0,0
2022-03-01T00:36:25,40.765320,-111.909195,1295.10,-9999.00,-9999.00,-9999.00,13.53,28.49,21.33,13.98,7.00,2.00,26.50,9.00,882.90,0.00,1.00,2.19,41.80,826.40,143.70,32.20,175.90,32.60,801.30,1.96,113.40,0,0,0
2022-03-01T00:36:30,40.765324,-111.909172,1295.00,-9999.00,-9999.00,-9999.00,13.53,28.49,21.38,14.01,7.00,2.00,26.50,9.00,883.10,0.00,-0.50,2.20,41.80,826.40,140.30,34.90,175.20,32.60,801.30,1.96,114.80,0,0,0
2022-03-01T00:36:35,40.765320,-111.909164,1295.00,-9999.00,-9999.00,-9999.00,13.53,28.48,21.35,14.03,7.00,2.00,26.50,9.00,883.20,0.00,2.10,2.19,41.80,826.00,135.30,34.80,170.10,32.60,801.20,2.03,113.80,0,0,0
2022-03-01T00:36:40,40.765316,-111.909164,1295.10,-9999.00,-9999.00,-9999.00,13.51,28.48,21.33,13.98,8.00,2.00,26.50,9.00,883.00,0.00,-0.50,2.19,41.80,826.00,135.70,37.90,173.60,32.60,801.30,1.96,113.30,0,0,0
2022-03-01T00:36:45,40.765305,-111.909164,1295.10,-9999.00,-9999.00,-9999.00,13.53,28.48,21.34,14.00,7.00,2.00,26.50,9.00,883.00,0.00,6.10,2.20,41.80,826.40,137.60,33.90,171.50,32.60,801.30,1.96,114.70,0,0,0
2022-03-01T00:36:50,40.765301,-111.909157,1295.10,-9999.00,-9999.00,-9999.00,13.53,28.48,21.34,14.00,6.00,2.00,26.50,9.00,883.20,0.00,0.50,2.18,41.80,826.40,137.00,33.90,170.90,32.60,801.40,2.03,113.90,0,0,0
2022-03-01T00:36:55,40.765297,-111.909142,1295.10,-9999.00,-9999.00,-9999.00,13.53,28.48,21.33,14.00,7.00,2.00,26.50,9.00,883.10,0.00,-1.20,2.18,41.80,826.00,137.20,29.30,166.50,32.60,801.20,1.96,113.30,0,0,0
2022-03-01T00:37:00,40.765301,-111.909119,1295.50,-9999.00,-9999.00,-9999.00,13.53,28.48,21.33,14.00,7.00,2.00,26.50,9.00,883.00,0.00,-1.80,2.19,41.80,826.00,132.30,27.40,159.70,32.60,801.30,1.96,114.80,0,0,0
2022-03-01T00:37:05,40.765301,-111.909103,1295.50,-9999.00,-9999.00,-9999.00,13.53,28.48,21.33,14.00,7.00,2.00,26.50,9.00,883.00,0.00,-0.80,2.20,41.80,826.40,126.40,27.30,153.70,32.60,801.20,2.03,113.90,0,0,0
2022-03-01T00:37:10,40.765301,-111.909096,1295.60,-9999.00,-9999.00,-9999.00,13.53,28.48,21.33,14.00,8.00,2.00,26.50,9.00,883.20,0.00,-1.20,2.19,41.80,826.40,126.70,30.60,157.30,32.60,801.20,1.96,113.50,0,0,0
2022-03-01T00:37:15,40.765301,-111.909096,1295.60,-9999.00,-9999.00,-9999.00,13.53,28.48,21.33,14.00,8.00,2.00,26.50,10.00,883.00,0.00,3.20,2.20,41.70,826.00,129.00,31.20,160.20,32.60,801.20,1.96,114.80,0,0,0
2022-03-01T00:37:20,40.765301,-111.909088,1295.60,-9999.00,-9999.00,-9999.00,13.53,28.48,21.33,14.00,8.00,2.00,26.50,9.00,883.00,0.00,1.50,2.18,41.80,826.00,130.40,31.20,161.60,32.60,801.20,2.03,113.90,0,0,0
2022-03-01T00:37:25,40.765301,-111.909088,1295.60,-9999.00,-9999.00,-9999.00,13.53,28.48,21.33,14.00,7.00,2.00,26.50,9.00,883.00,0.00,-1.70,2.20,41.80,826.40,130.60,27.40,158.00,32.60,801.20,1.96,113.70,0,0,0
2022-03-01T00:37:30,40.765297,-111.909088,1295.60,-9999.00,-9999.00,-9999.00,13.53,28.48,21.32,14.00,7.00,2.00,26.50,9.00,883.00,0.00,0.20,2.18,41.80,826.40,124.50,33.30,157.80,32.60,801.30,1.96,114.60,0,0,0
2022-03-01T00:37:35,40.765293,-111.909081,1295.60,-9999.00,-9999.00,-9999.00,13.53,28.48,21.31,14.00,7.00,2.00,26.50,9.00,883.00,0.00,0.90,2.18,41.80,825.90,119.30,33.30,152.60,32.60,801.30,2.03,114.10,0,0,0
2022-03-01T00:37:40,40.765293,-111.909073,1295.60,-9999.00,-9999.00,-9999.00,13.53,28.48,21.31,14.00,7.00,2.00,26.50,10.00,883.20,0.00,-0.10,2.18,41.80,826.00,119.70,39.70,159.40,32.60,801.20,1.96,113.50,0,0,0
2022-03-01T00:37:45,40.765293,-111.909073,1295.60,-9999.00,-9999.00,-9999.00,13.53,28.48,21.31,14.00,7.00,2.00,26.50,9.00,883.00,0.00,-0.30,2.20,41.80,826.40,124.80,40.70,165.50,32.60,801.20,1.96,114.70,0,0,0
2022-03-01T00:37:50,40.765293,-111.909065,1295.60,-9999.00,-9999.00,-9999.00,13.53,28.48,21.31,14.00,7.00,2.00,26.50,9.00,883.00,0.00,-1.20,2.19,41.80,826.40,131.00,40.70,171.70,32.60,801.20,2.03,114.10,0,0,0
2022-03-01T00:37:55,40.765297,-111.909065,1295.60,-9999.00,-9999.00,-9999.00,13.53,28.48,21.31,14.00,7.00,2.00,26.50,9.00,883.10,0.00,-2.60,2.19,41.80,826.00,131.30,40.40,171.70,32.60,801.30,1.96,113.50,0,0,0
2022-03-01T00:38:00,40.765297,-111.909073,1295.70,-9999.00,-9999.00,-9999.00,13.53,28.48,21.31,14.00,7.00,2.00,26.50,9.00,883.10,0.00,-3.20,2.18,41.80,826.00,135.90,37.10,173.00,32.60,801.20,1.96,114.70,0,0,0
2022-03-01T00:38:05,40.765301,-111.909081,1295.70,-9999.00,-9999.00,-9999.00,13.53,28.48,21.31,14.00,7.00,2.00,26.50,9.00,883.20,0.00,-2.20,2.20,41.80,826.40,146.10,37.00,183.10,32.60,801.20,2.03,114.00,0,0,0
2022-03-01T00:38:10,40.765301,-111.909081,1295.70,-9999.00,-9999.00,-9999.00,13.53,28.48,21.31,14.00,8.00,2.00,26.39,9.00,883.20,0.00,-0.60,2.19,41.80,826.40,146.30,30.30,176.60,32.60,801.20,1.96,113.50,0,0,0
2022-03-01T00:38:15,40.765297,-111.909096,1295.70,-9999.00,-9999.00,-9999.00,13.53,28.48,21.32,14.01,7.00,2.00,26.39,9.00,882.90,0.00,-0.20,2.19,41.80,826.00,146.40,24.40,170.80,32.60,801.30,1.96,114.60,0,0,0
2022-03-01T00:38:20,40.765301,-111.909103,1295.70,-9999.00,-9999.00,-9999.00,13.52,28.48,21.31,14.00,8.00,2.00,26.50,10.00,883.20,0.00,-0.90,2.20,41.80,826.00,147.40,24.30,171.70,32.60,801.20,2.03,114.10,0,0,0
2022-03-01T00:38:25,40.765301,-111.909126,1295.60,-9999.00,-9999.00,-9999.00,13.52,28.48,21.34,14.01,7.00,2.00,26.39,9.00,882.90,0.00,0.20,2.18,41.10,826.40,147.80,28.10,175.90,32.60,801.30,1.96,113.50,0,0,0
2022-03-01T00:38:30,40.765305,-111.909134,1295.60,-9999.00,-9999.00,-9999.00,13.53,28.48,21.36,14.04,8.00,2.00,26.39,9.00,882.90,0.00,2.70,2.16,41.40,826.50,151.10,37.30,188.40,32.60,801.30,1.96,114.60,0,0,0
2022-03-01T00:38:35,40.765308,-111.909149,1295.60,-9999.00,-9999.00,-9999.00,13.53,28.48,21.31,14.00,8.00,2.00,26.50,9.00,882.90,0.00,-7.00,2.19,41.80,826.00,148.30,37.30,185.60,32.60,801.30,2.03,114.00,0,0,0
2022-03-01T00:38:40,40.765316,-111.909172,1295.60,-9999.00,-9999.00,-9999.00,13.53,28.48,21.32,14.01,8.00,2.00,26.39,9.00,883.00,0.00,-2.40,2.21,41.80,826.00,148.70,41.90,190.60,32.60,801.30,1.96,113.50,0,0,0
2022-03-01T00:38:45,40.765320,-111.909180,1295.70,-9999.00,-9999.00,-9999.00,13.53,28.48,21.31,14.00,8.00,2.00,26.39,9.00,883.00,0.00,0.00,2.19,41.80,826.40,147.80,47.30,195.10,32.60,801.20,1.96,114.90,0,0,0
2022-03-01T00:38:50,40.765324,-111.909210,1295.80,-9999.00,-9999.00,-9999.00,13.52,28.48,21.31,14.00,7.00,2.00,26.39,9.00,883.00,0.00,5.80,2.18,41.80,826.40,152.50,47.20,199.70,32.60,801.30,2.03,113.80,0,0,0
2022-03-01T00:38:55,40.765327,-111.909225,1295.90,-9999.00,-9999.00,-9999.00,13.53,28.48,21.32,14.01,7.00,2.00,26.39,9.00,882.90,0.00,0.90,2.19,41.80,826.10,152.80,44.40,197.20,32.60,801.20,1.96,113.50,0,0,0
2022-03-01T00:39:00,40.765331,-111.909225,1295.90,-9999.00,-9999.00,-9999.00,13.53,28.48,21.32,14.01,7.00,2.00,26.39,9.00,883.00,0.00,-0.30,2.18,41.80,826.10,154.90,36.40,191.30,32.60,801.30,1.96,114.80,0,0,0
2022-03-01T00:39:05,40.765335,-111.909233,1295.90,-9999.00,-9999.00,-9999.00,13.53,28.48,21.31,13.99,7.00,2.00,26.50,9.00,883.20,0.00,-2.30,2.18,41.80,826.40,155.70,36.30,192.00,32.60,801.30,2.03,114.10,0,0,0
2022-03-01T00:39:10,40.765343,-111.909241,1295.90,-9999.00,-9999.00,-9999.00,13.53,28.48,21.31,13.98,7.00,2.00,26.39,9.00,882.90,0.00,0.60,2.19,41.80,826.40,156.10,36.00,192.10,32.60,801.20,1.96,113.50,0,0,0
2022-03-01T00:39:15,40.765347,-111.909248,1295.90,-9999.00,-9999.00,-9999.00,13.53,28.48,21.31,13.98,7.00,2.00,26.50,9.00,883.10,0.00,-1.00,2.20,41.80,826.00,157.20,36.70,193.90,32.60,801.20,1.96,115.00,0,0,0
2022-03-01T00:39:20,40.765354,-111.909248,1295.90,-9999.00,-9999.00,-9999.00,13.53,28.48,21.31,13.98,8.00,2.00,26.50,9.00,883.00,0.00,0.10,2.19,41.80,826.00,162.30,36.60,198.90,32.60,801.20,2.03,114.10,0,0,0
2022-03-01T00:39:25,40.765358,-111.909248,1295.90,-9999.00,-9999.00,-9999.00,13.53,28.48,21.31,13.98,7.00,2.00,26.50,9.00,883.20,0.00,1.70,2.20,41.80,826.40,162.70,38.10,200.80,32.60,801.30,1.96,113.50,0,0,0
2022-03-01T00:39:30,40.765362,-111.909256,1295.90,-9999.00,-9999.00,-9999.00,13.53,28.48,21.31,14.00,7.00,2.00,26.50,9.00,883.00,0.00,-1.10,2.19,41.80,826.40,166.30,44.20,210.50,32.60,801.30,1.96,114.70,0,0,0
