Timestamp,Latitude,Longitude,Elevation,GPS_Speed,GPS_Direction,GPS_RMC_Valid,Battery_Voltage,Bus_Box_Temperature,Bus_Top_Temperature,Bus_Top_Relative_Humidity,ES405_PM1_Concentration,ES405_PM2.5_Concentration,ES405_PM4_Concentration,ES405_PM10_Concentration,ES405_Air_Flow_Rate,ES405_Internal_Air_Temperature,ES405_Internal_Relative_Humidity,ES405_Internal_Air_Pressure,ES405_Error_Code,2B_Ozone_Concentration,2B_Air_Flow_Rate,2B_Internal_Air_Temperature,2B_Internal_Air_Pressure,PM2.5_Data_Flagged,Ozone_Data_Flagged,GPS_Data_Flagged
UTC,ddeg,ddeg,m,m/s,deg,binary,volts,degC,degC,%,ug/m3,ug/m3,ug/m3,ug/m3,L/min,degC,%,hpa,code,ppbv,L/min,degC,hpa,binary,binary,binary
2023-09-20T18:20:00,-9999.000000,-9999.000000,-9999.00,-9999.00,-9999.00,0.00,13.54,23.15,23.14,44.59,-9999.00,-9999.00,-9999.00,-9999.00,-9999.00,-9999.00,-9999.00,-9999.00,-9999.00,16.90,2.00,26.50,833.30,0,0,0
2023-09-20T18:20:05,-9999.000000,-9999.000000,-9999.00,-9999.00,-9999.00,0.00,13.54,23.16,23.14,44.56,-9999.00,-9999.00,-9999.00,-9999.00,-9999.00,-9999.00,-9999.00,-9999.00,-9999.00,19.40,2.00,26.50,833.90,0,0,0
2023-09-20T18:20:10,-9999.000000,-9999.000000,-9999.00,-9999.00,-9999.00,0.00,13.54,23.16,23.14,44.57,-9999.00,-9999.00,-9999.00,-9999.00,-9999.00,-9999.00,-9999.00,-9999.00,-9999.00,19.30,2.00,26.60,833.90,0,0,0
2023-09-20T18:20:15,-9999.000000,-9999.000000,-9999.00,-9999.00,-9999.00,0.00,13.54,23.16,23.14,44.56,-9999.00,-9999.00,-9999.00,-9999.00,-9999.00,-9999.00,-9999.00,-9999.00,-9999.00,18.90,1.99,26.60,833.20,0,0,0
2023-09-20T18:20:20,-9999.000000,-9999.000000,-9999.00,-9999.00,-9999.00,0.00,13.54,23.16,23.14,44.60,-9999.00,-9999.00,-9999.00,-9999.00,-9999.00,-9999.00,-9999.00,-9999.00,-9999.00,18.70,2.00,26.60,833.20,0,0,0
2023-09-20T18:20:25,-9999.000000,-9999.000000,-9999.00,-9999.00,-9999.00,0.00,13.54,23.17,23.14,44.69,-9999.00,-9999.00,-9999.00,-9999.00,-9999.00,-9999.00,-9999.00,-9999.00,-9999.00,15.40,2.00,26.70,833.80,0,0,0
2023-09-20T18:20:30,-9999.000000,-9999.000000,-9999.00,-9999.00,-9999.00,0.00,13.54,23.17,23.13,44.70,-9999.00,-9999.00,-9999.00,-9999.00,-9999.00,-9999.00,-9999.00,-9999.00,-9999.00,14.20,2.00,26.70,833.90,0,0,0
2023-09-20T18:20:35,-9999.000000,-9999.000000,-9999.00,-9999.00,-9999.00,0.00,13.54,23.17,23.13,44.68,-9999.00,-9999.00,-9999.00,-9999.00,-9999.00,-9999.00,-9999.00,-9999.00,-9999.00,16.80,1.99,26.70,833.20,0,0,0
2023-09-20T18:20:40,-9999.000000,-9999.000000,-9999.00,-9999.00,-9999.00,0.00,13.54,23.17,23.13,44.59,-9999.00,-9999.00,-9999.00,-9999.00,-9999.00,-9999.00,-9999.00,-9999.00,-9999.00,16.30,1.99,26.70,833.20,0,0,0
2023-09-20T18:20:45,-9999.000000,-9999.000000,-9999.00,-9999.00,-9999.00,0.00,13.54,23.18,23.13,44.56,-9999.00,-9999.00,-9999.00,-9999.00,-9999.00,-9999.00,-9999.00,-9999.00,-9999.00,16.60,2.00,26.80,833.90,0,0,0
2023-09-20T18:20:50,-9999.000000,-9999.000000,-9999.00,-9999.00,-9999.00,0.00,13.54,23.18,23.13,44.50,-9999.00,-9999.00,-9999.00,-9999.00,-9999.00,-9999.00,-9999.00,-9999.00,-9999.00,13.90,2.01,26.80,833.90,0,0,0
2023-09-20T18:20:55,-9999.000000,-9999.000000,-9999.00,-9999.00,-9999.00,0.00,13.54,23.18,23.14,44.47,-9999.00,-9999.00,-9999.00,-9999.00,-9999.00,-9999.00,-9999.00,-9999.00,-9999.00,17.60,2.01,26.80,833.20,0,0,0
2023-09-20T18:21:00,-9999.000000,-9999.000000,-9999.00,-9999.00,-9999.00,0.00,13.54,23.18,23.13,44.42,-9999.00,-9999.00,-9999.00,-9999.00,-9999.00,-9999.00,-9999.00,-9999.00,-9999.00,17.20,2.01,26.90,833.20,0,0,0
2023-09-20T18:21:05,-9999.000000,-9999.000000,-9999.00,-9999.00,-9999.00,0.00,13.54,23.19,23.14,44.42,-9999.00,-9999.00,-9999.00,-9999.00,-9999.00,-9999.00,-9999.00,-9999.00,-9999.00,17.50,2.00,26.90,833.80,0,0,0
2023-09-20T18:21:10,-9999.000000,-9999.000000,-9999.00,-9999.00,-9999.00,0.00,13.54,23.19,23.13,44.27,-9999.00,-9999.00,-9999.00,-9999.00,-9999.00,-9999.00,-9999.00,-9999.00,-9999.00,16.20,2.01,26.90,833.90,0,0,0
2023-09-20T18:21:15,-9999.000000,-9999.000000,-9999.00,-9999.00,-9999.00,0.00,13.54,23.19,23.13,44.18,-9999.00,-9999.00,-9999.00,-9999.00,-9999.00,-9999.00,-9999.00,-9999.00,-9999.00,16.80,2.01,26.90,833.20,0,0,0
2023-09-20T18:21:20,-9999.000000,-9999.000000,-9999.00,-9999.00,-9999.00,0.00,13.54,23.20,23.13,44.20,-9999.00,-9999.00,-9999.00,-9999.00,-9999.00,-9999.00,-9999.00,-9999.00,-9999.00,17.50,2.01,27.00,833.20,0,0,0
2023-09-20T18:21:25,-9999.000000,-9999.000000,-9999.00,-9999.00,-9999.00,0.00,13.54,23.20,23.17,44.24,-9999.00,-9999.00,-9999.00,-9999.00,-9999.00,-9999.00,-9999.00,-9999.00,-9999.00,16.30,2.00,27.00,833.80,0,0,0
2023-09-20T18:21:30,-9999.000000,-9999.000000,-9999.00,-9999.00,-9999.00,0.00,13.54,23.20,23.13,44.25,-9999.00,-9999.00,-9999.00,-9999.00,-9999.00,-9999.00,-9999.00,-9999.00,-9999.00,16.80,2.02,27.00,833.90,0,0,0
2023-09-20T18:21:35,-9999.000000,-9999.000000,-9999.00,-9999.00,-9999.00,0.00,13.54,23.20,23.13,44.18,-9999.00,-9999.00,-9999.00,-9999.00,-9999.00,-9999.00,-9999.00,-9999.00,-9999.00,15.00,2.01,27.10,833.20,0,0,0
2023-09-20T18:21:40,-9999.000000,-9999.000000,-9999.00,-9999.00,-9999.00,0.00,13.54,23.21,23.13,44.24,-9999.00,-9999.00,-9999.00,-9999.00,-9999.00,-9999.00,-9999.00,-9999.00,-9999.00,16.60,2.00,27.10,833.20,0,0,0
2023-09-20T18:21:45,-9999.000000,-9999.000000,-9999.00,-9999.00,-9999.00,0.00,13.54,23.21,23.13,44.34,-9999.00,-9999.00,-9999.00,-9999.00,-9999.00,-9999.00,-9999.00,-9999.00,-9999.00,17.70,2.01,27.10,833.80,0,0,0
2023-09-20T18:21:50,-9999.000000,-9999.000000,-9999.00,-9999.00,-9999.00,0.00,13.54,23.21,23.14,44.41,-9999.00,-9999.00,-9999.00,-9999.00,-9999.00,-9999.00,-9999.00,-9999.00,-9999.00,17.40,2.02,27.10,833.80,0,0,0
2023-09-20T18:21:55,-9999.000000,-9999.000000,-9999.00,-9999.00,-9999.00,0.00,13.54,23.22,23.16,44.37,-9999.00,-9999.00,-9999.00,-9999.00,-9999.00,-9999.00,-9999.00,-9999.00,-9999.00,18.10,2.00,27.20,833.20,0,0,0
2023-09-20T18:22:00,-9999.000000,-9999.000000,-9999.00,-9999.00,-9999.00,0.00,13.54,23.22,23.13,44.28,-9999.00,-9999.00,-9999.00,-9999.00,-9999.00,-9999.00,-9999.00,-9999.00,-9999.00,16.40,2.00,27.20,833.20,0,0,0
2023-09-20T18:22:05,-9999.000000,-9999.000000,-9999.00,-9999.00,-9999.00,0.00,13.54,23.22,23.15,44.24,-9999.00,-9999.00,-9999.00,-9999.00,-9999.00,-9999.00,-9999.00,-9999.00,-9999.00,16.80,2.01,27.20,833.80,0,0,0
2023-09-20T18:22:10,-9999.000000,-9999.000000,-9999.00,-9999.00,-9999.00,0.00,13.54,23.22,23.15,44.24,-9999.00,-9999.00,-9999.00,-9999.00,-9999.00,-9999.00,-9999.00,-9999.00,-9999.00,17.50,2.01,27.20,833.80,0,0,0
2023-09-20T18:22:15,-9999.000000,-9999.000000,-9999.00,-9999.00,-9999.00,0.00,13.54,23.23,23.16,44.24,-9999.00,-9999.00,-9999.00,-9999.00,-9999.00,-9999.00,-9999.00,-9999.00,-9999.00,19.00,2.01,27.30,833.20,0,0,0
2023-09-20T18:22:20,-9999.000000,-9999.000000,-9999.00,-9999.00,-9999.00,0.00,13.54,23.23,23.16,44.24,-9999.00,-9999.00,-9999.00,-9999.00,-9999.00,-9999.00,-9999.00,-9999.00,-9999.00,16.80,2.00,27.30,833.20,0,0,0
2023-09-20T18:22:25,-9999.000000,-9999.000000,-9999.00,-9999.00,-9999.00,0.00,13.54,23.23,23.16,44.25,-9999.00,-9999.00,-9999.00,-9999.00,-9999.00,-9999.00,-9999.00,-9999.00,-9999.00,15.60,2.01,27.30,833.80,0,0,0
2023-09-20T18:22:30,-9999.000000,-9999.000000,-9999.00,-9999.00,-9999.00,0.00,13.54,23.23,23.16,44.64,-9999.00,-9999.00,-9999.00,-9999.00,-9999.00,-9999.00,-9999.00,-9999.00,-9999.00,19.40,2.02,27.30,833.80,0,0,0
2023-09-20T18:22:35,-9999.000000,-9999.000000,-9999.00,-9999.00,-9999.00,0.00,13.54,23.24,23.16,44.71,-9999.00,-9999.00,-9999.00,-9999.00,-9999.00,-9999.00,-9999.00,-9999.00,-9999.00,17.10,2.01,27.40,833.20,0,0,0
2023-09-20T18:22:40,-9999.000000,-9999.000000,-9999.00,-9999.00,-9999.00,0.00,13.54,23.24,23.16,44.51,-9999.00,-9999.00,-9999.00,-9999.00,-9999.00,-9999.00,-9999.00,-9999.00,-9999.00,14.20,2.01,27.40,833.10,0,0,0
2023-09-20T18:22:45,-9999.000000,-9999.000000,-9999.00,-9999.00,-9999.00,0.00,13.54,23.24,23.16,44.48,-9999.00,-9999.00,-9999.00,-9999.00,-9999.00,-9999.00,-9999.00,-9999.00,-9999.00,17.40,2.02,27.40,833.80,0,0,0
2023-09-20T18:22:50,-9999.000000,-9999.000000,-9999.00,-9999.00,-9999.00,0.00,13.54,23.24,23.16,44.41,-9999.00,-9999.00,-9999.00,-9999.00,-9999.00,-9999.00,-9999.00,-9999.00,-9999.00,18.30,2.00,27.40,833.80,0,0,0
2023-09-20T18:22:55,-9999.000000,-9999.000000,-9999.00,-9999.00,-9999.00,0.00,13.54,23.25,23.16,44.27,-9999.00,-9999.00,-9999.00,-9999.00,-9999.00,-9999.00,-9999.00,-9999.00,-9999.00,16.00,2.00,27.50,833.20,0,0,0
2023-09-20T18:23:00,-9999.000000,-9999.000000,-9999.00,-9999.00,-9999.00,0.00,13.54,23.25,23.16,44.17,-9999.00,-9999.00,-9999.00,-9999.00,-9999.00,-9999.00,-9999.00,-9999.00,-9999.00,19.80,2.01,27.50,833.20,0,0,0
2023-09-20T18:23:05,-9999.000000,-9999.000000,-9999.00,-9999.00,-9999.00,0.00,13.54,23.25,23.16,44.21,-9999.00,-9999.00,-9999.00,-9999.00,-9999.00,-9999.00,-9999.00,-9999.00,-9999.00,16.40,2.01,27.50,833.80,0,0,0
2023-09-20T18:23:10,-9999.000000,-9999.000000,-9999.00,-9999.00,-9999.00,0.00,13.54,23.25,23.16,44.60,-9999.00,-9999.00,-9999.00,-9999.00,-9999.00,-9999.00,-9999.00,-9999.00,-9999.00,16.20,2.01,27.50,833.80,0,0,0
2023-09-20T18:23:15,-9999.000000,-9999.000000,-9999.00,-9999.00,-9999.00,0.00,13.54,23.26,23.21,44.58,-9999.00,-9999.00,-9999.00,-9999.00,-9999.00,-9999.00,-9999.00,-9999.00,-9999.00,15.00,2.00,27.60,833.10,0,0,0
2023-09-20T18:23:20,-9999.000000,-9999.000000,-9999.00,-9999.00,-9999.00,0.00,13.54,23.26,23.20,44.54,-9999.00,-9999.00,-9999.00,-9999.00,-9999.00,-9999.00,-9999.00,-9999.00,-9999.00,16.60,2.02,27.60,833.10,0,0,0
2023-09-20T18:23:25,-9999.000000,-9999.000000,-9999.00,-9999.00,-9999.00,0.00,13.54,23.26,23.16,44.47,-9999.00,-9999.00,-9999.00,-9999.00,-9999.00,-9999.00,-9999.00,-9999.00,-9999.00,17.00,2.02,27.60,833.70,0,0,0
2023-09-20T18:23:30,-9999.000000,-9999.000000,-9999.00,-9999.00,-9999.00,0.00,13.54,23.27,23.16,44.50,-9999.00,-9999.00,-9999.00,-9999.00,-9999.00,-9999.00,-9999.00,-9999.00,-9999.00,18.30,2.01,27.60,833.80,0,0,0
2023-09-20T18:23:35,-9999.000000,-9999.000000,-9999.00,-9999.00,-9999.00,0.00,13.54,23.27,23.16,44.76,-9999.00,-9999.00,-9999.00,-9999.00,-9999.00,-9999.00,-9999.00,-9999.00,-9999.00,17.40,2.01,27.70,833.10,0,0,0
2023-09-20T18:23:40,-9999.000000,-9999.000000,-9999.00,-9999.00,-9999.00,0.00,13.54,23.27,23.16,44.97,-9999.00,-9999.00,-9999.00,-9999.00,-9999.00,-9999.00,-9999.00,-9999.00,-9999.00,17.60,2.02,27.70,833.10,0,0,0
2023-09-20T18:23:45,-9999.000000,-9999.000000,-9999.00,-9999.00,-9999.00,0.00,13.54,23.27,23.16,45.05,-9999.00,-9999.00,-9999.00,-9999.00,-9999.00,-9999.00,-9999.00,-9999.00,-9999.00,17.20,2.01,27.70,833.90,0,0,0
2023-09-20T18:23:50,-9999.000000,-9999.000000,-9999.00,-9999.00,-9999.00,0.00,13.54,23.28,23.16,45.27,-9999.00,-9999.00,-9999.00,-9999.00,-9999.00,-9999.00,-9999.00,-9999.00,-9999.00,18.30,2.02,27.70,833.80,0,0,0
2023-09-20T18:23:55,-9999.000000,-9999.000000,-9999.00,-9999.00,-9999.00,0.00,13.54,23.28,23.17,45.33,-9999.00,-9999.00,-9999.00,-9999.00,-9999.00,-9999.00,-9999.00,-9999.00,-9999.00,19.00,2.01,27.80,833.20,0,0,0
2023-09-20T18:24:00,-9999.000000,-9999.000000,-9999.00,-9999.00,-9999.00,0.00,13.54,23.28,23.18,45.23,-9999.00,-9999.00,-9999.00,-9999.00,-9999.00,-9999.00,-9999.00,-9999.00,-9999.00,16.60,2.01,27.80,833.20,0,0,0
2023-09-20T18:24:05,-9999.000000,-9999.000000,-9999.00,-9999.00,-9999.00,0.00,13.54,23.28,23.18,45.19,-9999.00,-9999.00,-9999.00,-9999.00,-9999.00,-9999.00,-9999.00,-9999.00,-9999.00,17.50,2.01,27.80,833.80,0,0,0
2023-09-20T18:24:10,-9999.000000,-9999.000000,-9999.00,-9999.00,-9999.00,0.00,13.54,23.29,23.17,45.16,-9999.00,-9999.00,-9999.00,-9999.00,-9999.00,-9999.00,-9999.00,-9999.00,-9999.00,20.00,2.03,27.80,833.90,0,0,0
2023-09-20T18:24:15,-9999.000000,-9999.000000,-9999.00,-9999.00,-9999.00,0.00,13.54,23.29,23.18,45.10,-9999.00,-9999.00,-9999.00,-9999.00,-9999.00,-9999.00,-9999.00,-9999.00,-9999.00,15.90,2.02,27.90,833.20,0,0,0
2023-09-20T18:24:20,-9999.000000,-9999.000000,-9999.00,-9999.00,-9999.00,0.00,13.54,23.29,23.17,45.01,-9999.00,-9999.00,-9999.00,-9999.00,-9999.00,-9999.00,-9999.00,-9999.00,-9999.00,16.00,2.02,27.90,833.20,0,0,0
2023-09-20T18:24:25,-9999.000000,-9999.000000,-9999.00,-9999.00,-9999.00,0.00,13.54,23.30,23.18,45.02,-9999.00,-9999.00,-9999.00,-9999.00,-9999.00,-9999.00,-9999.00,-9999.00,-9999.00,17.70,2.01,27.90,833.80,0,0,0
2023-09-20T18:24:30,-9999.000000,-9999.000000,-9999.00,-9999.00,-9999.00,0.00,13.54,23.30,23.18,45.85,-9999.00,-9999.00,-9999.00,-9999.00,-9999.00,-9999.00,-9999.00,-9999.00,-9999.00,17.10,2.02,27.90,833.80,0,0,0
2023-09-20T18:24:35,-9999.000000,-9999.000000,-9999.00,-9999.00,-9999.00,0.00,13.54,23.30,23.18,47.04,-9999.00,-9999.00,-9999.00,-9999.00,-9999.00,-9999.00,-9999.00,-9999.00,-9999.00,14.40,2.02,28.00,833.20,0,0,0
2023-09-20T18:24:40,-9999.000000,-9999.000000,-9999.00,-9999.00,-9999.00,0.00,13.54,23.30,23.18,46.24,-9999.00,-9999.00,-9999.00,-9999.00,-9999.00,-9999.00,-9999.00,-9999.00,-9999.00,18.50,2.01,28.00,833.20,0,0,0
2023-09-20T18:24:45,-9999.000000,-9999.000000,-9999.00,-9999.00,-9999.00,0.00,13.54,23.31,23.18,46.02,-9999.00,-9999.00,-9999.00,-9999.00,-9999.00,-9999.00,-9999.00,-9999.00,-9999.00,21.90,2.02,28.00,833.80,0,0,0
2023-09-20T18:24:50,-9999.000000,-9999.000000,-9999.00,-9999.00,-9999.00,0.00,13.54,23.31,23.18,46.03,-9999.00,-9999.00,-9999.00,-9999.00,-9999.00,-9999.00,-9999.00,-9999.00,-9999.00,16.50,2.01,28.00,833.80,0,0,0
2023-09-20T18:24:55,-9999.000000,-9999.000000,-9999.00,-9999.00,-9999.00,0.00,13.54,23.31,23.17,45.53,-9999.00,-9999.00,-9999.00,-9999.00,-9999.00,-9999.00,-9999.00,-9999.00,-9999.00,22.60,2.03,28.10,833.10,0,0,0
2023-09-20T18:25:00,-9999.000000,-9999.000000,-9999.00,-9999.00,-9999.00,0.00,13.54,23.31,23.17,45.33,-9999.00,-9999.00,-9999.00,-9999.00,-9999.00,-9999.00,-9999.00,-9999.00,-9999.00,17.90,2.01,28.10,833.10,0,0,0
2023-09-20T18:25:05,-9999.000000,-9999.000000,-9999.00,-9999.00,-9999.00,0.00,13.54,23.32,23.17,46.96,-9999.00,-9999.00,-9999.00,-9999.00,-9999.00,-9999.00,-9999.00,-9999.00,-9999.00,19.00,2.00,28.10,833.70,0,0,0
2023-09-20T18:25:10,-9999.000000,-9999.000000,-9999.00,-9999.00,-9999.00,0.00,13.54,23.32,23.21,46.40,-9999.00,-9999.00,-9999.00,-9999.00,-9999.00,-9999.00,-9999.00,-9999.00,-9999.00,18.10,2.01,28.10,833.70,0,0,0
2023-09-20T18:25:15,-9999.000000,-9999.000000,-9999.00,-9999.00,-9999.00,0.00,13.54,23.32,23.18,46.33,-9999.00,-9999.00,-9999.00,-9999.00,-9999.00,-9999.00,-9999.00,-9999.00,-9999.00,15.40,2.03,28.20,833.10,0,0,0
2023-09-20T18:25:20,-9999.000000,-9999.000000,-9999.00,-9999.00,-9999.00,0.00,13.54,23.32,23.18,46.29,-9999.00,-9999.00,-9999.00,-9999.00,-9999.00,-9999.00,-9999.00,-9999.00,-9999.00,17.90,2.02,28.20,833.20,0,0,0
2023-09-20T18:25:25,-9999.000000,-9999.000000,-9999.00,-9999.00,-9999.00,0.00,13.54,23.32,23.17,47.02,-9999.00,-9999.00,-9999.00,-9999.00,-9999.00,-9999.00,-9999.00,-9999.00,-9999.00,18.10,2.00,28.20,833.80,0,0,0
2023-09-20T18:25:30,-9999.000000,-9999.000000,-9999.00,-9999.00,-9999.00,0.00,13.54,23.33,23.18,46.24,-9999.00,-9999.00,-9999.00,-9999.00,-9999.00,-9999.00,-9999.00,-9999.00,-9999.00,15.90,2.01,28.20,833.80,0,0,0
2023-09-20T18:25:35,-9999.000000,-9999.000000,-9999.00,-9999.00,-9999.00,0.00,13.54,23.33,23.18,46.97,-9999.00,-9999.00,-9999.00,-9999.00,-9999.00,-9999.00,-9999.00,-9999.00,-9999.00,19.50,2.02,28.30,833.10,0,0,0
2023-09-20T18:25:40,-9999.000000,-9999.000000,-9999.00,-9999.00,-9999.00,0.00,13.54,23.33,23.18,47.60,-9999.00,-9999.00,-9999.00,-9999.00,-9999.00,-9999.00,-9999.00,-9999.00,-9999.00,20.40,2.01,28.30,833.20,0,0,0
2023-09-20T18:25:45,-9999.000000,-9999.000000,-9999.00,-9999.00,-9999.00,0.00,13.54,23.33,23.17,47.80,-9999.00,-9999.00,-9999.00,-9999.00,-9999.00,-9999.00,-9999.00,-9999.00,-9999.00,16.80,2.01,28.30,833.80,0,0,0
2023-09-20T18:25:50,-9999.000000,-9999.000000,-9999.00,-9999.00,-9999.00,0.00,13.54,23.34,23.18,48.03,-9999.00,-9999.00,-9999.00,-9999.00,-9999.00,-9999.00,-9999.00,-9999.00,-9999.00,18.60,2.03,28.30,833.80,0,0,0
2023-09-20T18:25:55,-9999.000000,-9999.000000,-9999.00,-9999.00,-9999.00,0.00,13.54,23.34,23.18,48.60,-9999.00,-9999.00,-9999.00,-9999.00,-9999.00,-9999.00,-9999.00,-9999.00,-9999.00,18.10,2.02,28.30,833.20,0,0,0
2023-09-20T18:26:00,-9999.000000,-9999.000000,-9999.00,-9999.00,-9999.00,0.00,13.54,23.34,23.17,47.79,-9999.00,-9999.00,-9999.00,-9999.00,-9999.00,-9999.00,-9999.00,-9999.00,-9999.00,18.40,2.01,28.40,833.20,0,0,0
2023-09-20T18:26:05,-9999.000000,-9999.000000,-9999.00,-9999.00,-9999.00,0.00,13.54,23.34,23.17,46.73,-9999.00,-9999.00,-9999.00,-9999.00,-9999.00,-9999.00,-9999.00,-9999.00,-9999.00,13.10,2.00,28.40,832.90,0,0,0
2023-09-20T18:26:10,-9999.000000,-9999.000000,-9999.00,-9999.00,-9999.00,0.00,13.54,23.35,23.18,46.89,-9999.00,-9999.00,-9999.00,-9999.00,-9999.00,-9999.00,-9999.00,-9999.00,-9999.00,17.20,2.00,28.40,833.00,0,0,0
2023-09-20T18:26:15,-9999.000000,-9999.000000,-9999.00,-9999.00,-9999.00,0.00,13.54,23.35,23.18,47.39,-9999.00,-9999.00,-9999.00,-9999.00,-9999.00,-9999.00,-9999.00,-9999.00,-9999.00,15.30,2.02,28.40,832.30,0,0,0
2023-09-20T18:26:20,-9999.000000,-9999.000000,-9999.00,-9999.00,-9999.00,0.00,13.54,23.35,23.18,46.72,-9999.00,-9999.00,-9999.00,-9999.00,-9999.00,-9999.00,-9999.00,-9999.00,-9999.00,16.50,2.00,28.40,832.30,0,0,0
2023-09-20T18:26:25,-9999.000000,-9999.000000,-9999.00,-9999.00,-9999.00,0.00,13.54,23.35,23.17,47.17,-9999.00,-9999.00,-9999.00,-9999.00,-9999.00,-9999.00,-9999.00,-9999.00,-9999.00,18.00,2.00,28.50,832.90,0,0,0
2023-09-20T18:26:30,-9999.000000,-9999.000000,-9999.00,-9999.00,-9999.00,0.00,13.54,23.36,23.18,47.13,-9999.00,-9999.00,-9999.00,-9999.00,-9999.00,-9999.00,-9999.00,-9999.00,-9999.00,16.10,2.00,28.50,832.80,0,0,0
2023-09-20T18:26:35,-9999.000000,-9999.000000,-9999.00,-9999.00,-9999.00,0.00,13.54,23.36,23.20,46.86,-9999.00,-9999.00,-9999.00,-9999.00,-9999.00,-9999.00,-9999.00,-9999.00,-9999.00,13.30,1.99,28.50,831.80,0,0,0
2023-09-20T18:26:40,-9999.000000,-9999.000000,-9999.00,-9999.00,-9999.00,0.00,13.54,23.36,23.20,46.91,-9999.00,-9999.00,-9999.00,-9999.00,-9999.00,-9999.00,-9999.00,-9999.00,-9999.00,13.80,1.90,28.50,822.80,0,0,0
2023-09-20T18:26:45,-9999.000000,-9999.000000,-9999.00,-9999.00,-9999.00,0.00,13.54,23.36,23.20,47.29,-9999.00,-9999.00,-9999.00,-9999.00,-9999.00,-9999.00,-9999.00,-9999.00,-9999.00,12.30,1.93,28.60,824.40,0,0,0
2023-09-20T18:26:50,-9999.000000,-9999.000000,-9999.00,-9999.00,-9999.00,0.00,13.54,23.36,23.20,47.71,-9999.00,-9999.00,-9999.00,-9999.00,-9999.00,-9999.00,-9999.00,-9999.00,-9999.00,13.90,1.91,28.60,824.90,0,0,0
2023-09-20T18:26:55,-9999.000000,-9999.000000,-9999.00,-9999.00,-9999.00,0.00,13.54,23.37,23.19,46.60,-9999.00,-9999.00,-9999.00,-9999.00,-9999.00,-9999.00,-9999.00,-9999.00,-9999.00,11.90,1.93,28.60,824.40,0,0,0
2023-09-20T18:27:00,-9999.000000,-9999.000000,-9999.00,-9999.00,-9999.00,0.00,13.54,23.37,23.19,46.60,-9999.00,-9999.00,-9999.00,-9999.00,-9999.00,-9999.00,-9999.00,-9999.00,-9999.00,12.80,1.98,28.60,830.00,0,0,0
2023-09-20T18:27:05,-9999.000000,-9999.000000,-9999.00,-9999.00,-9999.00,0.00,13.54,23.37,23.27,46.17,-9999.00,-9999.00,-9999.00,-9999.00,-9999.00,-9999.00,-9999.00,-9999.00,-9999.00,16.50,1.98,28.60,830.70,0,0,0
2023-09-20T18:27:10,-9999.000000,-9999.000000,-9999.00,-9999.00,-9999.00,0.00,13.54,23.37,23.21,48.68,-9999.00,-9999.00,-9999.00,-9999.00,-9999.00,-9999.00,-9999.00,-9999.00,-9999.00,18.30,1.99,28.70,830.70,0,0,0
2023-09-20T18:27:15,-9999.000000,-9999.000000,-9999.00,-9999.00,-9999.00,0.00,13.54,23.38,23.20,50.79,-9999.00,-9999.00,-9999.00,-9999.00,-9999.00,-9999.00,-9999.00,-9999.00,-9999.00,18.80,1.98,28.70,830.20,0,0,0
2023-09-20T18:27:20,-9999.000000,-9999.000000,-9999.00,-9999.00,-9999.00,0.00,13.54,23.38,23.20,48.38,-9999.00,-9999.00,-9999.00,-9999.00,-9999.00,-9999.00,-9999.00,-9999.00,-9999.00,15.90,1.98,28.70,830.10,0,0,0
2023-09-20T18:27:25,-9999.000000,-9999.000000,-9999.00,-9999.00,-9999.00,0.00,13.54,23.38,23.20,46.59,-9999.00,-9999.00,-9999.00,-9999.00,-9999.00,-9999.00,-9999.00,-9999.00,-9999.00,13.50,1.92,28.70,821.20,0,0,0
2023-09-20T18:27:30,-9999.000000,-9999.000000,-9999.00,-9999.00,-9999.00,0.00,13.54,23.38,23.19,46.26,-9999.00,-9999.00,-9999.00,-9999.00,-9999.00,-9999.00,-9999.00,-9999.00,-9999.00,12.90,1.87,28.70,824.60,0,0,0
2023-09-20T18:27:35,-9999.000000,-9999.000000,-9999.00,-9999.00,-9999.00,0.00,13.54,23.39,23.20,48.02,-9999.00,-9999.00,-9999.00,-9999.00,-9999.00,-9999.00,-9999.00,-9999.00,-9999.00,14.60,1.96,28.80,827.90,0,0,0
2023-09-20T18:27:40,-9999.000000,-9999.000000,-9999.00,-9999.00,-9999.00,0.00,13.54,23.39,23.19,48.27,-9999.00,-9999.00,-9999.00,-9999.00,-9999.00,-9999.00,-9999.00,-9999.00,-9999.00,15.30,1.96,28.80,827.40,0,0,0
2023-09-20T18:27:45,-9999.000000,-9999.000000,-9999.00,-9999.00,-9999.00,0.00,13.54,23.39,23.19,47.83,-9999.00,-9999.00,-9999.00,-9999.00,-9999.00,-9999.00,-9999.00,-9999.00,-9999.00,11.30,1.96,28.80,826.60,0,0,0
2023-09-20T18:27:50,-9999.000000,-9999.000000,-9999.00,-9999.00,-9999.00,0.00,13.54,23.39,23.20,47.27,-9999.00,-9999.00,-9999.00,-9999.00,-9999.00,-9999.00,-9999.00,-9999.00,-9999.00,12.90,1.94,28.80,826.10,0,0,0
2023-09-20T18:27:55,-9999.000000,-9999.000000,-9999.00,-9999.00,-9999.00,0.00,13.54,23.40,23.20,46.45,-9999.00,-9999.00,-9999.00,-9999.00,-9999.00,-9999.00,-9999.00,-9999.00,-9999.00,8.60,1.91,28.90,824.00,0,0,0
2023-09-20T18:28:00,-9999.000000,-9999.000000,-9999.00,-9999.00,-9999.00,0.00,13.54,23.40,23.20,46.25,-9999.00,-9999.00,-9999.00,-9999.00,-9999.00,-9999.00,-9999.00,-9999.00,-9999.00,13.80,1.95,28.90,828.60,0,0,0
2023-09-20T18:28:05,-9999.000000,-9999.000000,-9999.00,-9999.00,-9999.00,0.00,13.54,23.40,23.20,47.21,-9999.00,-9999.00,-9999.00,-9999.00,-9999.00,-9999.00,-9999.00,-9999.00,-9999.00,18.80,1.97,28.90,829.30,0,0,0
2023-09-20T18:28:10,-9999.000000,-9999.000000,-9999.00,-9999.00,-9999.00,0.00,13.54,23.40,23.20,45.74,-9999.00,-9999.00,-9999.00,-9999.00,-9999.00,-9999.00,-9999.00,-9999.00,-9999.00,18.30,1.96,28.90,828.40,0,0,0
2023-09-20T18:28:15,-9999.000000,-9999.000000,-9999.00,-9999.00,-9999.00,0.00,13.54,23.40,23.20,44.95,-9999.00,-9999.00,-9999.00,-9999.00,-9999.00,-9999.00,-9999.00,-9999.00,-9999.00,14.30,1.98,28.90,827.90,0,0,0
2023-09-20T18:28:20,-9999.000000,-9999.000000,-9999.00,-9999.00,-9999.00,0.00,13.54,23.41,23.20,45.62,-9999.00,-9999.00,-9999.00,-9999.00,-9999.00,-9999.00,-9999.00,-9999.00,-9999.00,9.60,1.96,29.00,827.90,0,0,0
2023-09-20T18:28:25,-9999.000000,-9999.000000,-9999.00,-9999.00,-9999.00,0.00,13.54,23.41,23.19,47.48,-9999.00,-9999.00,-9999.00,-9999.00,-9999.00,-9999.00,-9999.00,-9999.00,-9999.00,12.00,1.96,29.00,828.50,0,0,0
2023-09-20T18:28:30,-9999.000000,-9999.000000,-9999.00,-9999.00,-9999.00,0.00,13.54,23.41,23.20,48.55,-9999.00,-9999.00,-9999.00,-9999.00,-9999.00,-9999.00,-9999.00,-9999.00,-9999.00,13.70,1.97,29.00,828.40,0,0,0
2023-09-20T18:28:35,-9999.000000,-9999.000000,-9999.00,-9999.00,-9999.00,0.00,13.54,23.42,23.20,49.14,-9999.00,-9999.00,-9999.00,-9999.00,-9999.00,-9999.00,-9999.00,-9999.00,-9999.00,15.60,1.96,29.00,827.90,0,0,0
2023-09-20T18:28:40,-9999.000000,-9999.000000,-9999.00,-9999.00,-9999.00,0.00,13.54,23.42,23.20,49.25,-9999.00,-9999.00,-9999.00,-9999.00,-9999.00,-9999.00,-9999.00,-9999.00,-9999.00,13.90,1.95,29.00,827.90,0,0,0
2023-09-20T18:28:45,-9999.000000,-9999.000000,-9999.00,-9999.00,-9999.00,0.00,13.54,23.42,23.20,49.01,-9999.00,-9999.00,-9999.00,-9999.00,-9999.00,-9999.00,-9999.00,-9999.00,-9999.00,12.30,1.97,29.10,828.40,0,0,0
2023-09-20T18:28:50,-9999.000000,-9999.000000,-9999.00,-9999.00,-9999.00,0.00,13.54,23.43,23.19,50.92,-9999.00,-9999.00,-9999.00,-9999.00,-9999.00,-9999.00,-9999.00,-9999.00,-9999.00,12.20,1.97,29.10,828.30,0,0,0
2023-09-20T18:28:55,-9999.000000,-9999.000000,-9999.00,-9999.00,-9999.00,0.00,13.54,23.43,23.19,49.91,-9999.00,-9999.00,-9999.00,-9999.00,-9999.00,-9999.00,-9999.00,-9999.00,-9999.00,12.90,1.97,29.10,828.00,0,0,0
2023-09-20T18:29:00,-9999.000000,-9999.000000,-9999.00,-9999.00,-9999.00,0.00,13.54,23.43,23.22,48.58,-9999.00,-9999.00,-9999.00,-9999.00,-9999.00,-9999.00,-9999.00,-9999.00,-9999.00,14.00,1.97,29.10,828.00,0,0,0
2023-09-20T18:29:05,-9999.000000,-9999.000000,-9999.00,-9999.00,-9999.00,0.00,13.54,23.43,23.22,47.35,-9999.00,-9999.00,-9999.00,-9999.00,-9999.00,-9999.00,-9999.00,-9999.00,-9999.00,10.30,1.97,29.10,828.40,0,0,0
2023-09-20T18:29:10,-9999.000000,-9999.000000,-9999.00,-9999.00,-9999.00,0.00,13.54,23.44,23.22,45.12,-9999.00,-9999.00,-9999.00,-9999.00,-9999.00,-9999.00,-9999.00,-9999.00,-9999.00,10.30,1.95,29.20,828.30,0,0,0
2023-09-20T18:29:15,-9999.000000,-9999.000000,-9999.00,-9999.00,-9999.00,0.00,13.54,23.44,23.22,45.09,-9999.00,-9999.00,-9999.00,-9999.00,-9999.00,-9999.00,-9999.00,-9999.00,-9999.00,12.90,1.96,29.20,827.70,0,0,0
2023-09-20T18:29:20,-9999.000000,-9999.000000,-9999.00,-9999.00,-9999.00,0.00,13.54,23.44,23.22,46.35,-9999.00,-9999.00,-9999.00,-9999.00,-9999.00,-9999.00,-9999.00,-9999.00,-9999.00,12.20,1.96,29.20,827.50,0,0,0
2023-09-20T18:29:25,-9999.000000,-9999.000000,-9999.00,-9999.00,-9999.00,0.00,13.54,23.45,23.22,45.96,-9999.00,-9999.00,-9999.00,-9999.00,-9999.00,-9999.00,-9999.00,-9999.00,-9999.00,14.30,1.97,29.20,828.00,0,0,0
2023-09-20T18:29:30,-9999.000000,-9999.000000,-9999.00,-9999.00,-9999.00,0.00,13.54,23.45,23.22,45.31,-9999.00,-9999.00,-9999.00,-9999.00,-9999.00,-9999.00,-9999.00,-9999.00,-9999.00,9.50,1.96,29.20,830.10,0,0,0
2023-09-20T18:29:35,-9999.000000,-9999.000000,-9999.00,-9999.00,-9999.00,0.00,13.54,23.45,23.22,46.13,-9999.00,-9999.00,-9999.00,-9999.00,-9999.00,-9999.00,-9999.00,-9999.00,-9999.00,14.10,1.93,29.30,827.50,0,0,0
2023-09-20T18:29:40,-9999.000000,-9999.000000,-9999.00,-9999.00,-9999.00,0.00,13.54,23.45,23.22,48.13,-9999.00,-9999.00,-9999.00,-9999.00,-9999.00,-9999.00,-9999.00,-9999.00,-9999.00,15.00,1.99,29.30,830.10,0,0,0
2023-09-20T18:29:45,-9999.000000,-9999.000000,-9999.00,-9999.00,-9999.00,0.00,13.54,23.46,23.22,48.94,-9999.00,-9999.00,-9999.00,-9999.00,-9999.00,-9999.00,-9999.00,-9999.00,-9999.00,-9999.00,1.47,29.30,828.80,0,0,0
2023-09-20T18:29:50,-9999.000000,-9999.000000,-9999.00,-9999.00,-9999.00,0.00,13.54,23.46,23.22,50.13,-9999.00,-9999.00,-9999.00,-9999.00,-9999.00,-9999.00,-9999.00,-9999.00,-9999.00,13.00,1.99,29.30,830.60,0,0,0
2023-09-20T18:29:55,-9999.000000,-9999.000000,-9999.00,-9999.00,-9999.00,0.00,13.54,23.46,23.21,51.41,-9999.00,-9999.00,-9999.00,-9999.00,-9999.00,-9999.00,-9999.00,-9999.00,-9999.00,12.80,1.98,29.30,829.30,0,0,0
2023-09-20T18:30:00,-9999.000000,-9999.000000,-9999.00,-9999.00,-9999.00,0.00,13.54,23.47,23.21,47.57,-9999.00,-9999.00,-9999.00,-9999.00,-9999.00,-9999.00,-9999.00,-9999.00,-9999.00,16.30,2.00,29.40,829.30,0,0,0
2023-09-20T18:30:05,-9999.000000,-9999.000000,-9999.00,-9999.00,-9999.00,0.00,13.54,23.47,23.22,46.10,-9999.00,-9999.00,-9999.00,-9999.00,-9999.00,-9999.00,-9999.00,-9999.00,-9999.00,14.30,2.01,29.40,829.60,0,0,0
2023-09-20T18:30:10,-9999.000000,-9999.000000,-9999.00,-9999.00,-9999.00,0.00,13.54,23.47,23.22,46.93,-9999.00,-9999.00,-9999.00,-9999.00,-9999.00,-9999.00,-9999.00,-9999.00,-9999.00,12.30,1.98,29.40,829.50,0,0,0
2023-09-20T18:30:15,-9999.000000,-9999.000000,-9999.00,-9999.00,-9999.00,0.00,13.54,23.48,23.22,49.20,-9999.00,-9999.00,-9999.00,-9999.00,-9999.00,-9999.00,-9999.00,-9999.00,-9999.00,11.80,1.99,29.40,829.40,0,0,0
2023-09-20T18:30:20,-9999.000000,-9999.000000,-9999.00,-9999.00,-9999.00,0.00,13.54,23.48,23.22,49.56,-9999.00,-9999.00,-9999.00,-9999.00,-9999.00,-9999.00,-9999.00,-9999.00,-9999.00,11.00,1.98,29.40,829.20,0,0,0
2023-09-20T18:30:25,-9999.000000,-9999.000000,-9999.00,-9999.00,-9999.00,0.00,13.54,23.48,23.22,50.30,-9999.00,-9999.00,-9999.00,-9999.00,-9999.00,-9999.00,-9999.00,-9999.00,-9999.00,-9999.00,1.25,29.50,829.60,0,0,0
2023-09-20T18:30:30,-9999.000000,-9999.000000,-9999.00,-9999.00,-9999.00,0.00,13.54,23.48,23.21,49.87,-9999.00,-9999.00,-9999.00,-9999.00,-9999.00,-9999.00,-9999.00,-9999.00,-9999.00,29.50,1.98,29.50,829.60,0,0,0
2023-09-20T18:30:35,-9999.000000,-9999.000000,-9999.00,-9999.00,-9999.00,0.00,13.54,23.49,23.21,50.38,-9999.00,-9999.00,-9999.00,-9999.00,-9999.00,-9999.00,-9999.00,-9999.00,-9999.00,13.60,1.99,29.50,829.10,0,0,0
2023-09-20T18:30:40,-9999.000000,-9999.000000,-9999.00,-9999.00,-9999.00,0.00,13.54,23.49,23.22,48.58,-9999.00,-9999.00,-9999.00,-9999.00,-9999.00,-9999.00,-9999.00,-9999.00,-9999.00,10.90,1.99,29.50,829.10,0,0,0
2023-09-20T18:30:45,-9999.000000,-9999.000000,-9999.00,-9999.00,-9999.00,0.00,13.54,23.49,23.21,47.60,-9999.00,-9999.00,-9999.00,-9999.00,-9999.00,-9999.00,-9999.00,-9999.00,-9999.00,10.60,1.98,29.50,829.60,0,0,0
2023-09-20T18:30:50,-9999.000000,-9999.000000,-9999.00,-9999.00,-9999.00,0.00,13.54,23.50,23.28,46.97,-9999.00,-9999.00,-9999.00,-9999.00,-9999.00,-9999.00,-9999.00,-9999.00,-9999.00,55.60,1.99,29.50,829.60,0,0,0
2023-09-20T18:30:55,-9999.000000,-9999.000000,-9999.00,-9999.00,-9999.00,0.00,13.54,23.50,23.23,47.00,-9999.00,-9999.00,-9999.00,-9999.00,-9999.00,-9999.00,-9999.00,-9999.00,-9999.00,12.20,1.99,29.60,829.10,0,0,0
2023-09-20T18:31:00,-9999.000000,-9999.000000,-9999.00,-9999.00,-9999.00,0.00,13.54,23.50,23.22,46.78,-9999.00,-9999.00,-9999.00,-9999.00,-9999.00,-9999.00,-9999.00,-9999.00,-9999.00,12.30,2.00,29.60,829.10,0,0,0
2023-09-20T18:31:05,-9999.000000,-9999.000000,-9999.00,-9999.00,-9999.00,0.00,13.54,23.50,23.21,46.42,-9999.00,-9999.00,-9999.00,-9999.00,-9999.00,-9999.00,-9999.00,-9999.00,-9999.00,13.90,1.99,29.60,829.60,0,0,0
2023-09-20T18:31:10,-9999.000000,-9999.000000,-9999.00,-9999.00,-9999.00,0.00,13.54,23.51,23.21,45.45,-9999.00,-9999.00,-9999.00,-9999.00,-9999.00,-9999.00,-9999.00,-9999.00,-9999.00,12.70,1.98,29.60,829.60,0,0,0
2023-09-20T18:31:15,-9999.000000,-9999.000000,-9999.00,-9999.00,-9999.00,0.00,13.54,23.51,23.21,44.83,-9999.00,-9999.00,-9999.00,-9999.00,-9999.00,-9999.00,-9999.00,-9999.00,-9999.00,14.40,1.98,29.60,829.10,0,0,0
2023-09-20T18:31:20,-9999.000000,-9999.000000,-9999.00,-9999.00,-9999.00,0.00,13.54,23.51,23.23,44.45,-9999.00,-9999.00,-9999.00,-9999.00,-9999.00,-9999.00,-9999.00,-9999.00,-9999.00,14.70,1.97,29.70,829.10,0,0,0
2023-09-20T18:31:25,-9999.000000,-9999.000000,-9999.00,-9999.00,-9999.00,0.00,13.54,23.51,23.23,44.48,-9999.00,-9999.00,-9999.00,-9999.00,-9999.00,-9999.00,-9999.00,-9999.00,-9999.00,13.70,1.99,29.70,829.50,0,0,0
2023-09-20T18:31:30,-9999.000000,-9999.000000,-9999.00,-9999.00,-9999.00,0.00,13.54,23.52,23.24,45.11,-9999.00,-9999.00,-9999.00,-9999.00,-9999.00,-9999.00,-9999.00,-9999.00,-9999.00,15.00,1.99,29.70,829.60,0,0,0
2023-09-20T18:31:35,-9999.000000,-9999.000000,-9999.00,-9999.00,-9999.00,0.00,13.54,23.52,23.24,46.45,-9999.00,-9999.00,-9999.00,-9999.00,-9999.00,-9999.00,-9999.00,-9999.00,-9999.00,11.80,1.99,29.70,829.00,0,0,0
2023-09-20T18:31:40,-9999.000000,-9999.000000,-9999.00,-9999.00,-9999.00,0.00,13.54,23.52,23.24,47.80,-9999.00,-9999.00,-9999.00,-9999.00,-9999.00,-9999.00,-9999.00,-9999.00,-9999.00,13.40,1.98,29.70,829.00,0,0,0
2023-09-20T18:31:45,-9999.000000,-9999.000000,-9999.00,-9999.00,-9999.00,0.00,13.54,23.52,23.24,47.89,-9999.00,-9999.00,-9999.00,-9999.00,-9999.00,-9999.00,-9999.00,-9999.00,-9999.00,13.20,2.00,29.70,829.50,0,0,0
2023-09-20T18:31:50,-9999.000000,-9999.000000,-9999.00,-9999.00,-9999.00,0.00,13.54,23.53,23.24,46.97,-9999.00,-9999.00,-9999.00,-9999.00,-9999.00,-9999.00,-9999.00,-9999.00,-9999.00,12.50,1.98,29.70,829.50,0,0,0
2023-09-20T18:31:55,-9999.000000,-9999.000000,-9999.00,-9999.00,-9999.00,0.00,13.54,23.53,23.23,46.03,-9999.00,-9999.00,-9999.00,-9999.00,-9999.00,-9999.00,-9999.00,-9999.00,-9999.00,12.30,1.98,29.80,829.00,0,0,0
2023-09-20T18:32:00,-9999.000000,-9999.000000,-9999.00,-9999.00,-9999.00,0.00,13.54,23.53,23.24,45.59,-9999.00,-9999.00,-9999.00,-9999.00,-9999.00,-9999.00,-9999.00,-9999.00,-9999.00,12.40,1.98,29.80,829.00,0,0,0
2023-09-20T18:32:05,-9999.000000,-9999.000000,-9999.00,-9999.00,-9999.00,0.00,13.54,23.53,23.24,45.35,-9999.00,-9999.00,-9999.00,-9999.00,-9999.00,-9999.00,-9999.00,-9999.00,-9999.00,13.10,1.98,29.80,829.50,0,0,0
2023-09-20T18:32:10,-9999.000000,-9999.000000,-9999.00,-9999.00,-9999.00,0.00,13.54,23.53,23.24,45.22,-9999.00,-9999.00,-9999.00,-9999.00,-9999.00,-9999.00,-9999.00,-9999.00,-9999.00,12.00,2.00,29.80,829.50,0,0,0
2023-09-20T18:32:15,-9999.000000,-9999.000000,-9999.00,-9999.00,-9999.00,0.00,13.54,23.54,23.24,45.02,-9999.00,-9999.00,-9999.00,-9999.00,-9999.00,-9999.00,-9999.00,-9999.00,-9999.00,14.80,2.00,29.80,829.00,0,0,0
2023-09-20T18:32:20,-9999.000000,-9999.000000,-9999.00,-9999.00,-9999.00,0.00,13.54,23.54,23.24,45.07,-9999.00,-9999.00,-9999.00,-9999.00,-9999.00,-9999.00,-9999.00,-9999.00,-9999.00,14.40,1.98,29.90,829.00,0,0,0
2023-09-20T18:32:25,-9999.000000,-9999.000000,-9999.00,-9999.00,-9999.00,0.00,13.54,23.54,23.24,45.19,-9999.00,-9999.00,-9999.00,-9999.00,-9999.00,-9999.00,-9999.00,-9999.00,-9999.00,15.40,2.00,29.90,829.50,0,0,0
2023-09-20T18:32:30,-9999.000000,-9999.000000,-9999.00,-9999.00,-9999.00,0.00,13.54,23.54,23.24,46.48,-9999.00,-9999.00,-9999.00,-9999.00,-9999.00,-9999.00,-9999.00,-9999.00,-9999.00,11.90,2.00,29.90,829.50,0,0,0
2023-09-20T18:32:35,-9999.000000,-9999.000000,-9999.00,-9999.00,-9999.00,0.00,13.54,23.55,23.24,46.92,-9999.00,-9999.00,-9999.00,-9999.00,-9999.00,-9999.00,-9999.00,-9999.00,-9999.00,13.00,2.00,29.90,829.00,0,0,0
2023-09-20T18:32:40,-9999.000000,-9999.000000,-9999.00,-9999.00,-9999.00,0.00,13.54,23.55,23.24,46.43,-9999.00,-9999.00,-9999.00,-9999.00,-9999.00,-9999.00,-9999.00,-9999.00,-9999.00,12.90,1.99,29.90,828.90,0,0,0
2023-09-20T18:32:45,-9999.000000,-9999.000000,-9999.00,-9999.00,-9999.00,0.00,13.54,23.55,23.27,45.90,-9999.00,-9999.00,-9999.00,-9999.00,-9999.00,-9999.00,-9999.00,-9999.00,-9999.00,11.70,1.99,29.90,829.50,0,0,0
2023-09-20T19:07:05,-9999.000000,-9999.000000,-9999.00,-9999.00,-9999.00,0.00,13.46,23.59,23.23,42.11,-9999.00,-9999.00,-9999.00,-9999.00,-9999.00,-9999.00,-9999.00,-9999.00,-9999.00,-9999.00,-9999.00,-9999.00,-9999.00,0,0,0
2023-09-20T19:07:10,-9999.000000,-9999.000000,-9999.00,-9999.00,-9999.00,0.00,13.46,23.59,23.24,42.19,-9999.00,-9999.00,-9999.00,-9999.00,-9999.00,-9999.00,-9999.00,-9999.00,-9999.00,-9999.00,1.89,25.20,828.20,0,0,0
2023-09-20T19:07:15,-9999.000000,-9999.000000,-9999.00,-9999.00,-9999.00,0.00,13.49,23.59,23.24,42.22,-9999.00,-9999.00,-9999.00,-9999.00,-9999.00,-9999.00,-9999.00,-9999.00,-9999.00,-9999.00,1.89,25.20,828.70,0,0,0
2023-09-20T19:07:20,-9999.000000,-9999.000000,-9999.00,-9999.00,-9999.00,0.00,13.46,23.59,23.24,42.22,-9999.00,-9999.00,-9999.00,-9999.00,-9999.00,-9999.00,-9999.00,-9999.00,-9999.00,-9999.00,1.89,25.20,828.70,0,0,0
2023-09-20T19:07:25,-9999.000000,-9999.000000,-9999.00,-9999.00,-9999.00,0.00,13.46,23.59,23.25,42.20,-9999.00,-9999.00,-9999.00,-9999.00,-9999.00,-9999.00,-9999.00,-9999.00,-9999.00,-9999.00,1.92,25.30,828.10,0,0,0
2023-09-20T19:07:30,-9999.000000,-9999.000000,-9999.00,-9999.00,-9999.00,0.00,13.45,23.59,23.25,42.10,-9999.00,-9999.00,-9999.00,-9999.00,-9999.00,-9999.00,-9999.00,-9999.00,-9999.00,-9999.00,1.91,25.30,828.20,0,0,0
2023-09-20T19:07:35,-9999.000000,-9999.000000,-9999.00,-9999.00,-9999.00,0.00,13.45,23.59,23.25,42.04,-9999.00,-9999.00,-9999.00,-9999.00,-9999.00,-9999.00,-9999.00,-9999.00,-9999.00,-9999.00,1.92,25.40,828.70,0,0,0
2023-09-20T19:07:40,-9999.000000,-9999.000000,-9999.00,-9999.00,-9999.00,0.00,13.45,23.59,23.25,42.06,-9999.00,-9999.00,-9999.00,-9999.00,-9999.00,-9999.00,-9999.00,-9999.00,-9999.00,-9999.00,1.91,25.40,828.70,0,0,0
2023-09-20T19:07:45,-9999.000000,-9999.000000,-9999.00,-9999.00,-9999.00,0.00,13.45,23.58,23.25,42.08,-9999.00,-9999.00,-9999.00,-9999.00,-9999.00,-9999.00,-9999.00,-9999.00,-9999.00,-9999.00,1.91,25.40,828.10,0,0,0
2023-09-20T19:07:50,-9999.000000,-9999.000000,-9999.00,-9999.00,-9999.00,0.00,13.45,23.58,23.25,42.13,-9999.00,-9999.00,-9999.00,-9999.00,-9999.00,-9999.00,-9999.00,-9999.00,-9999.00,-9999.00,1.92,25.50,828.10,0,0,0
2023-09-20T19:07:55,-9999.000000,-9999.000000,-9999.00,-9999.00,-9999.00,0.00,13.48,23.58,23.25,42.18,-9999.00,-9999.00,-9999.00,-9999.00,-9999.00,-9999.00,-9999.00,-9999.00,-9999.00,-9999.00,1.92,25.50,828.70,0,0,0
2023-09-20T19:08:00,-9999.000000,-9999.000000,-9999.00,-9999.00,-9999.00,0.00,13.43,23.58,23.25,42.22,-9999.00,-9999.00,-9999.00,-9999.00,-9999.00,-9999.00,-9999.00,-9999.00,-9999.00,-9999.00,1.92,25.50,828.70,0,0,0
2023-09-20T19:08:05,-9999.000000,-9999.000000,-9999.00,-9999.00,-9999.00,0.00,13.43,23.58,23.25,42.28,-9999.00,-9999.00,-9999.00,-9999.00,-9999.00,-9999.00,-9999.00,-9999.00,-9999.00,7.60,1.92,25.60,828.10,0,0,0
2023-09-20T19:08:10,-9999.000000,-9999.000000,-9999.00,-9999.00,-9999.00,0.00,13.45,23.58,23.25,42.34,-9999.00,-9999.00,-9999.00,-9999.00,-9999.00,-9999.00,-9999.00,-9999.00,-9999.00,22.80,1.93,25.60,828.10,0,0,0
2023-09-20T19:08:15,-9999.000000,-9999.000000,-9999.00,-9999.00,-9999.00,0.00,13.51,23.58,23.25,42.36,-9999.00,-9999.00,-9999.00,-9999.00,-9999.00,-9999.00,-9999.00,-9999.00,-9999.00,8.10,1.92,25.70,828.60,0,0,0
2023-09-20T19:08:20,-9999.000000,-9999.000000,-9999.00,-9999.00,-9999.00,0.00,13.51,23.57,23.25,42.38,-9999.00,-9999.00,-9999.00,-9999.00,-9999.00,-9999.00,-9999.00,-9999.00,-9999.00,12.40,1.93,25.70,828.60,0,0,0
2023-09-20T19:08:25,-9999.000000,-9999.000000,-9999.00,-9999.00,-9999.00,0.00,13.51,23.57,23.26,42.40,-9999.00,-9999.00,-9999.00,-9999.00,-9999.00,-9999.00,-9999.00,-9999.00,-9999.00,29.80,1.93,25.70,828.10,0,0,0
2023-09-20T19:08:30,-9999.000000,-9999.000000,-9999.00,-9999.00,-9999.00,0.00,13.51,23.57,23.25,42.42,-9999.00,-9999.00,-9999.00,-9999.00,-9999.00,-9999.00,-9999.00,-9999.00,-9999.00,13.20,1.93,25.80,828.10,0,0,0
2023-09-20T19:08:35,-9999.000000,-9999.000000,-9999.00,-9999.00,-9999.00,0.00,13.51,23.57,23.25,42.43,-9999.00,-9999.00,-9999.00,-9999.00,-9999.00,-9999.00,-9999.00,-9999.00,-9999.00,20.60,1.94,25.80,828.60,0,0,0
2023-09-20T19:08:40,-9999.000000,-9999.000000,-9999.00,-9999.00,-9999.00,0.00,13.51,23.57,23.25,42.42,-9999.00,-9999.00,-9999.00,-9999.00,-9999.00,-9999.00,-9999.00,-9999.00,-9999.00,16.00,1.93,25.80,828.60,0,0,0
2023-09-20T19:08:45,-9999.000000,-9999.000000,-9999.00,-9999.00,-9999.00,0.00,13.51,23.57,23.25,42.43,-9999.00,-9999.00,-9999.00,-9999.00,-9999.00,-9999.00,-9999.00,-9999.00,-9999.00,14.50,1.94,25.90,828.00,0,0,0
2023-09-20T19:08:50,-9999.000000,-9999.000000,-9999.00,-9999.00,-9999.00,0.00,13.51,23.57,23.32,42.43,-9999.00,-9999.00,-9999.00,-9999.00,-9999.00,-9999.00,-9999.00,-9999.00,-9999.00,17.60,1.93,25.90,828.00,0,0,0
2023-09-20T19:08:55,-9999.000000,-9999.000000,-9999.00,-9999.00,-9999.00,0.00,13.51,23.56,23.28,42.50,-9999.00,-9999.00,-9999.00,-9999.00,-9999.00,-9999.00,-9999.00,-9999.00,-9999.00,18.60,1.94,26.00,828.60,0,0,0
2023-09-20T19:09:00,-9999.000000,-9999.000000,-9999.00,-9999.00,-9999.00,0.00,13.51,23.56,23.26,42.45,-9999.00,-9999.00,-9999.00,-9999.00,-9999.00,-9999.00,-9999.00,-9999.00,-9999.00,14.40,1.94,26.00,828.60,0,0,0
2023-09-20T19:09:05,-9999.000000,-9999.000000,-9999.00,-9999.00,-9999.00,0.00,13.51,23.56,23.25,42.53,-9999.00,-9999.00,-9999.00,-9999.00,-9999.00,-9999.00,-9999.00,-9999.00,-9999.00,15.30,1.93,26.00,828.00,0,0,0
2023-09-20T19:09:10,-9999.000000,-9999.000000,-9999.00,-9999.00,-9999.00,0.00,13.51,23.56,23.25,42.85,-9999.00,-9999.00,-9999.00,-9999.00,-9999.00,-9999.00,-9999.00,-9999.00,-9999.00,14.50,1.94,26.10,828.00,0,0,0
2023-09-20T19:09:15,-9999.000000,-9999.000000,-9999.00,-9999.00,-9999.00,0.00,13.51,23.56,23.25,42.85,-9999.00,-9999.00,-9999.00,-9999.00,-9999.00,-9999.00,-9999.00,-9999.00,-9999.00,17.80,1.94,26.10,828.60,0,0,0
2023-09-20T19:09:20,-9999.000000,-9999.000000,-9999.00,-9999.00,-9999.00,0.00,13.51,23.56,23.25,42.83,-9999.00,-9999.00,-9999.00,-9999.00,-9999.00,-9999.00,-9999.00,-9999.00,-9999.00,15.60,1.93,26.10,828.50,0,0,0
2023-09-20T19:09:25,-9999.000000,-9999.000000,-9999.00,-9999.00,-9999.00,0.00,13.51,23.56,23.25,43.47,-9999.00,-9999.00,-9999.00,-9999.00,-9999.00,-9999.00,-9999.00,-9999.00,-9999.00,12.70,1.94,26.20,828.00,0,0,0
2023-09-20T19:09:30,-9999.000000,-9999.000000,-9999.00,-9999.00,-9999.00,0.00,13.51,23.55,23.25,44.27,-9999.00,-9999.00,-9999.00,-9999.00,-9999.00,-9999.00,-9999.00,-9999.00,-9999.00,15.90,1.95,26.20,828.00,0,0,0
2023-09-20T19:09:35,-9999.000000,-9999.000000,-9999.00,-9999.00,-9999.00,0.00,13.51,23.55,23.25,44.18,-9999.00,-9999.00,-9999.00,-9999.00,-9999.00,-9999.00,-9999.00,-9999.00,-9999.00,14.60,1.93,26.20,828.60,0,0,0
2023-09-20T19:09:40,-9999.000000,-9999.000000,-9999.00,-9999.00,-9999.00,0.00,13.51,23.55,23.25,44.40,-9999.00,-9999.00,-9999.00,-9999.00,-9999.00,-9999.00,-9999.00,-9999.00,-9999.00,16.40,1.94,26.30,828.50,0,0,0
2023-09-20T19:09:45,-9999.000000,-9999.000000,-9999.00,-9999.00,-9999.00,0.00,13.51,23.55,23.25,44.72,-9999.00,-9999.00,-9999.00,-9999.00,-9999.00,-9999.00,-9999.00,-9999.00,-9999.00,14.20,1.96,26.30,828.00,0,0,0
2023-09-20T19:09:50,-9999.000000,-9999.000000,-9999.00,-9999.00,-9999.00,0.00,13.51,23.55,23.26,44.55,-9999.00,-9999.00,-9999.00,-9999.00,-9999.00,-9999.00,-9999.00,-9999.00,-9999.00,16.90,1.93,26.40,828.00,0,0,0
2023-09-20T19:09:55,-9999.000000,-9999.000000,-9999.00,-9999.00,-9999.00,0.00,13.51,23.55,23.25,44.34,-9999.00,-9999.00,-9999.00,-9999.00,-9999.00,-9999.00,-9999.00,-9999.00,-9999.00,16.20,1.94,26.40,828.50,0,0,0
2023-09-20T19:10:00,-9999.000000,-9999.000000,-9999.00,-9999.00,-9999.00,0.00,13.51,23.55,23.25,44.70,-9999.00,-9999.00,-9999.00,-9999.00,-9999.00,-9999.00,-9999.00,-9999.00,-9999.00,18.00,1.94,26.40,828.50,0,0,0
2023-09-20T19:10:05,-9999.000000,-9999.000000,-9999.00,-9999.00,-9999.00,0.00,13.51,23.55,23.25,44.24,-9999.00,-9999.00,-9999.00,-9999.00,-9999.00,-9999.00,-9999.00,-9999.00,-9999.00,15.00,1.93,26.50,828.00,0,0,0
2023-09-20T19:10:10,-9999.000000,-9999.000000,-9999.00,-9999.00,-9999.00,0.00,13.51,23.54,23.26,43.60,-9999.00,-9999.00,-9999.00,-9999.00,-9999.00,-9999.00,-9999.00,-9999.00,-9999.00,16.10,1.95,26.50,828.00,0,0,0
2023-09-20T19:10:15,-9999.000000,-9999.000000,-9999.00,-9999.00,-9999.00,0.00,13.51,23.54,23.26,43.47,-9999.00,-9999.00,-9999.00,-9999.00,-9999.00,-9999.00,-9999.00,-9999.00,-9999.00,16.10,1.95,26.50,828.50,0,0,0
2023-09-20T19:10:20,-9999.000000,-9999.000000,-9999.00,-9999.00,-9999.00,0.00,13.51,23.54,23.26,43.18,-9999.00,-9999.00,-9999.00,-9999.00,-9999.00,-9999.00,-9999.00,-9999.00,-9999.00,17.60,1.94,26.50,828.50,0,0,0
2023-09-20T19:10:25,-9999.000000,-9999.000000,-9999.00,-9999.00,-9999.00,0.00,13.51,23.54,23.25,43.02,-9999.00,-9999.00,-9999.00,-9999.00,-9999.00,-9999.00,-9999.00,-9999.00,-9999.00,16.90,1.95,26.60,828.00,0,0,0
2023-09-20T19:10:30,-9999.000000,-9999.000000,-9999.00,-9999.00,-9999.00,0.00,13.51,23.54,23.25,42.99,-9999.00,-9999.00,-9999.00,-9999.00,-9999.00,-9999.00,-9999.00,-9999.00,-9999.00,17.80,1.93,26.60,828.00,0,0,0
2023-09-20T19:10:35,-9999.000000,-9999.000000,-9999.00,-9999.00,-9999.00,0.00,13.51,23.54,23.25,42.99,-9999.00,-9999.00,-9999.00,-9999.00,-9999.00,-9999.00,-9999.00,-9999.00,-9999.00,18.70,1.94,26.70,828.50,0,0,0
2023-09-20T19:10:40,-9999.000000,-9999.000000,-9999.00,-9999.00,-9999.00,0.00,13.51,23.54,23.25,42.95,-9999.00,-9999.00,-9999.00,-9999.00,-9999.00,-9999.00,-9999.00,-9999.00,-9999.00,16.30,1.95,26.70,828.50,0,0,0
2023-09-20T19:10:45,-9999.000000,-9999.000000,-9999.00,-9999.00,-9999.00,0.00,13.51,23.54,23.25,42.83,-9999.00,-9999.00,-9999.00,-9999.00,-9999.00,-9999.00,-9999.00,-9999.00,-9999.00,18.60,1.96,26.70,828.00,0,0,0
2023-09-20T19:10:50,-9999.000000,-9999.000000,-9999.00,-9999.00,-9999.00,0.00,13.51,23.54,23.28,42.80,-9999.00,-9999.00,-9999.00,-9999.00,-9999.00,-9999.00,-9999.00,-9999.00,-9999.00,20.70,1.95,26.80,828.00,0,0,0
2023-09-20T19:10:55,-9999.000000,-9999.000000,-9999.00,-9999.00,-9999.00,0.00,13.51,23.53,23.26,42.71,-9999.00,-9999.00,-9999.00,-9999.00,-9999.00,-9999.00,-9999.00,-9999.00,-9999.00,17.20,1.93,26.80,828.50,0,0,0
2023-09-20T19:11:00,-9999.000000,-9999.000000,-9999.00,-9999.00,-9999.00,0.00,13.51,23.53,23.26,42.61,-9999.00,-9999.00,-9999.00,-9999.00,-9999.00,-9999.00,-9999.00,-9999.00,-9999.00,17.30,1.94,26.80,828.50,0,0,0
2023-09-20T19:11:05,-9999.000000,-9999.000000,-9999.00,-9999.00,-9999.00,0.00,13.51,23.53,23.26,42.57,-9999.00,-9999.00,-9999.00,-9999.00,-9999.00,-9999.00,-9999.00,-9999.00,-9999.00,17.80,1.96,26.90,828.00,0,0,0
2023-09-20T19:11:10,-9999.000000,-9999.000000,-9999.00,-9999.00,-9999.00,0.00,13.51,23.53,23.26,42.53,-9999.00,-9999.00,-9999.00,-9999.00,-9999.00,-9999.00,-9999.00,-9999.00,-9999.00,18.80,1.94,26.90,828.00,0,0,0
2023-09-20T19:11:15,-9999.000000,-9999.000000,-9999.00,-9999.00,-9999.00,0.00,13.51,23.53,23.26,42.51,-9999.00,-9999.00,-9999.00,-9999.00,-9999.00,-9999.00,-9999.00,-9999.00,-9999.00,17.00,1.97,26.90,828.50,0,0,0
2023-09-20T19:11:20,-9999.000000,-9999.000000,-9999.00,-9999.00,-9999.00,0.00,13.51,23.53,23.26,42.49,-9999.00,-9999.00,-9999.00,-9999.00,-9999.00,-9999.00,-9999.00,-9999.00,-9999.00,18.30,1.95,26.90,828.50,0,0,0
2023-09-20T19:11:25,-9999.000000,-9999.000000,-9999.00,-9999.00,-9999.00,0.00,13.51,23.53,23.25,42.47,-9999.00,-9999.00,-9999.00,-9999.00,-9999.00,-9999.00,-9999.00,-9999.00,-9999.00,18.50,1.96,27.00,828.00,0,0,0
2023-09-20T19:11:30,-9999.000000,-9999.000000,-9999.00,-9999.00,-9999.00,0.00,13.51,23.53,23.25,42.45,-9999.00,-9999.00,-9999.00,-9999.00,-9999.00,-9999.00,-9999.00,-9999.00,-9999.00,19.70,1.97,27.00,828.00,0,0,0
2023-09-20T19:11:35,-9999.000000,-9999.000000,-9999.00,-9999.00,-9999.00,0.00,13.51,23.53,23.25,42.45,-9999.00,-9999.00,-9999.00,-9999.00,-9999.00,-9999.00,-9999.00,-9999.00,-9999.00,18.20,1.94,27.00,828.50,0,0,0
2023-09-20T19:11:40,-9999.000000,-9999.000000,-9999.00,-9999.00,-9999.00,0.00,13.51,23.53,23.25,42.45,-9999.00,-9999.00,-9999.00,-9999.00,-9999.00,-9999.00,-9999.00,-9999.00,-9999.00,20.20,1.96,27.10,828.50,0,0,0
2023-09-20T19:11:45,-9999.000000,-9999.000000,-9999.00,-9999.00,-9999.00,0.00,13.51,23.53,23.26,42.45,-9999.00,-9999.00,-9999.00,-9999.00,-9999.00,-9999.00,-9999.00,-9999.00,-9999.00,17.70,1.95,27.10,827.90,0,0,0
2023-09-20T19:11:50,-9999.000000,-9999.000000,-9999.00,-9999.00,-9999.00,0.00,13.51,23.53,23.26,42.45,-9999.00,-9999.00,-9999.00,-9999.00,-9999.00,-9999.00,-9999.00,-9999.00,-9999.00,17.10,1.96,27.10,827.90,0,0,0
2023-09-20T19:11:55,-9999.000000,-9999.000000,-9999.00,-9999.00,-9999.00,0.00,13.51,23.52,23.26,42.48,-9999.00,-9999.00,-9999.00,-9999.00,-9999.00,-9999.00,-9999.00,-9999.00,-9999.00,17.70,1.96,27.20,828.50,0,0,0
2023-09-20T19:12:00,-9999.000000,-9999.000000,-9999.00,-9999.00,-9999.00,0.00,13.51,23.52,23.27,42.51,-9999.00,-9999.00,-9999.00,-9999.00,-9999.00,-9999.00,-9999.00,-9999.00,-9999.00,18.90,1.96,27.20,828.40,0,0,0
2023-09-20T19:12:05,-9999.000000,-9999.000000,-9999.00,-9999.00,-9999.00,0.00,13.51,23.52,23.27,42.54,-9999.00,-9999.00,-9999.00,-9999.00,-9999.00,-9999.00,-9999.00,-9999.00,-9999.00,16.60,1.96,27.20,827.90,0,0,0
2023-09-20T19:12:10,-9999.000000,-9999.000000,-9999.00,-9999.00,-9999.00,0.00,13.51,23.52,23.28,42.56,-9999.00,-9999.00,-9999.00,-9999.00,-9999.00,-9999.00,-9999.00,-9999.00,-9999.00,16.40,1.97,27.30,827.90,0,0,0
2023-09-20T19:12:15,-9999.000000,-9999.000000,-9999.00,-9999.00,-9999.00,0.00,13.51,23.52,23.28,42.57,-9999.00,-9999.00,-9999.00,-9999.00,-9999.00,-9999.00,-9999.00,-9999.00,-9999.00,16.10,1.95,27.30,828.40,0,0,0
2023-09-20T19:12:20,-9999.000000,-9999.000000,-9999.00,-9999.00,-9999.00,0.00,13.51,23.52,23.27,42.57,-9999.00,-9999.00,-9999.00,-9999.00,-9999.00,-9999.00,-9999.00,-9999.00,-9999.00,17.60,1.97,27.30,828.40,0,0,0
2023-09-20T19:12:25,-9999.000000,-9999.000000,-9999.00,-9999.00,-9999.00,0.00,13.51,23.52,23.27,42.53,-9999.00,-9999.00,-9999.00,-9999.00,-9999.00,-9999.00,-9999.00,-9999.00,-9999.00,19.00,1.97,27.40,827.90,0,0,0
2023-09-20T19:12:30,-9999.000000,-9999.000000,-9999.00,-9999.00,-9999.00,0.00,13.51,23.52,23.27,42.51,-9999.00,-9999.00,-9999.00,-9999.00,-9999.00,-9999.00,-9999.00,-9999.00,-9999.00,18.30,1.96,27.40,827.90,0,0,0
2023-09-20T19:12:35,-9999.000000,-9999.000000,-9999.00,-9999.00,-9999.00,0.00,13.51,23.52,23.27,42.51,-9999.00,-9999.00,-9999.00,-9999.00,-9999.00,-9999.00,-9999.00,-9999.00,-9999.00,14.70,1.96,27.40,828.40,0,0,0
2023-09-20T19:12:40,-9999.000000,-9999.000000,-9999.00,-9999.00,-9999.00,0.00,13.51,23.52,23.27,42.51,-9999.00,-9999.00,-9999.00,-9999.00,-9999.00,-9999.00,-9999.00,-9999.00,-9999.00,17.30,1.96,27.40,828.50,0,0,0
2023-09-20T19:12:45,-9999.000000,-9999.000000,-9999.00,-9999.00,-9999.00,0.00,13.51,23.52,23.32,42.58,-9999.00,-9999.00,-9999.00,-9999.00,-9999.00,-9999.00,-9999.00,-9999.00,-9999.00,19.20,1.95,27.50,828.20,0,0,0
2023-09-20T19:12:50,-9999.000000,-9999.000000,-9999.00,-9999.00,-9999.00,0.00,13.51,23.52,23.27,42.66,-9999.00,-9999.00,-9999.00,-9999.00,-9999.00,-9999.00,-9999.00,-9999.00,-9999.00,18.50,1.95,27.50,828.10,0,0,0
2023-09-20T19:12:55,-9999.000000,-9999.000000,-9999.00,-9999.00,-9999.00,0.00,13.51,23.52,23.27,42.61,-9999.00,-9999.00,-9999.00,-9999.00,-9999.00,-9999.00,-9999.00,-9999.00,-9999.00,16.10,1.96,27.50,828.50,0,0,0
2023-09-20T19:13:00,-9999.000000,-9999.000000,-9999.00,-9999.00,-9999.00,0.00,13.51,23.52,23.27,42.59,-9999.00,-9999.00,-9999.00,-9999.00,-9999.00,-9999.00,-9999.00,-9999.00,-9999.00,18.50,1.97,27.50,828.50,0,0,0
2023-09-20T19:13:05,-9999.000000,-9999.000000,-9999.00,-9999.00,-9999.00,0.00,13.51,23.52,23.27,42.59,-9999.00,-9999.00,-9999.00,-9999.00,-9999.00,-9999.00,-9999.00,-9999.00,-9999.00,16.20,1.96,27.60,828.00,0,0,0
2023-09-20T19:13:10,-9999.000000,-9999.000000,-9999.00,-9999.00,-9999.00,0.00,13.51,23.52,23.27,42.57,-9999.00,-9999.00,-9999.00,-9999.00,-9999.00,-9999.00,-9999.00,-9999.00,-9999.00,17.20,1.96,27.60,828.00,0,0,0
2023-09-20T19:13:15,-9999.000000,-9999.000000,-9999.00,-9999.00,-9999.00,0.00,13.51,23.52,23.28,42.55,-9999.00,-9999.00,-9999.00,-9999.00,-9999.00,-9999.00,-9999.00,-9999.00,-9999.00,18.10,1.95,27.60,828.60,0,0,0
2023-09-20T19:13:20,-9999.000000,-9999.000000,-9999.00,-9999.00,-9999.00,0.00,13.51,23.52,23.27,42.53,-9999.00,-9999.00,-9999.00,-9999.00,-9999.00,-9999.00,-9999.00,-9999.00,-9999.00,16.80,1.96,27.70,828.60,0,0,0
2023-09-20T19:13:25,-9999.000000,-9999.000000,-9999.00,-9999.00,-9999.00,0.00,13.51,23.52,23.28,42.53,-9999.00,-9999.00,-9999.00,-9999.00,-9999.00,-9999.00,-9999.00,-9999.00,-9999.00,16.90,1.98,27.70,827.90,0,0,0
2023-09-20T19:13:30,-9999.000000,-9999.000000,-9999.00,-9999.00,-9999.00,0.00,13.51,23.52,23.27,42.49,-9999.00,-9999.00,-9999.00,-9999.00,-9999.00,-9999.00,-9999.00,-9999.00,-9999.00,16.90,1.95,27.70,827.90,0,0,0
2023-09-20T19:13:35,-9999.000000,-9999.000000,-9999.00,-9999.00,-9999.00,0.00,13.51,23.52,23.28,42.47,-9999.00,-9999.00,-9999.00,-9999.00,-9999.00,-9999.00,-9999.00,-9999.00,-9999.00,16.60,1.96,27.70,828.40,0,0,0
2023-09-20T19:13:40,-9999.000000,-9999.000000,-9999.00,-9999.00,-9999.00,0.00,13.51,23.52,23.28,42.45,-9999.00,-9999.00,-9999.00,-9999.00,-9999.00,-9999.00,-9999.00,-9999.00,-9999.00,17.20,1.95,27.80,828.40,0,0,0
2023-09-20T19:13:45,-9999.000000,-9999.000000,-9999.00,-9999.00,-9999.00,0.00,13.51,23.52,23.27,42.43,-9999.00,-9999.00,-9999.00,-9999.00,-9999.00,-9999.00,-9999.00,-9999.00,-9999.00,18.30,1.95,27.80,827.90,0,0,0
2023-09-20T19:13:50,-9999.000000,-9999.000000,-9999.00,-9999.00,-9999.00,0.00,13.51,23.52,23.27,42.43,-9999.00,-9999.00,-9999.00,-9999.00,-9999.00,-9999.00,-9999.00,-9999.00,-9999.00,16.00,1.97,27.80,827.90,0,0,0
2023-09-20T19:13:55,-9999.000000,-9999.000000,-9999.00,-9999.00,-9999.00,0.00,13.51,23.52,23.27,42.43,-9999.00,-9999.00,-9999.00,-9999.00,-9999.00,-9999.00,-9999.00,-9999.00,-9999.00,18.20,1.96,27.90,828.40,0,0,0
2023-09-20T19:14:00,-9999.000000,-9999.000000,-9999.00,-9999.00,-9999.00,0.00,13.51,23.52,23.27,42.41,-9999.00,-9999.00,-9999.00,-9999.00,-9999.00,-9999.00,-9999.00,-9999.00,-9999.00,16.30,1.95,27.90,828.40,0,0,0
2023-09-20T19:14:05,-9999.000000,-9999.000000,-9999.00,-9999.00,-9999.00,0.00,13.51,23.52,23.30,42.39,-9999.00,-9999.00,-9999.00,-9999.00,-9999.00,-9999.00,-9999.00,-9999.00,-9999.00,18.30,1.97,27.90,827.90,0,0,0
2023-09-20T19:14:10,-9999.000000,-9999.000000,-9999.00,-9999.00,-9999.00,0.00,13.51,23.52,23.29,42.35,-9999.00,-9999.00,-9999.00,-9999.00,-9999.00,-9999.00,-9999.00,-9999.00,-9999.00,15.20,1.97,27.90,827.80,0,0,0
2023-09-20T19:14:15,-9999.000000,-9999.000000,-9999.00,-9999.00,-9999.00,0.00,13.51,23.52,23.30,42.31,-9999.00,-9999.00,-9999.00,-9999.00,-9999.00,-9999.00,-9999.00,-9999.00,-9999.00,19.70,1.96,28.00,828.40,0,0,0
2023-09-20T19:14:20,-9999.000000,-9999.000000,-9999.00,-9999.00,-9999.00,0.00,13.51,23.52,23.30,42.27,-9999.00,-9999.00,-9999.00,-9999.00,-9999.00,-9999.00,-9999.00,-9999.00,-9999.00,15.90,1.97,28.00,828.40,0,0,0
2023-09-20T19:14:25,-9999.000000,-9999.000000,-9999.00,-9999.00,-9999.00,0.00,13.51,23.52,23.30,42.23,-9999.00,-9999.00,-9999.00,-9999.00,-9999.00,-9999.00,-9999.00,-9999.00,-9999.00,16.60,1.97,28.00,827.80,0,0,0
2023-09-20T19:14:30,-9999.000000,-9999.000000,-9999.00,-9999.00,-9999.00,0.00,13.51,23.52,23.29,42.19,-9999.00,-9999.00,-9999.00,-9999.00,-9999.00,-9999.00,-9999.00,-9999.00,-9999.00,16.80,1.97,28.00,827.90,0,0,0
2023-09-20T19:14:35,-9999.000000,-9999.000000,-9999.00,-9999.00,-9999.00,0.00,13.51,23.52,23.31,42.13,-9999.00,-9999.00,-9999.00,-9999.00,-9999.00,-9999.00,-9999.00,-9999.00,-9999.00,16.70,1.97,28.10,828.40,0,0,0
2023-09-20T19:14:40,-9999.000000,-9999.000000,-9999.00,-9999.00,-9999.00,0.00,13.51,23.52,23.35,42.10,-9999.00,-9999.00,-9999.00,-9999.00,-9999.00,-9999.00,-9999.00,-9999.00,-9999.00,18.60,1.97,28.10,828.40,0,0,0
2023-09-20T19:14:45,-9999.000000,-9999.000000,-9999.00,-9999.00,-9999.00,0.00,13.51,23.52,23.30,41.97,-9999.00,-9999.00,-9999.00,-9999.00,-9999.00,-9999.00,-9999.00,-9999.00,-9999.00,13.60,1.97,28.10,827.80,0,0,0
2023-09-20T19:14:50,-9999.000000,-9999.000000,-9999.00,-9999.00,-9999.00,0.00,13.51,23.52,23.29,41.93,-9999.00,-9999.00,-9999.00,-9999.00,-9999.00,-9999.00,-9999.00,-9999.00,-9999.00,16.20,1.98,28.10,827.90,0,0,0
2023-09-20T19:14:55,-9999.000000,-9999.000000,-9999.00,-9999.00,-9999.00,0.00,13.51,23.52,23.30,41.90,-9999.00,-9999.00,-9999.00,-9999.00,-9999.00,-9999.00,-9999.00,-9999.00,-9999.00,16.30,1.98,28.20,828.40,0,0,0
2023-09-20T19:15:00,-9999.000000,-9999.000000,-9999.00,-9999.00,-9999.00,0.00,13.51,23.52,23.29,41.90,-9999.00,-9999.00,-9999.00,-9999.00,-9999.00,-9999.00,-9999.00,-9999.00,-9999.00,15.60,1.97,28.20,828.40,0,0,1
2023-09-20T19:15:05,-9999.000000,-9999.000000,-9999.00,-9999.00,-9999.00,0.00,13.51,23.52,23.30,41.93,-9999.00,-9999.00,-9999.00,-9999.00,-9999.00,-9999.00,-9999.00,-9999.00,-9999.00,16.50,1.95,28.20,827.90,0,0,1
2023-09-20T19:15:10,-9999.000000,-9999.000000,-9999.00,-9999.00,-9999.00,0.00,13.51,23.52,23.30,41.91,-9999.00,-9999.00,-9999.00,-9999.00,-9999.00,-9999.00,-9999.00,-9999.00,-9999.00,15.00,1.96,28.20,827.80,0,0,1
2023-09-20T19:15:15,-9999.000000,-9999.000000,-9999.00,-9999.00,-9999.00,0.00,13.51,23.52,23.30,41.80,-9999.00,-9999.00,-9999.00,-9999.00,-9999.00,-9999.00,-9999.00,-9999.00,-9999.00,13.80,1.97,28.30,828.40,0,0,1
2023-09-20T19:15:20,-9999.000000,-9999.000000,-9999.00,-9999.00,-9999.00,0.00,13.51,23.52,23.30,41.78,-9999.00,-9999.00,-9999.00,-9999.00,-9999.00,-9999.00,-9999.00,-9999.00,-9999.00,16.30,1.96,28.30,828.30,0,0,1
2023-09-20T19:15:25,-9999.000000,-9999.000000,-9999.00,-9999.00,-9999.00,0.00,13.51,23.52,23.30,41.79,-9999.00,-9999.00,-9999.00,-9999.00,-9999.00,-9999.00,-9999.00,-9999.00,-9999.00,16.00,1.97,28.30,827.80,0,0,1
2023-09-20T19:15:30,-9999.000000,-9999.000000,-9999.00,-9999.00,-9999.00,0.00,13.51,23.52,23.30,41.98,-9999.00,-9999.00,-9999.00,-9999.00,-9999.00,-9999.00,-9999.00,-9999.00,-9999.00,15.60,1.97,28.30,827.80,0,0,1
2023-09-20T19:15:35,-9999.000000,-9999.000000,-9999.00,-9999.00,-9999.00,0.00,13.51,23.52,23.30,42.03,-9999.00,-9999.00,-9999.00,-9999.00,-9999.00,-9999.00,-9999.00,-9999.00,-9999.00,11.90,1.96,28.40,828.40,0,0,1
2023-09-20T19:15:40,-9999.000000,-9999.000000,-9999.00,-9999.00,-9999.00,0.00,13.51,23.52,23.30,41.99,-9999.00,-9999.00,-9999.00,-9999.00,-9999.00,-9999.00,-9999.00,-9999.00,-9999.00,12.90,1.97,28.40,828.30,0,0,1
2023-09-20T19:15:45,-9999.000000,-9999.000000,-9999.00,-9999.00,-9999.00,0.00,13.51,23.52,23.31,41.90,-9999.00,-9999.00,-9999.00,-9999.00,-9999.00,-9999.00,-9999.00,-9999.00,-9999.00,16.70,1.96,28.40,827.80,0,0,1
2023-09-20T19:15:50,-9999.000000,-9999.000000,-9999.00,-9999.00,-9999.00,0.00,13.51,23.52,23.31,41.85,-9999.00,-9999.00,-9999.00,-9999.00,-9999.00,-9999.00,-9999.00,-9999.00,-9999.00,15.80,1.97,28.40,827.80,0,0,1
2023-09-20T19:15:55,-9999.000000,-9999.000000,-9999.00,-9999.00,-9999.00,0.00,13.51,23.52,23.32,41.68,-9999.00,-9999.00,-9999.00,-9999.00,-9999.00,-9999.00,-9999.00,-9999.00,-9999.00,14.00,1.98,28.50,828.40,0,0,1
2023-09-20T19:16:00,-9999.000000,-9999.000000,-9999.00,-9999.00,-9999.00,0.00,13.51,23.53,23.32,41.70,-9999.00,-9999.00,-9999.00,-9999.00,-9999.00,-9999.00,-9999.00,-9999.00,-9999.00,15.20,1.97,28.50,828.30,0,0,1
2023-09-20T19:16:05,-9999.000000,-9999.000000,-9999.00,-9999.00,-9999.00,0.00,13.51,23.53,23.32,41.73,-9999.00,-9999.00,-9999.00,-9999.00,-9999.00,-9999.00,-9999.00,-9999.00,-9999.00,15.60,1.97,28.50,827.80,0,0,1
2023-09-20T19:16:10,-9999.000000,-9999.000000,-9999.00,-9999.00,-9999.00,0.00,13.51,23.53,23.31,41.79,-9999.00,-9999.00,-9999.00,-9999.00,-9999.00,-9999.00,-9999.00,-9999.00,-9999.00,17.10,1.97,28.50,827.80,0,0,1
2023-09-20T19:16:15,-9999.000000,-9999.000000,-9999.00,-9999.00,-9999.00,0.00,13.51,23.53,23.31,41.64,-9999.00,-9999.00,-9999.00,-9999.00,-9999.00,-9999.00,-9999.00,-9999.00,-9999.00,16.50,1.97,28.60,828.30,0,0,1
2023-09-20T19:16:20,-9999.000000,-9999.000000,-9999.00,-9999.00,-9999.00,0.00,13.51,23.53,23.31,41.49,-9999.00,-9999.00,-9999.00,-9999.00,-9999.00,-9999.00,-9999.00,-9999.00,-9999.00,16.90,1.98,28.60,828.40,0,0,1
2023-09-20T19:16:25,-9999.000000,-9999.000000,-9999.00,-9999.00,-9999.00,0.00,13.51,23.53,23.31,41.34,-9999.00,-9999.00,-9999.00,-9999.00,-9999.00,-9999.00,-9999.00,-9999.00,-9999.00,14.70,1.97,28.60,827.80,0,0,1
2023-09-20T19:16:30,-9999.000000,-9999.000000,-9999.00,-9999.00,-9999.00,0.00,13.51,23.53,23.35,41.14,-9999.00,-9999.00,-9999.00,-9999.00,-9999.00,-9999.00,-9999.00,-9999.00,-9999.00,16.20,1.97,28.60,827.80,0,0,1
2023-09-20T19:16:35,-9999.000000,-9999.000000,-9999.00,-9999.00,-9999.00,0.00,13.51,23.53,23.32,40.18,-9999.00,-9999.00,-9999.00,-9999.00,-9999.00,-9999.00,-9999.00,-9999.00,-9999.00,15.60,1.99,28.60,828.30,0,0,1
2023-09-20T19:16:40,-9999.000000,-9999.000000,-9999.00,-9999.00,-9999.00,0.00,13.51,23.53,23.32,35.31,-9999.00,-9999.00,-9999.00,-9999.00,-9999.00,-9999.00,-9999.00,-9999.00,-9999.00,19.90,1.99,28.70,828.30,0,0,1
2023-09-20T19:16:45,-9999.000000,-9999.000000,-9999.00,-9999.00,-9999.00,0.00,13.51,23.53,23.31,25.49,-9999.00,-9999.00,-9999.00,-9999.00,-9999.00,-9999.00,-9999.00,-9999.00,-9999.00,29.00,1.97,28.70,827.80,0,0,1
2023-09-20T19:16:50,-9999.000000,-9999.000000,-9999.00,-9999.00,-9999.00,0.00,13.51,23.53,23.32,23.86,-9999.00,-9999.00,-9999.00,-9999.00,-9999.00,-9999.00,-9999.00,-9999.00,-9999.00,37.60,1.98,28.70,827.60,0,0,1
2023-09-20T19:16:55,-9999.000000,-9999.000000,-9999.00,-9999.00,-9999.00,0.00,13.51,23.53,23.32,23.01,-9999.00,-9999.00,-9999.00,-9999.00,-9999.00,-9999.00,-9999.00,-9999.00,-9999.00,40.20,1.98,28.70,828.40,0,0,1
2023-09-20T19:17:00,-9999.000000,-9999.000000,-9999.00,-9999.00,-9999.00,0.00,13.51,23.53,23.38,22.69,-9999.00,-9999.00,-9999.00,-9999.00,-9999.00,-9999.00,-9999.00,-9999.00,-9999.00,38.20,1.98,28.80,828.40,0,0,1
2023-09-20T19:17:05,-9999.000000,-9999.000000,-9999.00,-9999.00,-9999.00,0.00,13.51,23.54,23.41,22.60,-9999.00,-9999.00,-9999.00,-9999.00,-9999.00,-9999.00,-9999.00,-9999.00,-9999.00,34.50,1.97,28.80,827.80,0,0,1
2023-09-20T19:17:10,-9999.000000,-9999.000000,-9999.00,-9999.00,-9999.00,0.00,13.51,23.54,23.49,22.50,-9999.00,-9999.00,-9999.00,-9999.00,-9999.00,-9999.00,-9999.00,-9999.00,-9999.00,38.50,1.97,28.80,827.80,0,0,1
2023-09-20T19:17:15,-9999.000000,-9999.000000,-9999.00,-9999.00,-9999.00,0.00,13.51,23.54,23.56,22.40,-9999.00,-9999.00,-9999.00,-9999.00,-9999.00,-9999.00,-9999.00,-9999.00,-9999.00,33.70,1.96,28.80,828.30,0,0,1
2023-09-20T19:17:20,-9999.000000,-9999.000000,-9999.00,-9999.00,-9999.00,0.00,13.51,23.54,23.64,22.29,-9999.00,-9999.00,-9999.00,-9999.00,-9999.00,-9999.00,-9999.00,-9999.00,-9999.00,36.40,1.98,28.80,828.30,0,0,1
2023-09-20T19:17:25,-9999.000000,-9999.000000,-9999.00,-9999.00,-9999.00,0.00,13.51,23.54,23.69,22.14,-9999.00,-9999.00,-9999.00,-9999.00,-9999.00,-9999.00,-9999.00,-9999.00,-9999.00,37.40,1.98,28.90,827.80,0,0,1
2023-09-20T19:17:30,-9999.000000,-9999.000000,-9999.00,-9999.00,-9999.00,0.00,13.51,23.54,23.74,22.04,-9999.00,-9999.00,-9999.00,-9999.00,-9999.00,-9999.00,-9999.00,-9999.00,-9999.00,38.70,1.97,28.90,827.80,0,0,1
2023-09-20T19:17:35,-9999.000000,-9999.000000,-9999.00,-9999.00,-9999.00,0.00,13.51,23.54,23.80,22.05,-9999.00,-9999.00,-9999.00,-9999.00,-9999.00,-9999.00,-9999.00,-9999.00,-9999.00,37.60,1.98,28.90,828.40,0,0,1
2023-09-20T19:17:40,-9999.000000,-9999.000000,-9999.00,-9999.00,-9999.00,0.00,13.51,23.54,23.85,22.06,-9999.00,-9999.00,-9999.00,-9999.00,-9999.00,-9999.00,-9999.00,-9999.00,-9999.00,37.70,1.99,28.90,828.40,0,0,1
2023-09-20T19:17:45,-9999.000000,-9999.000000,-9999.00,-9999.00,-9999.00,0.00,13.51,23.54,23.91,22.05,-9999.00,-9999.00,-9999.00,-9999.00,-9999.00,-9999.00,-9999.00,-9999.00,-9999.00,38.60,1.99,29.00,827.90,0,0,1
2023-09-20T19:17:50,-9999.000000,-9999.000000,-9999.00,-9999.00,-9999.00,0.00,13.51,23.54,23.95,21.90,-9999.00,-9999.00,-9999.00,-9999.00,-9999.00,-9999.00,-9999.00,-9999.00,-9999.00,37.50,1.98,29.00,827.80,0,0,1
2023-09-20T19:17:55,-9999.000000,-9999.000000,-9999.00,-9999.00,-9999.00,0.00,13.51,23.54,24.01,22.00,-9999.00,-9999.00,-9999.00,-9999.00,-9999.00,-9999.00,-9999.00,-9999.00,-9999.00,34.40,1.97,29.00,828.40,0,0,1
2023-09-20T19:18:00,-9999.000000,-9999.000000,-9999.00,-9999.00,-9999.00,0.00,13.51,23.54,24.07,21.79,-9999.00,-9999.00,-9999.00,-9999.00,-9999.00,-9999.00,-9999.00,-9999.00,-9999.00,35.50,1.99,29.00,828.40,0,0,1
2023-09-20T19:18:05,-9999.000000,-9999.000000,-9999.00,-9999.00,-9999.00,0.00,13.51,23.55,24.15,21.61,-9999.00,-9999.00,-9999.00,-9999.00,-9999.00,-9999.00,-9999.00,-9999.00,-9999.00,39.30,1.99,29.00,827.80,0,0,1
2023-09-20T19:18:10,-9999.000000,-9999.000000,-9999.00,-9999.00,-9999.00,0.00,13.51,23.55,24.21,21.40,-9999.00,-9999.00,-9999.00,-9999.00,-9999.00,-9999.00,-9999.00,-9999.00,-9999.00,37.50,1.98,29.00,827.80,0,0,1
2023-09-20T19:18:15,-9999.000000,-9999.000000,-9999.00,-9999.00,-9999.00,0.00,13.51,23.55,24.27,21.19,-9999.00,-9999.00,-9999.00,-9999.00,-9999.00,-9999.00,-9999.00,-9999.00,-9999.00,34.60,2.00,29.10,828.30,0,0,1
2023-09-20T19:18:20,-9999.000000,-9999.000000,-9999.00,-9999.00,-9999.00,0.00,13.51,23.55,24.32,21.05,-9999.00,-9999.00,-9999.00,-9999.00,-9999.00,-9999.00,-9999.00,-9999.00,-9999.00,39.60,1.98,29.10,828.30,0,0,1
2023-09-20T19:18:25,-9999.000000,-9999.000000,-9999.00,-9999.00,-9999.00,0.00,13.51,23.55,24.42,20.98,-9999.00,-9999.00,-9999.00,-9999.00,-9999.00,-9999.00,-9999.00,-9999.00,-9999.00,36.30,1.98,29.10,827.70,0,0,1
2023-09-20T19:18:30,-9999.000000,-9999.000000,-9999.00,-9999.00,-9999.00,0.00,13.51,23.55,24.46,20.93,-9999.00,-9999.00,-9999.00,-9999.00,-9999.00,-9999.00,-9999.00,-9999.00,-9999.00,36.20,1.99,29.10,827.80,0,0,1
2023-09-20T19:18:35,40.761124,-111.910645,1332.70,3.70,181.20,1.00,13.51,23.55,24.52,20.77,-9999.00,-9999.00,-9999.00,-9999.00,-9999.00,-9999.00,-9999.00,-9999.00,-9999.00,35.00,1.98,29.10,828.30,0,0,1
2023-09-20T19:18:40,40.761013,-111.910645,1331.50,1.85,154.90,1.00,13.51,23.55,24.58,20.69,-9999.00,-9999.00,-9999.00,-9999.00,-9999.00,-9999.00,-9999.00,-9999.00,-9999.00,37.40,1.99,29.20,828.30,0,0,1
2023-09-20T19:18:45,40.761093,-111.910606,1318.80,0.00,154.90,1.00,13.51,23.56,24.62,20.69,-9999.00,-9999.00,-9999.00,-9999.00,-9999.00,-9999.00,-9999.00,-9999.00,-9999.00,35.20,1.99,29.20,827.80,0,0,1
2023-09-20T19:18:50,40.761143,-111.910599,1313.10,0.00,154.90,1.00,13.51,23.56,24.68,20.55,-9999.00,-9999.00,-9999.00,-9999.00,-9999.00,-9999.00,-9999.00,-9999.00,-9999.00,36.90,1.99,29.20,827.80,0,0,1
2023-09-20T19:18:55,40.761181,-111.910591,1310.00,0.77,154.90,1.00,13.51,23.56,24.74,20.57,-9999.00,-9999.00,-9999.00,-9999.00,-9999.00,-9999.00,-9999.00,-9999.00,-9999.00,36.80,1.99,29.20,828.40,0,0,1
2023-09-20T19:19:00,40.761204,-111.910645,1311.70,0.93,154.90,1.00,13.51,23.56,24.81,20.59,-9999.00,-9999.00,-9999.00,-9999.00,-9999.00,-9999.00,-9999.00,-9999.00,-9999.00,-9999.00,1.98,29.20,828.30,0,0,1
2023-09-20T19:19:05,40.761223,-111.910683,1313.60,0.62,154.90,1.00,13.51,23.56,24.84,20.62,-9999.00,-9999.00,-9999.00,-9999.00,-9999.00,-9999.00,-9999.00,-9999.00,-9999.00,-9999.00,1.98,29.30,827.80,0,0,1
2023-09-20T19:19:10,40.761242,-111.910706,1315.60,0.87,154.90,1.00,13.51,23.57,24.88,20.61,-9999.00,-9999.00,-9999.00,-9999.00,-9999.00,-9999.00,-9999.00,-9999.00,-9999.00,-9999.00,2.00,29.30,827.70,0,0,1
2023-09-20T19:19:15,40.761242,-111.910690,1316.60,0.00,154.90,1.00,13.51,23.57,24.90,20.44,-9999.00,-9999.00,-9999.00,-9999.00,-9999.00,-9999.00,-9999.00,-9999.00,-9999.00,-9999.00,2.00,29.30,828.30,0,0,1
2023-09-20T19:19:20,40.761253,-111.910690,1317.20,0.62,154.90,1.00,13.51,23.57,24.94,20.39,-9999.00,-9999.00,-9999.00,-9999.00,-9999.00,-9999.00,-9999.00,-9999.00,-9999.00,-9999.00,1.98,29.30,828.30,0,0,1
2023-09-20T19:19:25,40.761272,-111.910690,1317.70,0.87,154.90,1.00,13.51,23.57,24.98,20.28,-9999.00,-9999.00,-9999.00,-9999.00,-9999.00,-9999.00,-9999.00,-9999.00,-9999.00,-9999.00,1.97,29.30,827.80,0,0,1
2023-09-20T19:19:30,-9999.000000,-9999.000000,-9999.00,1.18,154.90,1.00,13.51,23.58,25.01,20.37,-9999.00,-9999.00,-9999.00,-9999.00,-9999.00,-9999.00,-9999.00,-9999.00,-9999.00,-9999.00,1.99,29.40,827.80,0,0,1
2023-09-20T19:19:35,-9999.000000,-9999.000000,-9999.00,1.18,154.90,1.00,13.51,23.58,25.02,20.39,-9999.00,-9999.00,-9999.00,-9999.00,-9999.00,-9999.00,-9999.00,-9999.00,-9999.00,-9999.00,1.99,29.40,828.20,0,0,1
2023-09-20T19:19:40,40.761383,-111.910904,1318.30,0.98,154.90,1.00,13.51,23.58,25.06,20.32,-9999.00,-9999.00,-9999.00,-9999.00,-9999.00,-9999.00,-9999.00,-9999.00,-9999.00,-9999.00,1.98,29.40,828.20,0,0,1
2023-09-20T19:19:45,-9999.000000,-9999.000000,-9999.00,0.98,154.90,1.00,13.51,23.58,25.10,20.30,-9999.00,-9999.00,-9999.00,-9999.00,-9999.00,-9999.00,-9999.00,-9999.00,-9999.00,-9999.00,1.98,29.40,827.80,0,0,1
2023-09-20T19:19:50,-9999.000000,-9999.000000,-9999.00,0.98,154.90,1.00,13.51,23.59,25.13,20.31,-9999.00,-9999.00,-9999.00,-9999.00,-9999.00,-9999.00,-9999.00,-9999.00,-9999.00,-9999.00,1.99,29.40,827.70,0,0,1
2023-09-20T19:19:55,-9999.000000,-9999.000000,-9999.00,0.98,154.90,1.00,13.51,23.59,25.14,20.24,-9999.00,-9999.00,-9999.00,-9999.00,-9999.00,-9999.00,-9999.00,-9999.00,-9999.00,-9999.00,1.99,29.40,828.20,0,0,1
2023-09-22T00:48:55,-9999.000000,-9999.000000,-9999.00,-9999.00,-9999.00,-9999.00,12.25,15.27,13.53,58.33,-9999.00,-9999.00,-9999.00,-9999.00,-9999.00,-9999.00,-9999.00,-9999.00,-9999.00,-9999.00,-9999.00,-9999.00,-9999.00,0,0,0
2023-09-22T00:49:00,-9999.000000,-9999.000000,-9999.00,-9999.00,-9999.00,0.00,13.80,15.26,13.54,58.35,-9999.00,-9999.00,-9999.00,-9999.00,-9999.00,-9999.00,-9999.00,-9999.00,-9999.00,-9999.00,1.76,15.40,834.30,0,0,0
2023-09-22T00:49:05,-9999.000000,-9999.000000,-9999.00,-9999.00,-9999.00,0.00,13.80,15.26,13.54,58.36,-9999.00,-9999.00,-9999.00,-9999.00,-9999.00,-9999.00,-9999.00,-9999.00,-9999.00,-9999.00,1.79,15.40,834.30,0,0,0
2023-09-22T00:49:10,-9999.000000,-9999.000000,-9999.00,-9999.00,-9999.00,0.00,13.80,15.26,13.55,58.35,-9999.00,-9999.00,-9999.00,-9999.00,-9999.00,-9999.00,-9999.00,-9999.00,-9999.00,-9999.00,1.80,15.50,833.40,0,0,0
2023-09-22T00:49:15,-9999.000000,-9999.000000,-9999.00,-9999.00,-9999.00,0.00,13.80,15.26,13.55,58.62,-9999.00,-9999.00,-9999.00,-9999.00,-9999.00,-9999.00,-9999.00,-9999.00,-9999.00,-9999.00,1.79,15.50,833.50,0,0,0
2023-09-22T00:49:20,-9999.000000,-9999.000000,-9999.00,-9999.00,-9999.00,0.00,13.86,15.26,13.60,58.71,-9999.00,-9999.00,-9999.00,-9999.00,-9999.00,-9999.00,-9999.00,-9999.00,-9999.00,-9999.00,1.80,15.60,834.00,0,0,0
2023-09-22T00:49:25,-9999.000000,-9999.000000,-9999.00,-9999.00,-9999.00,0.00,13.86,15.26,13.55,58.38,-9999.00,-9999.00,-9999.00,-9999.00,-9999.00,-9999.00,-9999.00,-9999.00,-9999.00,-9999.00,1.80,15.60,833.90,0,0,0
2023-09-22T00:49:30,-9999.000000,-9999.000000,-9999.00,-9999.00,-9999.00,0.00,13.86,15.26,13.55,58.32,-9999.00,-9999.00,-9999.00,-9999.00,-9999.00,-9999.00,-9999.00,-9999.00,-9999.00,-9999.00,1.80,15.70,833.10,0,0,0
2023-09-22T00:49:35,-9999.000000,-9999.000000,-9999.00,-9999.00,-9999.00,0.00,13.86,15.26,13.55,58.38,-9999.00,-9999.00,-9999.00,-9999.00,-9999.00,-9999.00,-9999.00,-9999.00,-9999.00,-9999.00,1.81,15.70,833.10,0,0,0
2023-09-22T00:49:40,-9999.000000,-9999.000000,-9999.00,-9999.00,-9999.00,0.00,13.86,15.26,13.55,58.22,-9999.00,-9999.00,-9999.00,-9999.00,-9999.00,-9999.00,-9999.00,-9999.00,-9999.00,-9999.00,1.81,15.70,833.80,0,0,0
2023-09-22T00:49:45,-9999.000000,-9999.000000,-9999.00,-9999.00,-9999.00,0.00,13.86,15.25,13.55,58.16,-9999.00,-9999.00,-9999.00,-9999.00,-9999.00,-9999.00,-9999.00,-9999.00,-9999.00,-9999.00,1.81,15.80,833.70,0,0,0
2023-09-22T00:49:50,-9999.000000,-9999.000000,-9999.00,-9999.00,-9999.00,0.00,13.86,15.25,13.55,58.18,-9999.00,-9999.00,-9999.00,-9999.00,-9999.00,-9999.00,-9999.00,-9999.00,-9999.00,-9999.00,1.81,15.80,833.00,0,0,0
2023-09-22T00:49:55,-9999.000000,-9999.000000,-9999.00,-9999.00,-9999.00,0.00,13.86,15.25,13.55,58.52,-9999.00,-9999.00,-9999.00,-9999.00,-9999.00,-9999.00,-9999.00,-9999.00,-9999.00,-9999.00,1.83,15.90,833.00,0,0,0
2023-09-22T00:50:00,-9999.000000,-9999.000000,-9999.00,-9999.00,-9999.00,0.00,13.86,15.25,13.55,58.58,-9999.00,-9999.00,-9999.00,-9999.00,-9999.00,-9999.00,-9999.00,-9999.00,-9999.00,-9999.00,1.82,15.90,833.70,0,0,0
2023-09-22T00:50:05,-9999.000000,-9999.000000,-9999.00,-9999.00,-9999.00,0.00,13.86,15.25,13.55,58.59,-9999.00,-9999.00,-9999.00,-9999.00,-9999.00,-9999.00,-9999.00,-9999.00,-9999.00,-9999.00,1.83,15.90,833.70,0,0,0
2023-09-22T00:50:10,-9999.000000,-9999.000000,-9999.00,-9999.00,-9999.00,0.00,13.86,15.25,13.57,58.54,-9999.00,-9999.00,-9999.00,-9999.00,-9999.00,-9999.00,-9999.00,-9999.00,-9999.00,-9999.00,1.83,16.00,832.90,0,0,0
2023-09-22T00:50:15,-9999.000000,-9999.000000,-9999.00,-9999.00,-9999.00,0.00,13.86,15.25,13.59,58.46,-9999.00,-9999.00,-9999.00,-9999.00,-9999.00,-9999.00,-9999.00,-9999.00,-9999.00,-9999.00,1.82,16.00,832.90,0,0,0
2023-09-22T00:50:20,-9999.000000,-9999.000000,-9999.00,-9999.00,-9999.00,0.00,13.86,15.25,13.60,58.40,-9999.00,-9999.00,-9999.00,-9999.00,-9999.00,-9999.00,-9999.00,-9999.00,-9999.00,-9999.00,1.81,16.10,833.70,0,0,0
2023-09-22T00:50:25,-9999.000000,-9999.000000,-9999.00,-9999.00,-9999.00,0.00,13.86,15.25,13.61,58.34,-9999.00,-9999.00,-9999.00,-9999.00,-9999.00,-9999.00,-9999.00,-9999.00,-9999.00,-9999.00,1.82,16.10,833.60,0,0,0
2023-09-22T00:50:30,-9999.000000,-9999.000000,-9999.00,-9999.00,-9999.00,0.00,13.86,15.24,13.63,58.34,-9999.00,-9999.00,-9999.00,-9999.00,-9999.00,-9999.00,-9999.00,-9999.00,-9999.00,-9999.00,1.82,16.20,832.90,0,0,0
2023-09-22T00:50:35,-9999.000000,-9999.000000,-9999.00,-9999.00,-9999.00,0.00,13.86,15.24,13.63,58.32,-9999.00,-9999.00,-9999.00,-9999.00,-9999.00,-9999.00,-9999.00,-9999.00,-9999.00,-9999.00,1.82,16.20,832.80,0,0,0
2023-09-22T00:50:40,-9999.000000,-9999.000000,-9999.00,-9999.00,-9999.00,0.00,13.86,15.24,13.66,58.29,-9999.00,-9999.00,-9999.00,-9999.00,-9999.00,-9999.00,-9999.00,-9999.00,-9999.00,-9999.00,1.82,16.20,833.60,0,0,0
2023-09-22T00:50:45,-9999.000000,-9999.000000,-9999.00,-9999.00,-9999.00,0.00,13.86,15.24,13.67,58.19,-9999.00,-9999.00,-9999.00,-9999.00,-9999.00,-9999.00,-9999.00,-9999.00,-9999.00,-9999.00,1.82,16.30,833.60,0,0,0
2023-09-22T00:50:50,-9999.000000,-9999.000000,-9999.00,-9999.00,-9999.00,0.00,13.86,15.24,13.70,58.11,-9999.00,-9999.00,-9999.00,-9999.00,-9999.00,-9999.00,-9999.00,-9999.00,-9999.00,-9999.00,1.83,16.30,832.80,0,0,0
2023-09-22T00:50:55,-9999.000000,-9999.000000,-9999.00,-9999.00,-9999.00,0.00,13.86,15.24,13.71,57.97,-9999.00,-9999.00,-9999.00,-9999.00,-9999.00,-9999.00,-9999.00,-9999.00,-9999.00,-9999.00,1.83,16.40,832.80,0,0,0
2023-09-22T00:51:00,-9999.000000,-9999.000000,-9999.00,-9999.00,-9999.00,0.00,13.86,15.24,13.74,57.78,-9999.00,-9999.00,-9999.00,-9999.00,-9999.00,-9999.00,-9999.00,-9999.00,-9999.00,-9999.00,1.83,16.40,833.50,0,0,0
2023-09-22T00:51:05,-9999.000000,-9999.000000,-9999.00,-9999.00,-9999.00,0.00,13.86,15.24,13.76,57.70,-9999.00,-9999.00,-9999.00,-9999.00,-9999.00,-9999.00,-9999.00,-9999.00,-9999.00,-9999.00,1.84,16.40,833.50,0,0,0
2023-09-22T00:51:10,-9999.000000,-9999.000000,-9999.00,-9999.00,-9999.00,0.00,13.86,15.24,13.77,57.34,-9999.00,-9999.00,-9999.00,-9999.00,-9999.00,-9999.00,-9999.00,-9999.00,-9999.00,-9999.00,1.84,16.50,832.70,0,0,0
2023-09-22T00:51:15,-9999.000000,-9999.000000,-9999.00,-9999.00,-9999.00,0.00,13.86,15.23,13.80,57.28,-9999.00,-9999.00,-9999.00,-9999.00,-9999.00,-9999.00,-9999.00,-9999.00,-9999.00,-9999.00,1.83,16.50,832.60,0,0,0
2023-09-22T00:51:20,-9999.000000,-9999.000000,-9999.00,-9999.00,-9999.00,0.00,13.86,15.23,13.80,57.63,-9999.00,-9999.00,-9999.00,-9999.00,-9999.00,-9999.00,-9999.00,-9999.00,-9999.00,-9999.00,1.84,16.60,833.50,0,0,0
2023-09-22T00:51:25,-9999.000000,-9999.000000,-9999.00,-9999.00,-9999.00,0.00,13.86,15.23,13.86,57.84,-9999.00,-9999.00,-9999.00,-9999.00,-9999.00,-9999.00,-9999.00,-9999.00,-9999.00,-9999.00,1.86,16.60,833.60,0,0,0
2023-09-22T00:51:30,-9999.000000,-9999.000000,-9999.00,-9999.00,-9999.00,0.00,13.86,15.23,13.83,58.79,-9999.00,-9999.00,-9999.00,-9999.00,-9999.00,-9999.00,-9999.00,-9999.00,-9999.00,-9999.00,1.85,16.70,832.70,0,0,0
2023-09-22T00:51:35,-9999.000000,-9999.000000,-9999.00,-9999.00,-9999.00,0.00,13.86,15.23,13.81,58.55,-9999.00,-9999.00,-9999.00,-9999.00,-9999.00,-9999.00,-9999.00,-9999.00,-9999.00,-9999.00,1.84,16.70,832.80,0,0,0
2023-09-22T00:51:40,-9999.000000,-9999.000000,-9999.00,-9999.00,-9999.00,0.00,13.86,15.23,13.79,58.26,-9999.00,-9999.00,-9999.00,-9999.00,-9999.00,-9999.00,-9999.00,-9999.00,-9999.00,-9999.00,1.86,16.70,833.60,0,0,0
2023-09-22T00:51:45,-9999.000000,-9999.000000,-9999.00,-9999.00,-9999.00,0.00,13.86,15.23,13.80,58.16,-9999.00,-9999.00,-9999.00,-9999.00,-9999.00,-9999.00,-9999.00,-9999.00,-9999.00,-9999.00,1.84,16.80,833.50,0,0,0
2023-09-22T00:51:50,-9999.000000,-9999.000000,-9999.00,-9999.00,-9999.00,0.00,13.86,15.23,13.80,58.06,-9999.00,-9999.00,-9999.00,-9999.00,-9999.00,-9999.00,-9999.00,-9999.00,-9999.00,-9999.00,1.84,16.80,832.80,0,0,0
2023-09-22T00:51:55,-9999.000000,-9999.000000,-9999.00,-9999.00,-9999.00,0.00,13.86,15.23,13.80,58.04,-9999.00,-9999.00,-9999.00,-9999.00,-9999.00,-9999.00,-9999.00,-9999.00,-9999.00,-9999.00,1.85,16.90,832.80,0,0,0
2023-09-22T00:52:00,-9999.000000,-9999.000000,-9999.00,-9999.00,-9999.00,0.00,13.86,15.23,13.80,58.06,-9999.00,-9999.00,-9999.00,-9999.00,-9999.00,-9999.00,-9999.00,-9999.00,-9999.00,-9999.00,1.84,16.90,833.50,0,0,0
2023-09-22T00:52:05,-9999.000000,-9999.000000,-9999.00,-9999.00,-9999.00,0.00,13.86,15.22,13.79,58.08,-9999.00,-9999.00,-9999.00,-9999.00,-9999.00,-9999.00,-9999.00,-9999.00,-9999.00,-9999.00,1.84,16.90,833.50,0,0,0
2023-09-22T00:52:10,-9999.000000,-9999.000000,-9999.00,-9999.00,-9999.00,0.00,13.86,15.22,13.79,58.14,-9999.00,-9999.00,-9999.00,-9999.00,-9999.00,-9999.00,-9999.00,-9999.00,-9999.00,-9999.00,1.84,17.00,832.70,0,0,0
2023-09-25T14:59:00,-9999.000000,-9999.000000,-9999.00,-9999.00,-9999.00,0.00,13.75,16.91,20.14,29.77,-9999.00,-9999.00,-9999.00,-9999.00,-9999.00,-9999.00,-9999.00,-9999.00,-9999.00,-9999.00,-9999.00,-9999.00,-9999.00,0,0,0
2023-09-25T14:59:55,-9999.000000,-9999.000000,-9999.00,-9999.00,-9999.00,0.00,12.24,16.95,20.14,29.65,-9999.00,-9999.00,-9999.00,-9999.00,-9999.00,-9999.00,-9999.00,-9999.00,-9999.00,-9999.00,-9999.00,-9999.00,-9999.00,0,0,0
2023-09-25T15:00:00,-9999.000000,-9999.000000,-9999.00,-9999.00,-9999.00,0.00,13.69,16.96,20.17,29.66,-9999.00,-9999.00,-9999.00,-9999.00,-9999.00,-9999.00,-9999.00,-9999.00,-9999.00,-9999.00,1.78,16.00,839.50,0,0,0
2023-09-25T15:00:05,-9999.000000,-9999.000000,-9999.00,-9999.00,-9999.00,0.00,13.69,16.96,20.17,29.74,-9999.00,-9999.00,-9999.00,-9999.00,-9999.00,-9999.00,-9999.00,-9999.00,-9999.00,-9999.00,1.78,16.00,838.70,0,0,0
2023-09-25T15:00:10,-9999.000000,-9999.000000,-9999.00,-9999.00,-9999.00,0.00,13.72,16.97,20.13,29.80,-9999.00,-9999.00,-9999.00,-9999.00,-9999.00,-9999.00,-9999.00,-9999.00,-9999.00,-9999.00,1.79,16.10,838.70,0,0,0
2023-09-25T15:00:15,-9999.000000,-9999.000000,-9999.00,-9999.00,-9999.00,0.00,13.77,16.97,20.13,29.86,-9999.00,-9999.00,-9999.00,-9999.00,-9999.00,-9999.00,-9999.00,-9999.00,-9999.00,-9999.00,1.79,16.10,839.40,0,0,0
2023-09-25T15:00:20,-9999.000000,-9999.000000,-9999.00,-9999.00,-9999.00,0.00,13.77,16.97,20.11,29.94,-9999.00,-9999.00,-9999.00,-9999.00,-9999.00,-9999.00,-9999.00,-9999.00,-9999.00,-9999.00,1.81,16.20,839.40,0,0,0
2023-09-25T15:00:25,-9999.000000,-9999.000000,-9999.00,-9999.00,-9999.00,0.00,13.77,16.98,20.10,29.94,-9999.00,-9999.00,-9999.00,-9999.00,-9999.00,-9999.00,-9999.00,-9999.00,-9999.00,-9999.00,1.79,16.20,838.70,0,0,0
2023-09-25T15:00:30,-9999.000000,-9999.000000,-9999.00,-9999.00,-9999.00,0.00,13.77,16.98,20.10,29.94,-9999.00,-9999.00,-9999.00,-9999.00,-9999.00,-9999.00,-9999.00,-9999.00,-9999.00,-9999.00,1.80,16.30,838.70,0,0,0
2023-09-25T15:00:35,-9999.000000,-9999.000000,-9999.00,-9999.00,-9999.00,0.00,13.77,16.99,20.08,29.94,-9999.00,-9999.00,-9999.00,-9999.00,-9999.00,-9999.00,-9999.00,-9999.00,-9999.00,-9999.00,1.80,16.30,839.30,0,0,0
2023-09-25T15:00:40,-9999.000000,-9999.000000,-9999.00,-9999.00,-9999.00,0.00,13.77,16.99,20.05,29.92,-9999.00,-9999.00,-9999.00,-9999.00,-9999.00,-9999.00,-9999.00,-9999.00,-9999.00,-9999.00,1.79,16.40,839.40,0,0,0
2023-09-25T15:00:45,-9999.000000,-9999.000000,-9999.00,-9999.00,-9999.00,0.00,13.77,16.99,20.04,29.90,-9999.00,-9999.00,-9999.00,-9999.00,-9999.00,-9999.00,-9999.00,-9999.00,-9999.00,-9999.00,1.79,16.40,838.60,0,0,0
2023-09-25T15:00:50,-9999.000000,-9999.000000,-9999.00,-9999.00,-9999.00,0.00,13.77,17.00,20.02,29.92,-9999.00,-9999.00,-9999.00,-9999.00,-9999.00,-9999.00,-9999.00,-9999.00,-9999.00,-9999.00,1.81,16.50,838.60,0,0,0
2023-09-25T15:00:55,-9999.000000,-9999.000000,-9999.00,-9999.00,-9999.00,0.00,13.77,17.00,20.02,29.96,-9999.00,-9999.00,-9999.00,-9999.00,-9999.00,-9999.00,-9999.00,-9999.00,-9999.00,-9999.00,1.80,16.50,839.30,0,0,0
2023-09-25T15:01:00,-9999.000000,-9999.000000,-9999.00,-9999.00,-9999.00,0.00,13.77,17.01,20.00,30.04,-9999.00,-9999.00,-9999.00,-9999.00,-9999.00,-9999.00,-9999.00,-9999.00,-9999.00,-9999.00,1.81,16.50,839.30,0,0,0
2023-09-25T15:01:05,-9999.000000,-9999.000000,-9999.00,-9999.00,-9999.00,0.00,13.77,17.01,20.00,30.14,-9999.00,-9999.00,-9999.00,-9999.00,-9999.00,-9999.00,-9999.00,-9999.00,-9999.00,-9999.00,1.83,16.60,838.60,0,0,0
2023-09-25T15:01:10,-9999.000000,-9999.000000,-9999.00,-9999.00,-9999.00,0.00,13.77,17.01,19.98,30.25,-9999.00,-9999.00,-9999.00,-9999.00,-9999.00,-9999.00,-9999.00,-9999.00,-9999.00,-9999.00,1.81,16.70,838.50,0,0,0
2023-09-25T15:01:15,-9999.000000,-9999.000000,-9999.00,-9999.00,-9999.00,0.00,13.77,17.02,19.96,30.36,-9999.00,-9999.00,-9999.00,-9999.00,-9999.00,-9999.00,-9999.00,-9999.00,-9999.00,-9999.00,1.81,16.70,839.20,0,0,0
2023-09-25T15:01:20,-9999.000000,-9999.000000,-9999.00,-9999.00,-9999.00,0.00,13.77,17.02,19.96,30.44,-9999.00,-9999.00,-9999.00,-9999.00,-9999.00,-9999.00,-9999.00,-9999.00,-9999.00,-9999.00,1.82,16.70,839.20,0,0,0
2023-09-25T15:01:25,-9999.000000,-9999.000000,-9999.00,-9999.00,-9999.00,0.00,13.77,17.03,19.94,30.45,-9999.00,-9999.00,-9999.00,-9999.00,-9999.00,-9999.00,-9999.00,-9999.00,-9999.00,-9999.00,1.80,16.80,838.50,0,0,0
2023-09-25T15:01:30,-9999.000000,-9999.000000,-9999.00,-9999.00,-9999.00,0.00,13.77,17.03,19.93,30.41,-9999.00,-9999.00,-9999.00,-9999.00,-9999.00,-9999.00,-9999.00,-9999.00,-9999.00,-9999.00,1.79,16.80,838.50,0,0,0
2023-09-25T15:01:35,-9999.000000,-9999.000000,-9999.00,-9999.00,-9999.00,0.00,13.77,17.03,19.92,30.39,-9999.00,-9999.00,-9999.00,-9999.00,-9999.00,-9999.00,-9999.00,-9999.00,-9999.00,-9999.00,1.82,16.90,839.20,0,0,0
2023-09-25T15:01:40,-9999.000000,-9999.000000,-9999.00,-9999.00,-9999.00,0.00,13.77,17.04,19.90,30.40,-9999.00,-9999.00,-9999.00,-9999.00,-9999.00,-9999.00,-9999.00,-9999.00,-9999.00,-9999.00,1.83,16.90,839.20,0,0,0
2023-09-25T15:01:45,-9999.000000,-9999.000000,-9999.00,-9999.00,-9999.00,0.00,13.77,17.04,19.90,30.43,-9999.00,-9999.00,-9999.00,-9999.00,-9999.00,-9999.00,-9999.00,-9999.00,-9999.00,-9999.00,1.84,17.00,838.50,0,0,0
2023-09-25T15:01:50,-9999.000000,-9999.000000,-9999.00,-9999.00,-9999.00,0.00,13.77,17.05,19.88,30.49,-9999.00,-9999.00,-9999.00,-9999.00,-9999.00,-9999.00,-9999.00,-9999.00,-9999.00,-9999.00,1.82,17.00,838.50,0,0,0
2023-09-25T15:01:55,-9999.000000,-9999.000000,-9999.00,-9999.00,-9999.00,0.00,13.77,17.05,19.92,30.59,-9999.00,-9999.00,-9999.00,-9999.00,-9999.00,-9999.00,-9999.00,-9999.00,-9999.00,-9999.00,1.83,17.10,839.20,0,0,0
2023-09-25T15:02:00,-9999.000000,-9999.000000,-9999.00,-9999.00,-9999.00,0.00,13.77,17.05,19.91,30.74,-9999.00,-9999.00,-9999.00,-9999.00,-9999.00,-9999.00,-9999.00,-9999.00,-9999.00,-9999.00,1.83,17.10,839.20,0,0,0
2023-09-25T15:02:05,-9999.000000,-9999.000000,-9999.00,-9999.00,-9999.00,0.00,13.77,17.06,19.85,30.73,-9999.00,-9999.00,-9999.00,-9999.00,-9999.00,-9999.00,-9999.00,-9999.00,-9999.00,-9999.00,1.83,17.20,838.50,0,0,0
2023-09-25T15:02:10,-9999.000000,-9999.000000,-9999.00,-9999.00,-9999.00,0.00,13.77,17.06,19.83,30.75,-9999.00,-9999.00,-9999.00,-9999.00,-9999.00,-9999.00,-9999.00,-9999.00,-9999.00,-9999.00,1.81,17.20,838.50,0,0,0
2023-09-25T15:02:15,-9999.000000,-9999.000000,-9999.00,-9999.00,-9999.00,0.00,13.77,17.07,19.83,30.75,-9999.00,-9999.00,-9999.00,-9999.00,-9999.00,-9999.00,-9999.00,-9999.00,-9999.00,-9999.00,1.82,17.20,839.20,0,0,0
2023-09-25T15:02:20,-9999.000000,-9999.000000,-9999.00,-9999.00,-9999.00,0.00,13.77,17.07,19.81,30.81,-9999.00,-9999.00,-9999.00,-9999.00,-9999.00,-9999.00,-9999.00,-9999.00,-9999.00,-9999.00,1.82,17.30,839.10,0,0,0
2023-09-25T15:02:25,-9999.000000,-9999.000000,-9999.00,-9999.00,-9999.00,0.00,13.77,17.07,19.79,30.85,-9999.00,-9999.00,-9999.00,-9999.00,-9999.00,-9999.00,-9999.00,-9999.00,-9999.00,-9999.00,1.84,17.30,838.40,0,0,0
2023-09-25T15:02:30,-9999.000000,-9999.000000,-9999.00,-9999.00,-9999.00,0.00,13.77,17.08,19.77,30.85,-9999.00,-9999.00,-9999.00,-9999.00,-9999.00,-9999.00,-9999.00,-9999.00,-9999.00,-9999.00,1.84,17.40,838.40,0,0,0
2023-09-25T15:02:35,-9999.000000,-9999.000000,-9999.00,-9999.00,-9999.00,0.00,13.77,17.08,19.77,30.87,-9999.00,-9999.00,-9999.00,-9999.00,-9999.00,-9999.00,-9999.00,-9999.00,-9999.00,-9999.00,1.83,17.40,839.10,0,0,0
2023-09-25T15:02:40,-9999.000000,-9999.000000,-9999.00,-9999.00,-9999.00,0.00,13.77,17.09,19.75,30.85,-9999.00,-9999.00,-9999.00,-9999.00,-9999.00,-9999.00,-9999.00,-9999.00,-9999.00,-9999.00,1.83,17.50,839.10,0,0,0
2023-09-25T15:02:45,-9999.000000,-9999.000000,-9999.00,-9999.00,-9999.00,0.00,13.77,17.09,19.75,30.85,-9999.00,-9999.00,-9999.00,-9999.00,-9999.00,-9999.00,-9999.00,-9999.00,-9999.00,-9999.00,1.82,17.50,838.40,0,0,0
2023-09-25T15:02:50,-9999.000000,-9999.000000,-9999.00,-9999.00,-9999.00,0.00,13.77,17.09,19.73,30.81,-9999.00,-9999.00,-9999.00,-9999.00,-9999.00,-9999.00,-9999.00,-9999.00,-9999.00,-9999.00,1.83,17.60,838.40,0,0,0
2023-09-25T15:02:55,-9999.000000,-9999.000000,-9999.00,-9999.00,-9999.00,0.00,13.77,17.10,19.73,30.82,-9999.00,-9999.00,-9999.00,-9999.00,-9999.00,-9999.00,-9999.00,-9999.00,-9999.00,-9999.00,1.84,17.60,839.10,0,0,0
2023-09-25T15:03:00,-9999.000000,-9999.000000,-9999.00,-9999.00,-9999.00,0.00,13.77,17.10,19.73,30.81,-9999.00,-9999.00,-9999.00,-9999.00,-9999.00,-9999.00,-9999.00,-9999.00,-9999.00,-9999.00,1.84,17.60,839.10,0,0,0
2023-09-25T15:03:05,-9999.000000,-9999.000000,-9999.00,-9999.00,-9999.00,0.00,13.77,17.11,19.71,30.83,-9999.00,-9999.00,-9999.00,-9999.00,-9999.00,-9999.00,-9999.00,-9999.00,-9999.00,-9999.00,1.83,17.70,838.30,0,0,0
2023-09-25T15:03:10,-9999.000000,-9999.000000,-9999.00,-9999.00,-9999.00,0.00,13.77,17.11,19.69,30.85,-9999.00,-9999.00,-9999.00,-9999.00,-9999.00,-9999.00,-9999.00,-9999.00,-9999.00,-9999.00,1.83,17.70,838.40,0,0,0
2023-09-25T15:03:15,-9999.000000,-9999.000000,-9999.00,-9999.00,-9999.00,0.00,13.77,17.11,19.67,30.86,-9999.00,-9999.00,-9999.00,-9999.00,-9999.00,-9999.00,-9999.00,-9999.00,-9999.00,-9999.00,1.81,17.80,839.10,0,0,0
2023-09-25T15:03:20,-9999.000000,-9999.000000,-9999.00,-9999.00,-9999.00,0.00,13.77,17.12,19.67,30.91,-9999.00,-9999.00,-9999.00,-9999.00,-9999.00,-9999.00,-9999.00,-9999.00,-9999.00,-9999.00,1.84,17.80,839.00,0,0,0
2023-09-25T15:03:25,-9999.000000,-9999.000000,-9999.00,-9999.00,-9999.00,0.00,13.77,17.12,19.65,30.92,-9999.00,-9999.00,-9999.00,-9999.00,-9999.00,-9999.00,-9999.00,-9999.00,-9999.00,-9999.00,1.84,17.90,838.40,0,0,0
2023-09-25T15:03:30,-9999.000000,-9999.000000,-9999.00,-9999.00,-9999.00,0.00,13.77,17.13,19.64,30.94,-9999.00,-9999.00,-9999.00,-9999.00,-9999.00,-9999.00,-9999.00,-9999.00,-9999.00,-9999.00,1.83,17.90,838.30,0,0,0
2023-09-25T15:03:35,-9999.000000,-9999.000000,-9999.00,-9999.00,-9999.00,0.00,13.77,17.13,19.62,30.97,-9999.00,-9999.00,-9999.00,-9999.00,-9999.00,-9999.00,-9999.00,-9999.00,-9999.00,-9999.00,1.85,17.90,839.00,0,0,0
2023-09-25T15:03:40,-9999.000000,-9999.000000,-9999.00,-9999.00,-9999.00,0.00,13.77,17.14,19.61,30.97,-9999.00,-9999.00,-9999.00,-9999.00,-9999.00,-9999.00,-9999.00,-9999.00,-9999.00,-9999.00,1.84,18.00,839.00,0,0,0
2023-09-25T15:03:45,-9999.000000,-9999.000000,-9999.00,-9999.00,-9999.00,0.00,13.76,17.14,19.61,31.00,-9999.00,-9999.00,-9999.00,-9999.00,-9999.00,-9999.00,-9999.00,-9999.00,-9999.00,-9999.00,1.83,18.00,838.40,0,0,0
2023-09-25T15:03:50,-9999.000000,-9999.000000,-9999.00,-9999.00,-9999.00,0.00,13.77,17.14,19.65,31.05,-9999.00,-9999.00,-9999.00,-9999.00,-9999.00,-9999.00,-9999.00,-9999.00,-9999.00,-9999.00,1.85,18.10,838.40,0,0,0
2023-09-25T15:03:55,-9999.000000,-9999.000000,-9999.00,-9999.00,-9999.00,0.00,13.77,17.15,19.61,31.12,-9999.00,-9999.00,-9999.00,-9999.00,-9999.00,-9999.00,-9999.00,-9999.00,-9999.00,-9999.00,1.85,18.10,839.00,0,0,0
2023-09-25T15:04:00,-9999.000000,-9999.000000,-9999.00,-9999.00,-9999.00,0.00,13.77,17.15,19.59,31.07,-9999.00,-9999.00,-9999.00,-9999.00,-9999.00,-9999.00,-9999.00,-9999.00,-9999.00,-9999.00,1.84,18.10,839.00,0,0,0
2023-09-25T15:04:05,-9999.000000,-9999.000000,-9999.00,-9999.00,-9999.00,0.00,13.77,17.16,19.57,31.12,-9999.00,-9999.00,-9999.00,-9999.00,-9999.00,-9999.00,-9999.00,-9999.00,-9999.00,-9999.00,1.85,18.20,838.30,0,0,0
2023-09-25T15:04:10,-9999.000000,-9999.000000,-9999.00,-9999.00,-9999.00,0.00,13.77,17.16,19.55,31.12,-9999.00,-9999.00,-9999.00,-9999.00,-9999.00,-9999.00,-9999.00,-9999.00,-9999.00,-9999.00,1.85,18.20,838.30,0,0,0
2023-09-25T15:04:15,-9999.000000,-9999.000000,-9999.00,-9999.00,-9999.00,0.00,13.77,17.16,19.55,31.18,-9999.00,-9999.00,-9999.00,-9999.00,-9999.00,-9999.00,-9999.00,-9999.00,-9999.00,-9999.00,1.84,18.30,839.00,0,0,0
2023-09-25T15:04:20,-9999.000000,-9999.000000,-9999.00,-9999.00,-9999.00,0.00,13.77,17.17,19.53,31.18,-9999.00,-9999.00,-9999.00,-9999.00,-9999.00,-9999.00,-9999.00,-9999.00,-9999.00,-9999.00,1.85,18.30,839.00,0,0,0
2023-09-25T15:04:25,-9999.000000,-9999.000000,-9999.00,-9999.00,-9999.00,0.00,13.77,17.17,19.53,31.12,-9999.00,-9999.00,-9999.00,-9999.00,-9999.00,-9999.00,-9999.00,-9999.00,-9999.00,-9999.00,1.85,18.40,838.30,0,0,0
2023-09-25T15:04:30,-9999.000000,-9999.000000,-9999.00,-9999.00,-9999.00,0.00,13.77,17.18,19.53,31.08,-9999.00,-9999.00,-9999.00,-9999.00,-9999.00,-9999.00,-9999.00,-9999.00,-9999.00,-9999.00,1.84,18.40,838.30,0,0,0
2023-09-25T15:04:35,-9999.000000,-9999.000000,-9999.00,-9999.00,-9999.00,0.00,13.77,17.18,19.51,31.08,-9999.00,-9999.00,-9999.00,-9999.00,-9999.00,-9999.00,-9999.00,-9999.00,-9999.00,-9999.00,1.85,18.40,839.00,0,0,0
2023-09-25T15:04:40,-9999.000000,-9999.000000,-9999.00,-9999.00,-9999.00,0.00,13.77,17.19,19.51,31.08,-9999.00,-9999.00,-9999.00,-9999.00,-9999.00,-9999.00,-9999.00,-9999.00,-9999.00,-9999.00,1.85,18.50,839.00,0,0,0
2023-09-25T15:04:45,-9999.000000,-9999.000000,-9999.00,-9999.00,-9999.00,0.00,13.77,17.19,19.49,31.10,-9999.00,-9999.00,-9999.00,-9999.00,-9999.00,-9999.00,-9999.00,-9999.00,-9999.00,-9999.00,1.85,18.50,838.30,0,0,0
2023-09-25T15:04:50,-9999.000000,-9999.000000,-9999.00,-9999.00,-9999.00,0.00,13.77,17.19,19.47,31.11,-9999.00,-9999.00,-9999.00,-9999.00,-9999.00,-9999.00,-9999.00,-9999.00,-9999.00,-9999.00,1.85,18.60,838.30,0,0,0
2023-09-25T15:04:55,-9999.000000,-9999.000000,-9999.00,-9999.00,-9999.00,0.00,13.77,17.20,19.47,31.16,-9999.00,-9999.00,-9999.00,-9999.00,-9999.00,-9999.00,-9999.00,-9999.00,-9999.00,-9999.00,1.85,18.60,838.90,0,0,0
2023-09-25T15:05:00,-9999.000000,-9999.000000,-9999.00,-9999.00,-9999.00,0.00,13.77,17.20,19.45,31.19,-9999.00,-9999.00,-9999.00,-9999.00,-9999.00,-9999.00,-9999.00,-9999.00,-9999.00,-9999.00,1.84,18.60,838.90,0,0,0
2023-09-25T15:05:05,-9999.000000,-9999.000000,-9999.00,-9999.00,-9999.00,0.00,13.77,17.21,19.45,31.28,-9999.00,-9999.00,-9999.00,-9999.00,-9999.00,-9999.00,-9999.00,-9999.00,-9999.00,-9999.00,1.87,18.70,838.30,0,0,0
2023-09-25T15:05:10,-9999.000000,-9999.000000,-9999.00,-9999.00,-9999.00,0.00,13.77,17.21,19.45,31.35,-9999.00,-9999.00,-9999.00,-9999.00,-9999.00,-9999.00,-9999.00,-9999.00,-9999.00,-9999.00,1.84,18.70,838.30,0,0,0
2023-09-25T15:05:15,-9999.000000,-9999.000000,-9999.00,-9999.00,-9999.00,0.00,13.77,17.21,19.44,31.36,-9999.00,-9999.00,-9999.00,-9999.00,-9999.00,-9999.00,-9999.00,-9999.00,-9999.00,-9999.00,1.86,18.80,838.90,0,0,0
2023-09-25T15:05:20,-9999.000000,-9999.000000,-9999.00,-9999.00,-9999.00,0.00,13.77,17.22,19.43,31.36,-9999.00,-9999.00,-9999.00,-9999.00,-9999.00,-9999.00,-9999.00,-9999.00,-9999.00,-9999.00,1.85,18.80,838.90,0,0,0
2023-09-25T15:05:25,-9999.000000,-9999.000000,-9999.00,-9999.00,-9999.00,0.00,13.77,17.22,19.43,31.38,-9999.00,-9999.00,-9999.00,-9999.00,-9999.00,-9999.00,-9999.00,-9999.00,-9999.00,-9999.00,1.85,18.90,838.30,0,0,0
2023-09-25T15:05:30,-9999.000000,-9999.000000,-9999.00,-9999.00,-9999.00,0.00,13.77,17.23,19.43,31.40,-9999.00,-9999.00,-9999.00,-9999.00,-9999.00,-9999.00,-9999.00,-9999.00,-9999.00,-9999.00,1.86,18.90,838.20,0,0,0
2023-09-25T15:05:35,-9999.000000,-9999.000000,-9999.00,-9999.00,-9999.00,0.00,13.77,17.23,19.43,31.43,-9999.00,-9999.00,-9999.00,-9999.00,-9999.00,-9999.00,-9999.00,-9999.00,-9999.00,-9999.00,1.85,18.90,838.90,0,0,0
2023-09-25T15:05:40,-9999.000000,-9999.000000,-9999.00,-9999.00,-9999.00,0.00,13.77,17.24,19.41,31.46,-9999.00,-9999.00,-9999.00,-9999.00,-9999.00,-9999.00,-9999.00,-9999.00,-9999.00,-9999.00,1.86,19.00,838.90,0,0,0
2023-09-25T15:05:45,-9999.000000,-9999.000000,-9999.00,-9999.00,-9999.00,0.00,13.77,17.24,19.47,31.45,-9999.00,-9999.00,-9999.00,-9999.00,-9999.00,-9999.00,-9999.00,-9999.00,-9999.00,-9999.00,1.86,19.00,838.30,0,0,0
2023-09-25T15:05:50,-9999.000000,-9999.000000,-9999.00,-9999.00,-9999.00,0.00,13.77,17.24,19.42,31.49,-9999.00,-9999.00,-9999.00,-9999.00,-9999.00,-9999.00,-9999.00,-9999.00,-9999.00,-9999.00,1.86,19.00,838.30,0,0,0
2023-09-25T15:05:55,-9999.000000,-9999.000000,-9999.00,-9999.00,-9999.00,0.00,13.77,17.25,19.39,31.44,-9999.00,-9999.00,-9999.00,-9999.00,-9999.00,-9999.00,-9999.00,-9999.00,-9999.00,-9999.00,1.86,19.10,838.90,0,0,0
2023-09-25T15:06:00,-9999.000000,-9999.000000,-9999.00,-9999.00,-9999.00,0.00,13.77,17.25,19.39,31.44,-9999.00,-9999.00,-9999.00,-9999.00,-9999.00,-9999.00,-9999.00,-9999.00,-9999.00,-9999.00,1.84,19.10,838.90,0,0,1
2023-09-25T15:06:05,-9999.000000,-9999.000000,-9999.00,-9999.00,-9999.00,0.00,13.77,17.26,19.39,31.44,-9999.00,-9999.00,-9999.00,-9999.00,-9999.00,-9999.00,-9999.00,-9999.00,-9999.00,-9999.00,1.85,19.20,838.20,0,0,1
2023-09-25T15:06:10,-9999.000000,-9999.000000,-9999.00,-9999.00,-9999.00,0.00,13.77,17.26,19.39,31.43,-9999.00,-9999.00,-9999.00,-9999.00,-9999.00,-9999.00,-9999.00,-9999.00,-9999.00,-9999.00,1.86,19.20,838.30,0,0,1
2023-09-25T15:06:15,-9999.000000,-9999.000000,-9999.00,-9999.00,-9999.00,0.00,13.77,17.27,19.39,31.44,-9999.00,-9999.00,-9999.00,-9999.00,-9999.00,-9999.00,-9999.00,-9999.00,-9999.00,-9999.00,1.85,19.20,838.90,0,0,1
2023-09-25T15:06:20,-9999.000000,-9999.000000,-9999.00,-9999.00,-9999.00,0.00,13.77,17.27,19.37,31.41,-9999.00,-9999.00,-9999.00,-9999.00,-9999.00,-9999.00,-9999.00,-9999.00,-9999.00,-9999.00,1.86,19.30,838.90,0,0,1
2023-09-25T15:06:25,-9999.000000,-9999.000000,-9999.00,-9999.00,-9999.00,0.00,13.77,17.27,19.37,31.40,-9999.00,-9999.00,-9999.00,-9999.00,-9999.00,-9999.00,-9999.00,-9999.00,-9999.00,-9999.00,1.86,19.30,838.30,0,0,1
2023-09-25T15:06:30,-9999.000000,-9999.000000,-9999.00,-9999.00,-9999.00,0.00,13.77,17.28,19.37,31.32,-9999.00,-9999.00,-9999.00,-9999.00,-9999.00,-9999.00,-9999.00,-9999.00,-9999.00,-9999.00,1.84,19.40,838.20,0,0,1
2023-09-25T15:06:35,-9999.000000,-9999.000000,-9999.00,-9999.00,-9999.00,0.00,13.77,17.28,19.37,31.30,-9999.00,-9999.00,-9999.00,-9999.00,-9999.00,-9999.00,-9999.00,-9999.00,-9999.00,-9999.00,1.87,19.40,838.90,0,0,1
2023-09-25T15:06:40,-9999.000000,-9999.000000,-9999.00,-9999.00,-9999.00,0.00,13.77,17.29,19.37,31.36,-9999.00,-9999.00,-9999.00,-9999.00,-9999.00,-9999.00,-9999.00,-9999.00,-9999.00,-9999.00,1.86,19.40,838.90,0,0,1
2023-09-25T15:06:45,-9999.000000,-9999.000000,-9999.00,-9999.00,-9999.00,0.00,13.77,17.29,19.37,31.39,-9999.00,-9999.00,-9999.00,-9999.00,-9999.00,-9999.00,-9999.00,-9999.00,-9999.00,-9999.00,1.85,19.50,838.30,0,0,1
2023-09-25T15:06:50,-9999.000000,-9999.000000,-9999.00,-9999.00,-9999.00,0.00,13.77,17.30,19.35,31.46,-9999.00,-9999.00,-9999.00,-9999.00,-9999.00,-9999.00,-9999.00,-9999.00,-9999.00,-9999.00,1.87,19.50,838.30,0,0,1
2023-09-25T15:06:55,-9999.000000,-9999.000000,-9999.00,-9999.00,-9999.00,0.00,13.77,17.30,19.35,31.47,-9999.00,-9999.00,-9999.00,-9999.00,-9999.00,-9999.00,-9999.00,-9999.00,-9999.00,-9999.00,1.86,19.50,838.90,0,0,1
2023-09-25T15:07:00,-9999.000000,-9999.000000,-9999.00,-9999.00,-9999.00,0.00,13.77,17.31,19.35,31.50,-9999.00,-9999.00,-9999.00,-9999.00,-9999.00,-9999.00,-9999.00,-9999.00,-9999.00,-9999.00,1.86,19.60,838.90,0,0,1
2023-09-25T15:07:05,-9999.000000,-9999.000000,-9999.00,-9999.00,-9999.00,0.00,13.77,17.31,19.35,31.51,-9999.00,-9999.00,-9999.00,-9999.00,-9999.00,-9999.00,-9999.00,-9999.00,-9999.00,-9999.00,1.85,19.60,838.30,0,0,1
2023-09-25T15:07:10,-9999.000000,-9999.000000,-9999.00,-9999.00,-9999.00,0.00,13.77,17.31,19.34,31.52,-9999.00,-9999.00,-9999.00,-9999.00,-9999.00,-9999.00,-9999.00,-9999.00,-9999.00,-9999.00,1.85,19.60,838.30,0,0,1
2023-09-25T15:07:15,-9999.000000,-9999.000000,-9999.00,-9999.00,-9999.00,0.00,13.77,17.32,19.33,31.38,-9999.00,-9999.00,-9999.00,-9999.00,-9999.00,-9999.00,-9999.00,-9999.00,-9999.00,-9999.00,1.87,19.70,838.90,0,0,1
2023-09-25T15:07:20,-9999.000000,-9999.000000,-9999.00,-9999.00,-9999.00,0.00,13.77,17.32,19.33,31.34,-9999.00,-9999.00,-9999.00,-9999.00,-9999.00,-9999.00,-9999.00,-9999.00,-9999.00,-9999.00,1.86,19.70,838.80,0,0,1
2023-09-25T15:07:25,-9999.000000,-9999.000000,-9999.00,-9999.00,-9999.00,0.00,13.77,17.33,19.33,31.31,-9999.00,-9999.00,-9999.00,-9999.00,-9999.00,-9999.00,-9999.00,-9999.00,-9999.00,-9999.00,1.86,19.80,838.20,0,0,1
2023-09-25T15:07:30,-9999.000000,-9999.000000,-9999.00,-9999.00,-9999.00,0.00,13.77,17.33,19.33,31.32,-9999.00,-9999.00,-9999.00,-9999.00,-9999.00,-9999.00,-9999.00,-9999.00,-9999.00,-9999.00,1.86,19.80,838.20,0,0,1
2023-09-25T15:07:35,-9999.000000,-9999.000000,-9999.00,-9999.00,-9999.00,0.00,13.77,17.34,19.31,31.34,-9999.00,-9999.00,-9999.00,-9999.00,-9999.00,-9999.00,-9999.00,-9999.00,-9999.00,-9999.00,1.86,19.80,838.90,0,0,1
2023-09-25T15:07:40,-9999.000000,-9999.000000,-9999.00,-9999.00,-9999.00,0.00,13.77,17.34,19.34,31.42,-9999.00,-9999.00,-9999.00,-9999.00,-9999.00,-9999.00,-9999.00,-9999.00,-9999.00,-9999.00,1.86,19.90,838.80,0,0,1
2023-09-25T15:07:45,-9999.000000,-9999.000000,-9999.00,-9999.00,-9999.00,0.00,13.77,17.35,19.31,31.42,-9999.00,-9999.00,-9999.00,-9999.00,-9999.00,-9999.00,-9999.00,-9999.00,-9999.00,-9999.00,1.85,19.90,838.30,0,0,1
2023-09-25T15:07:50,-9999.000000,-9999.000000,-9999.00,-9999.00,-9999.00,0.00,13.77,17.35,19.29,31.42,-9999.00,-9999.00,-9999.00,-9999.00,-9999.00,-9999.00,-9999.00,-9999.00,-9999.00,-9999.00,1.89,19.90,838.20,0,0,1
2023-09-25T15:07:55,-9999.000000,-9999.000000,-9999.00,-9999.00,-9999.00,0.00,13.77,17.36,19.29,31.52,-9999.00,-9999.00,-9999.00,-9999.00,-9999.00,-9999.00,-9999.00,-9999.00,-9999.00,-9999.00,1.87,20.00,838.80,0,0,1
2023-09-25T15:08:00,-9999.000000,-9999.000000,-9999.00,-9999.00,-9999.00,0.00,13.77,17.36,19.29,31.54,-9999.00,-9999.00,-9999.00,-9999.00,-9999.00,-9999.00,-9999.00,-9999.00,-9999.00,-9999.00,1.87,20.00,838.90,0,0,1
2023-09-25T15:08:05,-9999.000000,-9999.000000,-9999.00,-9999.00,-9999.00,0.00,13.77,17.36,19.27,31.54,-9999.00,-9999.00,-9999.00,-9999.00,-9999.00,-9999.00,-9999.00,-9999.00,-9999.00,-9999.00,1.85,20.00,838.20,0,0,1
2023-09-25T15:08:10,-9999.000000,-9999.000000,-9999.00,-9999.00,-9999.00,0.00,13.77,17.37,19.27,31.35,-9999.00,-9999.00,-9999.00,-9999.00,-9999.00,-9999.00,-9999.00,-9999.00,-9999.00,-9999.00,1.88,20.10,838.20,0,0,1
2023-09-25T15:08:15,-9999.000000,-9999.000000,-9999.00,-9999.00,-9999.00,0.00,13.77,17.37,19.27,31.24,-9999.00,-9999.00,-9999.00,-9999.00,-9999.00,-9999.00,-9999.00,-9999.00,-9999.00,-9999.00,1.88,20.10,838.90,0,0,1
2023-09-25T15:08:20,-9999.000000,-9999.000000,-9999.00,-9999.00,-9999.00,0.00,13.77,17.38,19.27,31.22,-9999.00,-9999.00,-9999.00,-9999.00,-9999.00,-9999.00,-9999.00,-9999.00,-9999.00,-9999.00,1.87,20.10,838.80,0,0,1
2023-09-25T15:08:25,-9999.000000,-9999.000000,-9999.00,-9999.00,-9999.00,0.00,13.77,17.38,19.25,31.27,-9999.00,-9999.00,-9999.00,-9999.00,-9999.00,-9999.00,-9999.00,-9999.00,-9999.00,-9999.00,1.87,20.20,838.20,0,0,1
2023-09-25T15:08:30,-9999.000000,-9999.000000,-9999.00,-9999.00,-9999.00,0.00,13.77,17.39,19.25,31.30,-9999.00,-9999.00,-9999.00,-9999.00,-9999.00,-9999.00,-9999.00,-9999.00,-9999.00,-9999.00,1.85,20.20,838.20,0,0,1
2023-09-25T15:08:35,-9999.000000,-9999.000000,-9999.00,-9999.00,-9999.00,0.00,13.77,17.39,19.25,31.34,-9999.00,-9999.00,-9999.00,-9999.00,-9999.00,-9999.00,-9999.00,-9999.00,-9999.00,-9999.00,1.86,20.20,838.90,0,0,1
2023-09-25T15:08:40,-9999.000000,-9999.000000,-9999.00,-9999.00,-9999.00,0.00,13.77,17.40,19.25,31.36,-9999.00,-9999.00,-9999.00,-9999.00,-9999.00,-9999.00,-9999.00,-9999.00,-9999.00,-9999.00,1.88,20.30,838.80,0,0,1
2023-09-25T15:08:45,-9999.000000,-9999.000000,-9999.00,-9999.00,-9999.00,0.00,13.77,17.40,19.23,31.40,-9999.00,-9999.00,-9999.00,-9999.00,-9999.00,-9999.00,-9999.00,-9999.00,-9999.00,-9999.00,1.87,20.30,838.20,0,0,1
2023-09-25T15:08:50,-9999.000000,-9999.000000,-9999.00,-9999.00,-9999.00,0.00,13.77,17.41,19.23,31.40,-9999.00,-9999.00,-9999.00,-9999.00,-9999.00,-9999.00,-9999.00,-9999.00,-9999.00,-9999.00,1.86,20.30,838.20,0,0,1
2023-09-25T15:08:55,-9999.000000,-9999.000000,-9999.00,-9999.00,-9999.00,0.00,13.77,17.41,19.23,31.42,-9999.00,-9999.00,-9999.00,-9999.00,-9999.00,-9999.00,-9999.00,-9999.00,-9999.00,-9999.00,1.88,20.40,838.80,0,0,1
2023-09-25T15:09:00,-9999.000000,-9999.000000,-9999.00,-9999.00,-9999.00,0.00,13.77,17.42,19.23,31.44,-9999.00,-9999.00,-9999.00,-9999.00,-9999.00,-9999.00,-9999.00,-9999.00,-9999.00,-9999.00,1.87,20.40,838.80,0,0,1
2023-09-25T15:09:05,-9999.000000,-9999.000000,-9999.00,-9999.00,-9999.00,0.00,13.77,17.42,19.23,31.44,-9999.00,-9999.00,-9999.00,-9999.00,-9999.00,-9999.00,-9999.00,-9999.00,-9999.00,-9999.00,1.87,20.50,838.20,0,0,1
2023-09-25T15:09:10,-9999.000000,-9999.000000,-9999.00,-9999.00,-9999.00,0.00,13.77,17.42,19.21,31.48,-9999.00,-9999.00,-9999.00,-9999.00,-9999.00,-9999.00,-9999.00,-9999.00,-9999.00,-9999.00,1.87,20.50,838.20,0,0,1
2023-09-25T15:09:15,-9999.000000,-9999.000000,-9999.00,-9999.00,-9999.00,0.00,13.77,17.43,19.21,31.52,-9999.00,-9999.00,-9999.00,-9999.00,-9999.00,-9999.00,-9999.00,-9999.00,-9999.00,-9999.00,1.87,20.50,838.80,0,0,1
2023-09-25T15:09:20,-9999.000000,-9999.000000,-9999.00,-9999.00,-9999.00,0.00,13.77,17.43,19.21,31.56,-9999.00,-9999.00,-9999.00,-9999.00,-9999.00,-9999.00,-9999.00,-9999.00,-9999.00,-9999.00,1.87,20.50,838.80,0,0,1
