Timestamp_UTC,Latitude_ddeg,Longitude_ddeg,Elevation_m,GPS_Speed_m/s,GPS_Direction_deg,GPS_RMC_Valid_binary,Battery_Voltage_volts,Bus_Box_Temperature_degC,Bus_Top_Temperature_degC,Bus_Top_Relative_Humidity_%,ES642_PM2.5_Concentration_ug/m3,ES642_Air_Flow_Rate_L/min,ES642_Internal_Air_Temperature_degC,ES642_Internal_Relative_Humidity_%,ES642_Internal_Air_Pressure_hpa,ES642_Error_Code_code,2B_Ozone_Concentration_ppbv,2B_Air_Flow_Rate_L/min,2B_Internal_Air_Temperature_degC,2B_Internal_Air_Pressure_hpa,2B405_NO_Concentration_ppbv,2B405_NO2_Concentration_ppbv,2B405_NOX_Concentration_ppbv,2B405_Internal_Air_Temperature_degC,2B405_Internal_Air_Pressure_hpa,2B405_Air_Flow_Rate_L/min,2B405_Cell_O3_Flow_Rate_mL/min,PM2.5_Data_Flagged_binary,Ozone_Data_Flagged_binary,GPS_Data_Flagged_binary,Time_Tuple,Date,Year,Month,Day_of_Year,Day_of_Month,Minute,Hour,Transit_ID
2022-12-02 20:04:30,40.736889,-111.916817,1281.8,-9999.0,-9999.0,-9999.0,13.9,9.03,4.38,39.01,1.0,2.0,6.0,24.0,879.3,0.0,41.0,2.14,23.4,834.2,17.9,50.9,68.8,13.5,810.2,1.66,135.1,0.0,0,0,"time.struct_time(tm_year=2022, tm_mon=12, tm_mday=2, tm_hour=20, tm_min=4, tm_sec=30, tm_wday=4, tm_yday=336, tm_isdst=-1)",2022-12-02,2022,12,336,2,4,20,BUS02
2022-12-02 20:07:00,40.751705,-111.91674,1284.9,-9999.0,-9999.0,-9999.0,13.9,9.04,4.3,42.7,1.0,2.0,6.22,25.0,879.4,0.0,33.6,2.16,23.4,834.6,-105.9,83.0,-23.0,13.5,810.4,1.66,136.1,0.0,0,0,"time.struct_time(tm_year=2022, tm_mon=12, tm_mday=2, tm_hour=20, tm_min=7, tm_sec=0, tm_wday=4, tm_yday=336, tm_isdst=-1)",2022-12-02,2022,12,336,2,7,20,BUS02
2022-12-02 20:09:30,40.75618,-111.916801,1285.9,-9999.0,-9999.0,-9999.0,13.9,9.05,3.61,43.53,1.0,2.0,5.89,24.0,879.2,0.0,32.3,2.16,23.5,834.5,120.1,-25.7,94.5,13.5,810.3,1.66,138.1,0.0,0,0,"time.struct_time(tm_year=2022, tm_mon=12, tm_mday=2, tm_hour=20, tm_min=9, tm_sec=30, tm_wday=4, tm_yday=336, tm_isdst=-1)",2022-12-02,2022,12,336,2,9,20,BUS02
2022-12-02 20:12:00,40.760551,-111.914268,1283.0,-9999.0,-9999.0,-9999.0,13.91,9.03,3.51,43.65,1.0,2.0,5.72,25.0,879.3,0.0,29.3,2.15,23.5,834.4,102.6,7.2,109.8,13.5,810.4,1.66,135.6,0.0,0,1,"time.struct_time(tm_year=2022, tm_mon=12, tm_mday=2, tm_hour=20, tm_min=12, tm_sec=0, tm_wday=4, tm_yday=336, tm_isdst=-1)",2022-12-02,2022,12,336,2,12,20,BUS02
2022-12-02 20:14:30,40.762676,-111.902473,1291.9,-9999.0,-9999.0,-9999.0,13.91,9.01,3.51,43.92,1.0,2.0,5.78,25.0,878.9,0.0,39.1,2.15,23.5,834.1,73.8,-1.1,72.7,13.6,810.0,1.66,135.8,0.0,0,1,"time.struct_time(tm_year=2022, tm_mon=12, tm_mday=2, tm_hour=20, tm_min=14, tm_sec=30, tm_wday=4, tm_yday=336, tm_isdst=-1)",2022-12-02,2022,12,336,2,14,20,BUS02
2022-12-02 20:17:00,40.765041,-111.90789,1285.7,-9999.0,-9999.0,-9999.0,13.91,9.02,3.92,45.35,1.0,2.0,5.78,25.0,879.2,0.0,33.3,2.17,23.5,834.4,230.2,24.8,254.9,13.6,810.3,1.66,135.7,0.0,0,1,"time.struct_time(tm_year=2022, tm_mon=12, tm_mday=2, tm_hour=20, tm_min=17, tm_sec=0, tm_wday=4, tm_yday=336, tm_isdst=-1)",2022-12-02,2022,12,336,2,17,20,BUS02
2022-12-02 20:19:30,40.763683,-111.909523,1293.5,-9999.0,-9999.0,-9999.0,13.91,9.06,4.25,41.41,1.0,2.0,5.89,24.0,879.3,0.0,35.9,2.16,23.5,834.4,3.9,38.4,42.3,13.6,810.3,1.66,135.9,0.0,0,1,"time.struct_time(tm_year=2022, tm_mon=12, tm_mday=2, tm_hour=20, tm_min=19, tm_sec=30, tm_wday=4, tm_yday=336, tm_isdst=-1)",2022-12-02,2022,12,336,2,19,20,BUS02
2022-12-02 20:23:10,40.763683,-111.909515,1294.1,-9999.0,-9999.0,-9999.0,13.91,9.18,3.23,46.06,1.0,2.0,6.39,25.0,879.2,0.0,36.5,2.15,23.6,834.5,0.5,14.8,15.4,13.7,810.4,1.67,134.9,0.0,0,1,"time.struct_time(tm_year=2022, tm_mon=12, tm_mday=2, tm_hour=20, tm_min=23, tm_sec=10, tm_wday=4, tm_yday=336, tm_isdst=-1)",2022-12-02,2022,12,336,2,23,20,BUS02
2022-12-02 20:25:40,40.763687,-111.909508,1294.8,-9999.0,-9999.0,-9999.0,13.91,9.28,2.65,47.96,2.0,2.0,6.61,25.0,879.2,0.0,31.4,2.15,23.6,834.5,-2.3,15.9,13.7,13.7,810.3,1.67,135.0,0.0,0,0,"time.struct_time(tm_year=2022, tm_mon=12, tm_mday=2, tm_hour=20, tm_min=25, tm_sec=40, tm_wday=4, tm_yday=336, tm_isdst=-1)",2022-12-02,2022,12,336,2,25,20,BUS02
2022-12-02 20:28:10,40.763691,-111.9095,1295.5,-9999.0,-9999.0,-9999.0,13.91,9.37,2.54,45.9,2.0,2.0,6.72,25.0,879.3,0.0,33.0,2.16,23.7,834.7,11.9,25.4,37.4,13.7,810.3,1.67,135.2,0.0,0,0,"time.struct_time(tm_year=2022, tm_mon=12, tm_mday=2, tm_hour=20, tm_min=28, tm_sec=10, tm_wday=4, tm_yday=336, tm_isdst=-1)",2022-12-02,2022,12,336,2,28,20,BUS02
2022-12-02 20:30:40,40.763691,-111.9095,1296.2,-9999.0,-9999.0,-9999.0,13.91,9.45,2.0,48.78,2.0,2.0,6.72,24.0,879.6,0.0,23.5,2.14,23.7,834.5,11.3,33.8,45.1,13.8,810.4,1.67,135.1,0.0,0,0,"time.struct_time(tm_year=2022, tm_mon=12, tm_mday=2, tm_hour=20, tm_min=30, tm_sec=40, tm_wday=4, tm_yday=336, tm_isdst=-1)",2022-12-02,2022,12,336,2,30,20,BUS02
2022-12-02 20:33:10,40.763691,-111.909492,1296.7,-9999.0,-9999.0,-9999.0,13.91,9.52,1.69,49.15,1.0,2.0,6.72,24.0,879.3,0.0,26.1,2.16,23.8,834.5,107.1,42.0,149.1,13.8,810.4,1.67,135.3,0.0,0,0,"time.struct_time(tm_year=2022, tm_mon=12, tm_mday=2, tm_hour=20, tm_min=33, tm_sec=10, tm_wday=4, tm_yday=336, tm_isdst=-1)",2022-12-02,2022,12,336,2,33,20,BUS02
2022-12-02 20:35:40,40.763691,-111.909485,1297.3,-9999.0,-9999.0,-9999.0,13.91,9.57,1.73,47.99,2.0,2.0,6.61,24.0,879.3,0.0,26.9,2.15,23.8,834.4,22.0,29.4,51.4,13.8,810.3,1.67,134.9,0.0,0,0,"time.struct_time(tm_year=2022, tm_mon=12, tm_mday=2, tm_hour=20, tm_min=35, tm_sec=40, tm_wday=4, tm_yday=336, tm_isdst=-1)",2022-12-02,2022,12,336,2,35,20,BUS02
2022-12-02 20:38:10,40.763111,-111.90918,1300.9,-9999.0,-9999.0,-9999.0,13.91,9.61,2.02,47.05,2.0,2.0,6.61,24.0,879.3,0.0,35.0,2.15,23.9,834.6,7.3,18.1,25.4,13.9,810.2,1.67,135.5,0.0,0,1,"time.struct_time(tm_year=2022, tm_mon=12, tm_mday=2, tm_hour=20, tm_min=38, tm_sec=10, tm_wday=4, tm_yday=336, tm_isdst=-1)",2022-12-02,2022,12,336,2,38,20,BUS02
2022-12-02 20:40:40,40.764931,-111.907005,1298.9,-9999.0,-9999.0,-9999.0,13.91,9.63,2.3,44.12,1.0,2.0,6.5,24.0,879.1,0.0,33.5,2.16,23.9,834.3,-38.8,-1.0,-39.9,13.9,810.1,1.67,134.7,0.0,0,1,"time.struct_time(tm_year=2022, tm_mon=12, tm_mday=2, tm_hour=20, tm_min=40, tm_sec=40, tm_wday=4, tm_yday=336, tm_isdst=-1)",2022-12-02,2022,12,336,2,40,20,BUS02
2022-12-02 20:43:10,40.764877,-111.89904,1305.0,-9999.0,-9999.0,-9999.0,13.91,9.64,2.5,46.41,1.0,2.0,6.39,24.0,878.6,0.0,33.5,2.17,24.0,833.5,-52.7,11.4,-41.2,14.0,809.3,1.67,135.7,0.0,0,1,"time.struct_time(tm_year=2022, tm_mon=12, tm_mday=2, tm_hour=20, tm_min=43, tm_sec=10, tm_wday=4, tm_yday=336, tm_isdst=-1)",2022-12-02,2022,12,336,2,43,20,BUS02
2022-12-02 20:45:40,40.764881,-111.891624,1311.7,-9999.0,-9999.0,-9999.0,13.91,9.61,2.46,41.77,2.0,2.0,6.22,23.0,877.3,0.0,34.8,2.15,24.0,832.6,70.7,-20.5,50.3,14.0,808.5,1.67,134.7,0.0,0,0,"time.struct_time(tm_year=2022, tm_mon=12, tm_mday=2, tm_hour=20, tm_min=45, tm_sec=40, tm_wday=4, tm_yday=336, tm_isdst=-1)",2022-12-02,2022,12,336,2,45,20,BUS02
2022-12-02 20:48:10,40.764885,-111.890366,1315.6,-9999.0,-9999.0,-9999.0,13.91,9.58,1.51,45.75,2.0,2.0,6.0,23.0,877.3,0.0,36.4,2.17,24.0,832.6,11.6,16.6,28.2,14.0,808.3,1.67,134.8,0.0,0,0,"time.struct_time(tm_year=2022, tm_mon=12, tm_mday=2, tm_hour=20, tm_min=48, tm_sec=10, tm_wday=4, tm_yday=336, tm_isdst=-1)",2022-12-02,2022,12,336,2,48,20,BUS02
2022-12-02 20:50:40,40.764858,-111.888,1317.2,-9999.0,-9999.0,-9999.0,13.91,9.56,0.98,48.52,2.0,2.0,5.78,22.0,877.3,0.0,35.1,2.17,24.1,832.6,8.5,11.8,20.4,14.1,808.4,1.67,135.1,0.0,0,0,"time.struct_time(tm_year=2022, tm_mon=12, tm_mday=2, tm_hour=20, tm_min=50, tm_sec=40, tm_wday=4, tm_yday=336, tm_isdst=-1)",2022-12-02,2022,12,336,2,50,20,BUS02
2022-12-02 20:53:10,40.767101,-111.88295,1317.3,-9999.0,-9999.0,-9999.0,13.91,9.54,1.33,47.03,2.0,2.0,5.72,23.0,877.0,0.0,36.0,2.17,24.1,832.0,130.3,16.0,146.3,14.1,807.9,1.67,135.2,0.0,0,0,"time.struct_time(tm_year=2022, tm_mon=12, tm_mday=2, tm_hour=20, tm_min=53, tm_sec=10, tm_wday=4, tm_yday=336, tm_isdst=-1)",2022-12-02,2022,12,336,2,53,20,BUS02
2022-12-02 20:55:40,40.767147,-111.874565,1331.8,-9999.0,-9999.0,-9999.0,13.91,9.5,1.64,45.29,1.0,2.0,5.61,23.0,874.9,0.0,34.0,2.17,24.1,830.2,34.2,-23.4,10.8,14.1,806.3,1.67,134.1,0.0,0,0,"time.struct_time(tm_year=2022, tm_mon=12, tm_mday=2, tm_hour=20, tm_min=55, tm_sec=40, tm_wday=4, tm_yday=336, tm_isdst=-1)",2022-12-02,2022,12,336,2,55,20,BUS02
2022-12-02 20:58:10,40.76569,-111.865402,1349.0,-9999.0,-9999.0,-9999.0,13.91,9.42,1.68,44.15,1.0,2.0,5.5,22.0,873.3,0.0,34.1,2.17,24.1,828.5,-18.0,56.6,38.6,14.2,804.3,1.68,133.2,0.0,0,0,"time.struct_time(tm_year=2022, tm_mon=12, tm_mday=2, tm_hour=20, tm_min=58, tm_sec=10, tm_wday=4, tm_yday=336, tm_isdst=-1)",2022-12-02,2022,12,336,2,58,20,BUS02
2022-12-02 21:00:40,40.764988,-111.854309,1403.2,-9999.0,-9999.0,-9999.0,13.91,9.33,1.67,43.65,1.0,2.0,5.5,22.0,867.5,0.0,37.9,2.2,24.1,823.0,258.0,-14.7,243.3,14.2,799.1,1.68,134.1,0.0,0,0,"time.struct_time(tm_year=2022, tm_mon=12, tm_mday=2, tm_hour=21, tm_min=0, tm_sec=40, tm_wday=4, tm_yday=336, tm_isdst=-1)",2022-12-02,2022,12,336,2,0,21,BUS02
2022-12-02 21:03:10,40.760891,-111.852394,1410.9,-9999.0,-9999.0,-9999.0,13.91,9.25,1.53,42.2,1.0,2.0,5.39,21.0,867.1,0.0,36.4,2.18,24.1,822.6,40.1,0.9,40.9,14.2,798.7,1.68,134.3,0.0,0,0,"time.struct_time(tm_year=2022, tm_mon=12, tm_mday=2, tm_hour=21, tm_min=3, tm_sec=10, tm_wday=4, tm_yday=336, tm_isdst=-1)",2022-12-02,2022,12,336,2,3,21,BUS02
2022-12-02 21:05:40,40.753376,-111.853935,1390.4,-9999.0,-9999.0,-9999.0,13.9,9.17,1.64,44.4,1.0,2.0,5.28,22.0,869.0,0.0,41.6,2.18,24.1,824.6,23.7,121.5,145.2,14.2,800.6,1.68,135.1,0.0,0,0,"time.struct_time(tm_year=2022, tm_mon=12, tm_mday=2, tm_hour=21, tm_min=5, tm_sec=40, tm_wday=4, tm_yday=336, tm_isdst=-1)",2022-12-02,2022,12,336,2,5,21,BUS02
2022-12-02 21:08:10,40.74987,-111.858231,1345.8,-9999.0,-9999.0,-9999.0,13.91,9.11,1.88,42.77,1.0,2.0,5.39,23.0,873.1,0.0,35.7,2.18,24.1,828.2,207.7,-8.7,199.0,14.2,803.6,1.68,136.3,0.0,0,0,"time.struct_time(tm_year=2022, tm_mon=12, tm_mday=2, tm_hour=21, tm_min=8, tm_sec=10, tm_wday=4, tm_yday=336, tm_isdst=-1)",2022-12-02,2022,12,336,2,8,21,BUS02
2022-12-02 21:10:40,40.739689,-111.859657,1331.2,-9999.0,-9999.0,-9999.0,13.91,9.06,2.25,44.23,12.0,2.0,5.61,23.0,876.0,0.0,35.5,2.15,24.0,831.2,188.0,20.4,208.5,14.2,807.2,1.67,135.1,0.0,0,0,"time.struct_time(tm_year=2022, tm_mon=12, tm_mday=2, tm_hour=21, tm_min=10, tm_sec=40, tm_wday=4, tm_yday=336, tm_isdst=-1)",2022-12-02,2022,12,336,2,10,21,BUS02
2022-12-02 21:13:10,40.728741,-111.85968,1341.7,-9999.0,-9999.0,-9999.0,13.91,9.03,2.42,40.76,7.0,2.0,5.78,22.0,875.1,0.0,35.3,2.16,24.0,830.5,-54.9,208.4,153.5,14.3,806.4,1.67,134.8,0.0,0,0,"time.struct_time(tm_year=2022, tm_mon=12, tm_mday=2, tm_hour=21, tm_min=13, tm_sec=10, tm_wday=4, tm_yday=336, tm_isdst=-1)",2022-12-02,2022,12,336,2,13,21,BUS02
2022-12-02 21:15:40,40.723389,-111.859161,1342.5,-9999.0,-9999.0,-9999.0,13.91,9.01,2.4,41.06,2.0,2.0,5.61,22.0,875.1,0.0,33.7,2.17,24.0,830.2,31.2,-20.7,10.5,14.3,806.3,1.68,134.4,0.0,0,0,"time.struct_time(tm_year=2022, tm_mon=12, tm_mday=2, tm_hour=21, tm_min=15, tm_sec=40, tm_wday=4, tm_yday=336, tm_isdst=-1)",2022-12-02,2022,12,336,2,15,21,BUS02
2022-12-02 21:18:10,40.713295,-111.855576,1345.6,-9999.0,-9999.0,-9999.0,13.91,9.0,2.54,43.48,12.0,2.0,5.72,22.0,874.0,0.0,39.5,2.18,24.0,828.9,-112.2,52.3,-59.9,14.3,805.0,1.68,134.7,0.0,0,0,"time.struct_time(tm_year=2022, tm_mon=12, tm_mday=2, tm_hour=21, tm_min=18, tm_sec=10, tm_wday=4, tm_yday=336, tm_isdst=-1)",2022-12-02,2022,12,336,2,18,21,BUS02
2022-12-02 21:20:40,40.704151,-111.852341,1348.6,-9999.0,-9999.0,-9999.0,13.9,8.98,2.32,39.13,2.0,2.0,5.72,22.0,873.0,0.0,38.6,2.16,24.0,828.3,23.8,12.5,36.4,14.3,804.3,1.68,131.9,0.0,0,0,"time.struct_time(tm_year=2022, tm_mon=12, tm_mday=2, tm_hour=21, tm_min=20, tm_sec=40, tm_wday=4, tm_yday=336, tm_isdst=-1)",2022-12-02,2022,12,336,2,20,21,BUS02
2022-12-02 21:24:20,40.679516,-111.842911,1339.1,-9999.0,-9999.0,-9999.0,13.91,8.88,2.6,39.85,4.0,2.0,5.78,21.0,874.0,0.0,33.2,2.17,23.9,829.0,54.2,-43.7,10.5,14.3,805.1,1.68,136.4,0.0,0,0,"time.struct_time(tm_year=2022, tm_mon=12, tm_mday=2, tm_hour=21, tm_min=24, tm_sec=20, tm_wday=4, tm_yday=336, tm_isdst=-1)",2022-12-02,2022,12,336,2,24,21,BUS02
2022-12-02 21:26:50,40.662548,-111.837654,1333.2,-9999.0,-9999.0,-9999.0,13.91,8.81,2.72,37.51,2.0,2.0,5.89,21.0,874.9,0.0,29.5,2.17,23.9,830.1,307.0,50.7,357.6,14.3,805.8,1.68,135.3,0.0,0,0,"time.struct_time(tm_year=2022, tm_mon=12, tm_mday=2, tm_hour=21, tm_min=26, tm_sec=50, tm_wday=4, tm_yday=336, tm_isdst=-1)",2022-12-02,2022,12,336,2,26,21,BUS02
2022-12-02 21:29:20,40.649727,-111.835022,1348.7,-9999.0,-9999.0,-9999.0,13.91,8.75,2.62,37.93,6.0,2.0,5.89,21.0,873.7,0.0,37.4,2.16,23.9,828.8,54.5,13.7,68.3,14.3,804.9,1.69,134.6,0.0,0,0,"time.struct_time(tm_year=2022, tm_mon=12, tm_mday=2, tm_hour=21, tm_min=29, tm_sec=20, tm_wday=4, tm_yday=336, tm_isdst=-1)",2022-12-02,2022,12,336,2,29,21,BUS02
2022-12-02 21:31:50,40.638756,-111.834862,1353.8,-9999.0,-9999.0,-9999.0,13.91,8.7,2.32,37.49,1.0,2.0,5.78,20.0,872.5,0.0,35.6,2.18,23.9,827.8,16.7,267.7,284.4,14.3,803.8,1.68,134.1,0.0,0,0,"time.struct_time(tm_year=2022, tm_mon=12, tm_mday=2, tm_hour=21, tm_min=31, tm_sec=50, tm_wday=4, tm_yday=336, tm_isdst=-1)",2022-12-02,2022,12,336,2,31,21,BUS02
2022-12-02 21:34:20,40.624096,-111.834404,1383.4,-9999.0,-9999.0,-9999.0,13.91,8.66,2.46,33.24,1.0,2.0,5.72,20.0,869.5,0.0,35.1,2.17,23.8,825.0,-45.0,-52.8,-97.8,14.3,801.1,1.68,134.4,0.0,0,0,"time.struct_time(tm_year=2022, tm_mon=12, tm_mday=2, tm_hour=21, tm_min=34, tm_sec=20, tm_wday=4, tm_yday=336, tm_isdst=-1)",2022-12-02,2022,12,336,2,34,21,BUS02
2022-12-02 21:36:50,40.608143,-111.833122,1401.6,-9999.0,-9999.0,-9999.0,13.91,8.61,2.46,35.52,1.0,2.0,5.78,19.0,867.4,0.0,38.5,2.18,23.8,822.4,-40.5,-28.5,-69.0,14.3,798.6,1.68,137.5,0.0,0,0,"time.struct_time(tm_year=2022, tm_mon=12, tm_mday=2, tm_hour=21, tm_min=36, tm_sec=50, tm_wday=4, tm_yday=336, tm_isdst=-1)",2022-12-02,2022,12,336,2,36,21,BUS02
2022-12-02 21:39:20,40.594334,-111.83213,1448.1,-9999.0,-9999.0,-9999.0,13.91,8.54,2.16,34.22,2.0,2.0,5.72,19.0,862.8,0.0,40.3,2.21,23.8,818.1,28.7,-233.3,-204.6,14.3,794.3,1.69,133.9,0.0,0,0,"time.struct_time(tm_year=2022, tm_mon=12, tm_mday=2, tm_hour=21, tm_min=39, tm_sec=20, tm_wday=4, tm_yday=336, tm_isdst=-1)",2022-12-02,2022,12,336,2,39,21,BUS02
2022-12-02 21:41:50,40.584389,-111.834167,1459.6,-9999.0,-9999.0,-9999.0,13.91,8.48,1.75,32.69,2.0,2.0,5.5,19.0,861.2,0.0,36.9,2.21,23.7,817.2,9.9,-13.8,-4.0,14.3,793.0,1.69,136.6,0.0,0,0,"time.struct_time(tm_year=2022, tm_mon=12, tm_mday=2, tm_hour=21, tm_min=41, tm_sec=50, tm_wday=4, tm_yday=336, tm_isdst=-1)",2022-12-02,2022,12,336,2,41,21,BUS02
2022-12-02 21:44:20,40.578861,-111.833107,1468.3,-9999.0,-9999.0,-9999.0,13.91,8.43,1.81,33.48,1.0,2.0,5.39,18.0,860.3,0.0,36.3,2.2,23.7,815.8,297.9,19.1,317.0,14.3,792.2,1.69,133.3,0.0,0,0,"time.struct_time(tm_year=2022, tm_mon=12, tm_mday=2, tm_hour=21, tm_min=44, tm_sec=20, tm_wday=4, tm_yday=336, tm_isdst=-1)",2022-12-02,2022,12,336,2,44,21,BUS02
2022-12-02 21:46:50,40.578861,-111.833107,1468.3,-9999.0,-9999.0,-9999.0,13.91,8.42,1.9,34.23,1.0,2.0,5.39,18.0,860.1,0.0,35.5,2.21,23.7,815.9,4.5,-0.8,3.7,14.3,792.1,1.68,133.4,0.0,0,0,"time.struct_time(tm_year=2022, tm_mon=12, tm_mday=2, tm_hour=21, tm_min=46, tm_sec=50, tm_wday=4, tm_yday=336, tm_isdst=-1)",2022-12-02,2022,12,336,2,46,21,BUS02
2022-12-02 21:49:20,40.578861,-111.833107,1468.0,-9999.0,-9999.0,-9999.0,13.91,8.47,1.96,31.26,0.0,2.0,5.5,19.0,860.1,0.0,35.2,2.21,23.6,815.7,-0.0,7.1,7.1,14.3,792.0,1.69,133.6,0.0,0,0,"time.struct_time(tm_year=2022, tm_mon=12, tm_mday=2, tm_hour=21, tm_min=49, tm_sec=20, tm_wday=4, tm_yday=336, tm_isdst=-1)",2022-12-02,2022,12,336,2,49,21,BUS02
2022-12-02 21:51:50,40.578861,-111.833115,1467.6,-9999.0,-9999.0,-9999.0,13.91,8.53,2.08,34.27,2.0,2.0,5.5,18.0,860.0,0.0,35.6,2.2,23.6,815.7,-3.4,11.2,7.8,14.3,792.0,1.69,133.5,0.0,0,0,"time.struct_time(tm_year=2022, tm_mon=12, tm_mday=2, tm_hour=21, tm_min=51, tm_sec=50, tm_wday=4, tm_yday=336, tm_isdst=-1)",2022-12-02,2022,12,336,2,51,21,BUS02
2022-12-02 21:54:20,40.578857,-111.833115,1466.9,-9999.0,-9999.0,-9999.0,13.91,8.62,2.02,30.35,1.0,2.0,5.61,17.0,860.1,0.0,37.0,2.19,23.6,815.7,-0.0,7.5,7.5,14.3,792.0,1.68,133.5,0.0,0,0,"time.struct_time(tm_year=2022, tm_mon=12, tm_mday=2, tm_hour=21, tm_min=54, tm_sec=20, tm_wday=4, tm_yday=336, tm_isdst=-1)",2022-12-02,2022,12,336,2,54,21,BUS02
2022-12-02 21:56:50,40.578861,-111.833115,1466.6,-9999.0,-9999.0,-9999.0,13.91,8.72,1.94,29.67,0.0,2.0,5.78,17.0,860.0,0.0,34.8,2.2,23.6,815.6,0.5,2.9,3.3,14.3,792.0,1.69,133.4,0.0,0,0,"time.struct_time(tm_year=2022, tm_mon=12, tm_mday=2, tm_hour=21, tm_min=56, tm_sec=50, tm_wday=4, tm_yday=336, tm_isdst=-1)",2022-12-02,2022,12,336,2,56,21,BUS02
2022-12-02 21:59:20,40.578861,-111.833115,1466.3,-9999.0,-9999.0,-9999.0,13.91,8.82,1.9,31.26,0.0,2.0,5.89,18.0,860.0,0.0,37.0,2.21,23.6,815.6,0.4,7.1,7.5,14.3,791.9,1.69,133.4,0.0,0,0,"time.struct_time(tm_year=2022, tm_mon=12, tm_mday=2, tm_hour=21, tm_min=59, tm_sec=20, tm_wday=4, tm_yday=336, tm_isdst=-1)",2022-12-02,2022,12,336,2,59,21,BUS02
2022-12-02 22:01:50,40.578857,-111.833115,1466.1,-9999.0,-9999.0,-9999.0,13.91,8.94,1.9,31.22,5.0,2.0,6.0,17.0,860.0,0.0,40.6,2.19,23.6,815.6,-1.7,8.7,6.9,14.3,791.9,1.69,133.4,0.0,0,0,"time.struct_time(tm_year=2022, tm_mon=12, tm_mday=2, tm_hour=22, tm_min=1, tm_sec=50, tm_wday=4, tm_yday=336, tm_isdst=-1)",2022-12-02,2022,12,336,2,1,22,BUS02
2022-12-02 22:04:20,40.578857,-111.833115,1465.8,-9999.0,-9999.0,-9999.0,13.9,9.05,1.98,33.42,1.0,2.0,6.22,17.0,860.0,0.0,36.4,2.2,23.6,815.5,-5.0,7.8,2.8,14.3,791.9,1.68,133.4,0.0,0,0,"time.struct_time(tm_year=2022, tm_mon=12, tm_mday=2, tm_hour=22, tm_min=4, tm_sec=20, tm_wday=4, tm_yday=336, tm_isdst=-1)",2022-12-02,2022,12,336,2,4,22,BUS02
2022-12-02 22:06:50,40.578857,-111.833115,1465.6,-9999.0,-9999.0,-9999.0,13.91,9.18,2.0,33.23,1.0,2.0,6.28,18.0,860.0,0.0,38.4,2.19,23.6,815.6,-4.6,8.8,4.1,14.3,791.9,1.68,133.4,0.0,0,0,"time.struct_time(tm_year=2022, tm_mon=12, tm_mday=2, tm_hour=22, tm_min=6, tm_sec=50, tm_wday=4, tm_yday=336, tm_isdst=-1)",2022-12-02,2022,12,336,2,6,22,BUS02
2022-12-02 22:09:20,40.578773,-111.833237,1466.2,-9999.0,-9999.0,-9999.0,13.91,9.3,2.07,34.91,1.0,2.0,6.5,17.0,859.9,0.0,32.7,2.21,23.6,815.5,-1.6,5.4,3.8,14.3,791.8,1.68,133.4,0.0,0,0,"time.struct_time(tm_year=2022, tm_mon=12, tm_mday=2, tm_hour=22, tm_min=9, tm_sec=20, tm_wday=4, tm_yday=336, tm_isdst=-1)",2022-12-02,2022,12,336,2,9,22,BUS02
2022-12-02 22:11:50,40.589527,-111.834061,1464.6,-9999.0,-9999.0,-9999.0,13.91,9.4,2.66,28.76,1.0,2.0,6.61,17.0,859.9,0.0,37.8,2.21,23.6,815.7,41.1,-71.7,-30.6,14.4,791.9,1.69,132.8,0.0,0,0,"time.struct_time(tm_year=2022, tm_mon=12, tm_mday=2, tm_hour=22, tm_min=11, tm_sec=50, tm_wday=4, tm_yday=336, tm_isdst=-1)",2022-12-02,2022,12,336,2,11,22,BUS02
2022-12-02 22:14:20,40.605968,-111.832817,1405.5,-9999.0,-9999.0,-9999.0,13.91,9.4,2.94,32.84,1.0,2.0,6.5,18.0,866.2,0.0,36.4,2.2,23.6,821.6,-187.8,168.2,-19.6,14.4,798.0,1.69,133.4,0.0,0,0,"time.struct_time(tm_year=2022, tm_mon=12, tm_mday=2, tm_hour=22, tm_min=14, tm_sec=20, tm_wday=4, tm_yday=336, tm_isdst=-1)",2022-12-02,2022,12,336,2,14,22,BUS02
2022-12-02 22:16:50,40.621017,-111.83419,1392.3,-9999.0,-9999.0,-9999.0,13.91,9.34,2.96,33.48,3.0,2.0,6.28,19.0,867.7,0.0,33.5,2.19,23.6,823.1,141.7,47.0,188.6,14.4,799.1,1.69,133.7,0.0,0,0,"time.struct_time(tm_year=2022, tm_mon=12, tm_mday=2, tm_hour=22, tm_min=16, tm_sec=50, tm_wday=4, tm_yday=336, tm_isdst=-1)",2022-12-02,2022,12,336,2,16,22,BUS02
2022-12-02 22:19:20,40.624352,-111.834152,1378.1,-9999.0,-9999.0,-9999.0,13.91,9.28,3.53,33.22,1.0,2.0,5.89,20.0,869.3,0.0,35.3,2.17,23.6,824.5,-3.3,30.8,27.5,14.4,800.5,1.68,133.9,0.0,0,0,"time.struct_time(tm_year=2022, tm_mon=12, tm_mday=2, tm_hour=22, tm_min=19, tm_sec=20, tm_wday=4, tm_yday=336, tm_isdst=-1)",2022-12-02,2022,12,336,2,19,22,BUS02
2022-12-02 22:21:50,40.635662,-111.83416,1355.2,-9999.0,-9999.0,-9999.0,13.91,9.27,3.71,37.58,1.0,2.0,5.89,20.0,871.5,0.0,35.9,2.19,23.5,826.4,36.5,114.7,151.2,14.4,802.4,1.68,132.2,0.0,0,0,"time.struct_time(tm_year=2022, tm_mon=12, tm_mday=2, tm_hour=22, tm_min=21, tm_sec=50, tm_wday=4, tm_yday=336, tm_isdst=-1)",2022-12-02,2022,12,336,2,21,22,BUS02
2022-12-02 22:25:30,40.665024,-111.839127,1327.3,-9999.0,-9999.0,-9999.0,13.91,9.15,3.29,37.37,2.0,2.0,5.89,21.0,874.6,0.0,35.7,2.15,23.5,829.9,32.8,60.6,93.4,14.4,805.5,1.66,132.7,0.0,0,0,"time.struct_time(tm_year=2022, tm_mon=12, tm_mday=2, tm_hour=22, tm_min=25, tm_sec=30, tm_wday=4, tm_yday=336, tm_isdst=-1)",2022-12-02,2022,12,336,2,25,22,BUS02
2022-12-02 22:28:00,40.666328,-111.839188,1327.3,-9999.0,-9999.0,-9999.0,13.91,9.07,3.65,38.37,2.0,2.0,5.72,21.0,875.0,0.0,32.2,2.15,23.5,830.0,25.5,5.3,30.9,14.4,805.8,1.66,135.7,0.0,0,0,"time.struct_time(tm_year=2022, tm_mon=12, tm_mday=2, tm_hour=22, tm_min=28, tm_sec=0, tm_wday=4, tm_yday=336, tm_isdst=-1)",2022-12-02,2022,12,336,2,28,22,BUS02
2022-12-02 22:30:30,40.681999,-111.843307,1332.0,-9999.0,-9999.0,-9999.0,13.91,9.04,3.69,33.61,3.0,2.0,5.72,20.0,874.2,0.0,37.0,2.16,23.5,828.9,26.9,106.4,133.3,14.4,804.8,1.66,136.0,0.0,0,0,"time.struct_time(tm_year=2022, tm_mon=12, tm_mday=2, tm_hour=22, tm_min=30, tm_sec=30, tm_wday=4, tm_yday=336, tm_isdst=-1)",2022-12-02,2022,12,336,2,30,22,BUS02
2022-12-02 22:33:00,40.690819,-111.846893,1334.7,-9999.0,-9999.0,-9999.0,13.9,8.98,3.47,32.85,16.0,2.0,5.61,19.0,874.1,0.0,32.6,2.16,23.5,829.3,15.2,48.4,63.6,14.4,805.3,1.67,135.9,0.0,0,0,"time.struct_time(tm_year=2022, tm_mon=12, tm_mday=2, tm_hour=22, tm_min=33, tm_sec=0, tm_wday=4, tm_yday=336, tm_isdst=-1)",2022-12-02,2022,12,336,2,33,22,BUS02
2022-12-02 22:35:30,40.701096,-111.851143,1345.0,-9999.0,-9999.0,-9999.0,13.91,8.93,3.33,30.62,1.0,2.0,5.61,19.0,872.5,0.0,38.0,2.16,23.5,827.8,3.0,28.0,31.0,14.4,803.8,1.67,135.8,0.0,0,0,"time.struct_time(tm_year=2022, tm_mon=12, tm_mday=2, tm_hour=22, tm_min=35, tm_sec=30, tm_wday=4, tm_yday=336, tm_isdst=-1)",2022-12-02,2022,12,336,2,35,22,BUS02
2022-12-02 22:38:00,40.711571,-111.854897,1338.8,-9999.0,-9999.0,-9999.0,13.91,8.89,3.37,33.8,2.0,2.0,5.39,19.0,873.1,0.0,32.8,2.17,23.4,828.5,197.1,-32.7,164.4,14.4,804.5,1.67,135.8,0.0,0,0,"time.struct_time(tm_year=2022, tm_mon=12, tm_mday=2, tm_hour=22, tm_min=38, tm_sec=0, tm_wday=4, tm_yday=336, tm_isdst=-1)",2022-12-02,2022,12,336,2,38,22,BUS02
2022-12-02 22:40:30,40.717602,-111.856689,1332.7,-9999.0,-9999.0,-9999.0,13.91,8.87,3.37,33.25,2.0,2.0,5.28,19.0,873.6,0.0,36.3,2.16,23.4,828.7,-23.1,23.2,0.2,14.4,804.4,1.67,135.9,0.0,0,0,"time.struct_time(tm_year=2022, tm_mon=12, tm_mday=2, tm_hour=22, tm_min=40, tm_sec=30, tm_wday=4, tm_yday=336, tm_isdst=-1)",2022-12-02,2022,12,336,2,40,22,BUS02
2022-12-02 22:43:00,40.723644,-111.859329,1336.4,-9999.0,-9999.0,-9999.0,13.91,8.84,3.22,31.51,8.0,2.0,5.22,18.0,874.8,0.0,32.4,2.16,23.4,830.0,18.2,13.5,31.7,14.4,805.9,1.67,136.0,0.0,0,0,"time.struct_time(tm_year=2022, tm_mon=12, tm_mday=2, tm_hour=22, tm_min=43, tm_sec=0, tm_wday=4, tm_yday=336, tm_isdst=-1)",2022-12-02,2022,12,336,2,43,22,BUS02
2022-12-02 22:45:30,40.725075,-111.859741,1344.8,-9999.0,-9999.0,-9999.0,13.91,8.85,3.29,34.38,3.0,2.0,5.11,19.0,874.9,0.0,33.2,2.16,23.4,830.2,43.2,-61.2,-18.0,14.4,806.1,1.67,135.9,0.0,0,0,"time.struct_time(tm_year=2022, tm_mon=12, tm_mday=2, tm_hour=22, tm_min=45, tm_sec=30, tm_wday=4, tm_yday=336, tm_isdst=-1)",2022-12-02,2022,12,336,2,45,22,BUS02
2022-12-02 22:48:00,40.732082,-111.85965,1331.2,-9999.0,-9999.0,-9999.0,13.91,8.88,3.35,29.88,1.0,2.0,5.11,19.0,874.6,0.0,37.3,2.15,23.3,830.1,31.5,4.3,35.8,14.4,805.7,1.67,137.2,0.0,0,0,"time.struct_time(tm_year=2022, tm_mon=12, tm_mday=2, tm_hour=22, tm_min=48, tm_sec=0, tm_wday=4, tm_yday=336, tm_isdst=-1)",2022-12-02,2022,12,336,2,48,22,BUS02
2022-12-02 22:50:30,40.739449,-111.859634,1323.2,-9999.0,-9999.0,-9999.0,13.91,8.86,3.19,33.68,2.0,2.0,5.11,20.0,875.5,0.0,32.8,2.15,23.3,830.7,64.1,129.2,193.3,14.4,806.6,1.67,135.9,0.0,0,0,"time.struct_time(tm_year=2022, tm_mon=12, tm_mday=2, tm_hour=22, tm_min=50, tm_sec=30, tm_wday=4, tm_yday=336, tm_isdst=-1)",2022-12-02,2022,12,336,2,50,22,BUS02
2022-12-02 22:53:00,40.749783,-111.858849,1337.8,-9999.0,-9999.0,-9999.0,13.9,8.8,2.97,32.49,2.0,2.0,5.11,19.0,873.8,0.0,34.5,2.16,23.3,829.4,63.7,82.0,145.6,14.4,805.4,1.67,135.9,0.0,0,0,"time.struct_time(tm_year=2022, tm_mon=12, tm_mday=2, tm_hour=22, tm_min=53, tm_sec=0, tm_wday=4, tm_yday=336, tm_isdst=-1)",2022-12-02,2022,12,336,2,53,22,BUS02
2022-12-02 22:55:30,40.751476,-111.853859,1375.6,-9999.0,-9999.0,-9999.0,13.91,8.74,2.92,31.68,2.0,2.0,5.0,19.0,870.0,0.0,34.5,2.17,23.3,825.3,15.1,17.6,32.7,14.3,801.2,1.67,135.5,0.0,0,0,"time.struct_time(tm_year=2022, tm_mon=12, tm_mday=2, tm_hour=22, tm_min=55, tm_sec=30, tm_wday=4, tm_yday=336, tm_isdst=-1)",2022-12-02,2022,12,336,2,55,22,BUS02
2022-12-02 22:58:00,40.75769,-111.853745,1388.5,-9999.0,-9999.0,-9999.0,13.9,8.7,2.94,32.17,1.0,2.0,4.89,19.0,868.0,0.0,37.9,2.18,23.3,823.4,17.6,-2.1,15.5,14.3,799.5,1.67,135.6,0.0,0,0,"time.struct_time(tm_year=2022, tm_mon=12, tm_mday=2, tm_hour=22, tm_min=58, tm_sec=0, tm_wday=4, tm_yday=336, tm_isdst=-1)",2022-12-02,2022,12,336,2,58,22,BUS02
2022-12-02 23:00:30,40.761154,-111.852264,1398.9,-9999.0,-9999.0,-9999.0,13.9,8.68,3.19,30.32,4.0,2.0,4.89,18.0,866.8,0.0,36.7,2.2,23.3,822.4,-24.3,322.0,297.7,14.3,798.4,1.66,135.2,0.0,0,0,"time.struct_time(tm_year=2022, tm_mon=12, tm_mday=2, tm_hour=23, tm_min=0, tm_sec=30, tm_wday=4, tm_yday=336, tm_isdst=-1)",2022-12-02,2022,12,336,2,0,23,BUS02
2022-12-02 23:03:00,40.765015,-111.853554,1398.1,-9999.0,-9999.0,-9999.0,13.9,8.67,3.25,28.79,9.0,2.0,4.78,18.0,867.3,0.0,37.4,2.18,23.2,822.6,150.1,155.8,305.8,14.3,798.6,1.66,135.1,0.0,0,0,"time.struct_time(tm_year=2022, tm_mon=12, tm_mday=2, tm_hour=23, tm_min=3, tm_sec=0, tm_wday=4, tm_yday=336, tm_isdst=-1)",2022-12-02,2022,12,336,2,3,23,BUS02
2022-12-02 23:05:30,40.766888,-111.859612,1364.0,-9999.0,-9999.0,-9999.0,13.9,8.65,2.96,32.77,1.0,2.0,4.89,18.0,871.2,0.0,36.7,2.18,23.2,826.5,2.6,-2.6,-0.0,14.3,802.4,1.66,135.7,0.0,0,0,"time.struct_time(tm_year=2022, tm_mon=12, tm_mday=2, tm_hour=23, tm_min=5, tm_sec=30, tm_wday=4, tm_yday=336, tm_isdst=-1)",2022-12-02,2022,12,336,2,5,23,BUS02
2022-12-02 23:08:00,40.7672,-111.8731,1333.3,-9999.0,-9999.0,-9999.0,13.91,8.61,2.66,33.12,1.0,2.0,4.78,19.0,874.2,0.0,32.6,2.17,23.2,829.5,-24.8,14.9,-9.9,14.3,805.3,1.66,135.0,0.0,0,0,"time.struct_time(tm_year=2022, tm_mon=12, tm_mday=2, tm_hour=23, tm_min=8, tm_sec=0, tm_wday=4, tm_yday=336, tm_isdst=-1)",2022-12-02,2022,12,336,2,8,23,BUS02
2022-12-02 23:10:30,40.767239,-111.883423,1311.9,-9999.0,-9999.0,-9999.0,13.91,8.54,2.32,34.76,1.0,2.0,4.78,19.0,876.5,0.0,27.0,2.14,23.2,832.0,76.0,-28.1,47.9,14.3,807.7,1.66,136.3,0.0,0,0,"time.struct_time(tm_year=2022, tm_mon=12, tm_mday=2, tm_hour=23, tm_min=10, tm_sec=30, tm_wday=4, tm_yday=336, tm_isdst=-1)",2022-12-02,2022,12,336,2,10,23,BUS02
2022-12-02 23:13:00,40.765038,-111.892906,1319.2,-9999.0,-9999.0,-9999.0,13.9,8.48,2.09,34.63,1.0,2.0,4.78,19.0,877.5,0.0,36.5,2.16,23.2,832.8,92.4,170.3,262.7,14.3,808.4,1.67,136.4,0.0,0,0,"time.struct_time(tm_year=2022, tm_mon=12, tm_mday=2, tm_hour=23, tm_min=13, tm_sec=0, tm_wday=4, tm_yday=336, tm_isdst=-1)",2022-12-02,2022,12,336,2,13,23,BUS02
2022-12-02 23:15:30,40.765057,-111.899879,1308.9,-9999.0,-9999.0,-9999.0,13.9,8.43,1.85,37.93,1.0,2.0,4.61,20.0,878.4,0.0,22.9,2.14,23.1,833.8,-4.1,35.3,31.2,14.3,809.3,1.67,135.6,0.0,0,1,"time.struct_time(tm_year=2022, tm_mon=12, tm_mday=2, tm_hour=23, tm_min=15, tm_sec=30, tm_wday=4, tm_yday=336, tm_isdst=-1)",2022-12-02,2022,12,336,2,15,23,BUS02
2022-12-02 23:18:00,40.76506,-111.905182,1293.4,-9999.0,-9999.0,-9999.0,13.9,8.4,1.76,39.46,3.0,2.0,4.61,20.0,879.4,0.0,31.7,2.15,23.1,834.6,-29.6,206.1,176.5,14.3,810.3,1.66,136.2,0.0,0,1,"time.struct_time(tm_year=2022, tm_mon=12, tm_mday=2, tm_hour=23, tm_min=18, tm_sec=0, tm_wday=4, tm_yday=336, tm_isdst=-1)",2022-12-02,2022,12,336,2,18,23,BUS02
2022-12-02 23:20:30,40.763706,-111.909554,1287.9,-9999.0,-9999.0,-9999.0,13.9,8.37,1.74,39.54,7.0,2.0,4.5,21.0,879.6,0.0,25.1,2.14,23.1,834.8,35.3,70.0,105.3,14.2,810.5,1.66,136.6,0.0,0,1,"time.struct_time(tm_year=2022, tm_mon=12, tm_mday=2, tm_hour=23, tm_min=20, tm_sec=30, tm_wday=4, tm_yday=336, tm_isdst=-1)",2022-12-02,2022,12,336,2,20,23,BUS02
2022-12-02 23:23:00,40.763706,-111.909554,1288.0,-9999.0,-9999.0,-9999.0,13.9,8.37,1.55,40.97,3.0,2.0,4.39,21.0,879.6,0.0,23.2,2.15,23.1,834.9,-3.3,27.5,24.2,14.2,810.5,1.67,136.5,0.0,0,1,"time.struct_time(tm_year=2022, tm_mon=12, tm_mday=2, tm_hour=23, tm_min=23, tm_sec=0, tm_wday=4, tm_yday=336, tm_isdst=-1)",2022-12-02,2022,12,336,2,23,23,BUS02
2022-12-02 23:26:40,40.763706,-111.909554,1287.8,-9999.0,-9999.0,-9999.0,13.9,8.36,1.45,41.43,2.0,2.0,4.28,21.0,879.8,0.0,25.9,2.15,23.0,834.8,3.2,20.1,23.3,14.2,810.5,1.67,136.6,0.0,0,0,"time.struct_time(tm_year=2022, tm_mon=12, tm_mday=2, tm_hour=23, tm_min=26, tm_sec=40, tm_wday=4, tm_yday=336, tm_isdst=-1)",2022-12-02,2022,12,336,2,26,23,BUS02
2022-12-02 23:29:10,40.763706,-111.909554,1287.6,-9999.0,-9999.0,-9999.0,13.9,8.32,1.17,41.89,2.0,2.0,4.11,21.0,879.5,0.0,24.7,2.14,23.0,834.7,10.4,29.1,39.5,14.2,810.4,1.68,136.1,0.0,0,0,"time.struct_time(tm_year=2022, tm_mon=12, tm_mday=2, tm_hour=23, tm_min=29, tm_sec=10, tm_wday=4, tm_yday=336, tm_isdst=-1)",2022-12-02,2022,12,336,2,29,23,BUS02
2022-12-02 23:31:40,40.763706,-111.909554,1287.5,-9999.0,-9999.0,-9999.0,13.9,8.28,1.15,41.82,3.0,2.0,3.89,21.0,879.9,0.0,22.5,2.15,23.0,834.8,-0.9,28.1,27.1,14.2,810.5,1.67,136.5,0.0,0,0,"time.struct_time(tm_year=2022, tm_mon=12, tm_mday=2, tm_hour=23, tm_min=31, tm_sec=40, tm_wday=4, tm_yday=336, tm_isdst=-1)",2022-12-02,2022,12,336,2,31,23,BUS02
2022-12-02 23:34:10,40.763706,-111.909554,1287.3,-9999.0,-9999.0,-9999.0,13.9,8.24,0.97,43.07,2.0,2.0,3.78,21.0,879.9,0.0,27.4,2.14,23.0,835.0,-6.4,22.5,16.0,14.2,810.6,1.67,136.6,0.0,0,0,"time.struct_time(tm_year=2022, tm_mon=12, tm_mday=2, tm_hour=23, tm_min=34, tm_sec=10, tm_wday=4, tm_yday=336, tm_isdst=-1)",2022-12-02,2022,12,336,2,34,23,BUS02
2022-12-02 23:36:40,40.763706,-111.909554,1287.2,-9999.0,-9999.0,-9999.0,13.9,8.19,0.7,43.75,3.0,2.0,3.61,21.0,879.7,0.0,21.5,2.13,22.9,834.9,2.0,23.4,25.4,14.2,810.6,1.67,136.7,0.0,0,0,"time.struct_time(tm_year=2022, tm_mon=12, tm_mday=2, tm_hour=23, tm_min=36, tm_sec=40, tm_wday=4, tm_yday=336, tm_isdst=-1)",2022-12-02,2022,12,336,2,36,23,BUS02
2022-12-02 23:39:10,40.763706,-111.909561,1287.0,-9999.0,-9999.0,-9999.0,13.9,8.14,0.5,43.48,2.0,2.0,3.61,21.0,879.9,0.0,23.4,2.13,22.9,834.9,-3.8,25.4,21.5,14.1,810.7,1.67,136.7,0.0,0,1,"time.struct_time(tm_year=2022, tm_mon=12, tm_mday=2, tm_hour=23, tm_min=39, tm_sec=10, tm_wday=4, tm_yday=336, tm_isdst=-1)",2022-12-02,2022,12,336,2,39,23,BUS02
2022-12-02 23:41:40,40.763706,-111.909561,1287.0,-9999.0,-9999.0,-9999.0,13.9,8.08,0.32,43.83,2.0,2.0,3.5,21.0,879.8,0.0,26.2,2.15,22.9,835.1,-5.0,23.1,18.1,14.1,810.7,1.67,136.6,0.0,0,1,"time.struct_time(tm_year=2022, tm_mon=12, tm_mday=2, tm_hour=23, tm_min=41, tm_sec=40, tm_wday=4, tm_yday=336, tm_isdst=-1)",2022-12-02,2022,12,336,2,41,23,BUS02
2022-12-02 23:44:10,40.763908,-111.909019,1288.6,-9999.0,-9999.0,-9999.0,13.9,8.03,0.3,45.4,3.0,2.0,3.5,21.0,879.9,0.0,22.9,2.14,22.8,835.1,13.3,-38.6,-25.3,14.1,810.6,1.67,136.7,0.0,0,1,"time.struct_time(tm_year=2022, tm_mon=12, tm_mday=2, tm_hour=23, tm_min=44, tm_sec=10, tm_wday=4, tm_yday=336, tm_isdst=-1)",2022-12-02,2022,12,336,2,44,23,BUS02
2022-12-02 23:46:40,40.7649,-111.906021,1290.5,-9999.0,-9999.0,-9999.0,13.9,7.98,0.48,44.72,2.0,2.0,3.5,21.0,879.9,0.0,21.9,2.13,22.8,834.9,3.7,42.3,45.9,14.1,810.5,1.67,136.6,0.0,0,1,"time.struct_time(tm_year=2022, tm_mon=12, tm_mday=2, tm_hour=23, tm_min=46, tm_sec=40, tm_wday=4, tm_yday=336, tm_isdst=-1)",2022-12-02,2022,12,336,2,46,23,BUS02
2022-12-02 23:49:10,40.762299,-111.90271,1295.3,-9999.0,-9999.0,-9999.0,13.9,7.91,0.64,44.86,1.0,2.0,3.5,22.0,879.7,0.0,23.7,2.14,22.8,835.0,39.9,-75.8,-35.9,14.1,810.5,1.67,136.7,0.0,0,1,"time.struct_time(tm_year=2022, tm_mon=12, tm_mday=2, tm_hour=23, tm_min=49, tm_sec=10, tm_wday=4, tm_yday=336, tm_isdst=-1)",2022-12-02,2022,12,336,2,49,23,BUS02
2022-12-02 23:51:40,40.760674,-111.916122,1282.3,-9999.0,-9999.0,-9999.0,13.9,7.8,0.82,42.93,3.0,2.0,3.78,22.0,880.2,0.0,23.9,2.15,22.7,835.3,55.5,28.8,84.3,14.0,811.0,1.67,137.0,0.0,0,0,"time.struct_time(tm_year=2022, tm_mon=12, tm_mday=2, tm_hour=23, tm_min=51, tm_sec=40, tm_wday=4, tm_yday=336, tm_isdst=-1)",2022-12-02,2022,12,336,2,51,23,BUS02
2022-12-02 23:54:10,40.754089,-111.915604,1287.0,-9999.0,-9999.0,-9999.0,13.94,7.69,0.83,44.6,2.0,2.0,3.72,22.0,879.9,0.0,23.0,2.14,22.7,835.3,108.2,190.5,298.7,14.0,810.8,1.67,138.2,0.0,0,0,"time.struct_time(tm_year=2022, tm_mon=12, tm_mday=2, tm_hour=23, tm_min=54, tm_sec=10, tm_wday=4, tm_yday=336, tm_isdst=-1)",2022-12-02,2022,12,336,2,54,23,BUS02
2022-12-02 23:56:40,40.747284,-111.916893,1285.4,-9999.0,-9999.0,-9999.0,13.94,7.58,0.56,47.04,1.0,2.0,3.72,22.0,880.0,0.0,22.7,2.13,22.6,834.9,-10.6,5.9,-4.7,14.0,810.6,1.67,137.5,0.0,0,0,"time.struct_time(tm_year=2022, tm_mon=12, tm_mday=2, tm_hour=23, tm_min=56, tm_sec=40, tm_wday=4, tm_yday=336, tm_isdst=-1)",2022-12-02,2022,12,336,2,56,23,BUS02
2022-12-02 23:59:10,40.734364,-111.916924,1285.5,-9999.0,-9999.0,-9999.0,13.94,7.46,0.36,45.1,40.0,2.0,3.61,22.0,880.3,0.0,26.9,2.15,22.6,835.5,-25.8,-26.6,-52.4,14.0,811.1,1.67,136.7,0.0,0,0,"time.struct_time(tm_year=2022, tm_mon=12, tm_mday=2, tm_hour=23, tm_min=59, tm_sec=10, tm_wday=4, tm_yday=336, tm_isdst=-1)",2022-12-02,2022,12,336,2,59,23,BUS02
2022-12-03 00:01:40,40.72765,-111.916962,1284.2,-9999.0,-9999.0,-9999.0,13.94,7.34,0.18,45.1,9.0,2.0,3.39,22.0,880.0,0.0,21.5,2.13,22.5,835.4,24.6,6.1,30.7,13.9,811.0,1.67,136.7,0.0,0,0,"time.struct_time(tm_year=2022, tm_mon=12, tm_mday=3, tm_hour=0, tm_min=1, tm_sec=40, tm_wday=5, tm_yday=337, tm_isdst=-1)",2022-12-03,2022,12,337,3,1,0,BUS02
2022-12-03 00:06:15,40.729198,-111.938927,1290.4,-9999.0,-9999.0,-9999.0,13.94,7.13,-0.02,46.13,4.0,2.0,3.28,22.0,879.5,0.0,2.8,2.14,22.4,834.7,25.6,69.2,94.8,13.9,810.3,1.69,138.6,0.0,0,0,"time.struct_time(tm_year=2022, tm_mon=12, tm_mday=3, tm_hour=0, tm_min=6, tm_sec=15, tm_wday=5, tm_yday=337, tm_isdst=-1)",2022-12-03,2022,12,337,3,6,0,BUS02
2022-12-03 00:08:45,40.73317,-111.940865,1288.6,-9999.0,-9999.0,-9999.0,13.94,7.02,0.2,45.04,6.0,2.0,3.11,22.0,880.0,0.0,7.8,2.14,22.4,835.6,96.4,149.6,246.0,13.8,811.1,1.69,135.8,0.0,0,0,"time.struct_time(tm_year=2022, tm_mon=12, tm_mday=3, tm_hour=0, tm_min=8, tm_sec=45, tm_wday=5, tm_yday=337, tm_isdst=-1)",2022-12-03,2022,12,337,3,8,0,BUS02
2022-12-03 00:11:15,40.730267,-111.958076,1289.6,-9999.0,-9999.0,-9999.0,13.94,6.91,0.32,44.74,2.0,2.0,3.22,22.0,879.8,0.0,10.8,2.15,22.3,835.0,30.6,42.3,72.9,13.8,810.7,1.69,134.6,0.0,0,0,"time.struct_time(tm_year=2022, tm_mon=12, tm_mday=3, tm_hour=0, tm_min=11, tm_sec=15, tm_wday=5, tm_yday=337, tm_isdst=-1)",2022-12-03,2022,12,337,3,11,0,BUS02
2022-12-03 00:13:45,40.730083,-111.968201,1291.6,-9999.0,-9999.0,-9999.0,13.94,6.77,0.17,47.91,3.0,2.0,3.28,23.0,879.9,0.0,12.0,2.13,22.3,835.4,96.4,-44.8,51.6,13.8,810.8,1.69,135.8,0.0,0,0,"time.struct_time(tm_year=2022, tm_mon=12, tm_mday=3, tm_hour=0, tm_min=13, tm_sec=45, tm_wday=5, tm_yday=337, tm_isdst=-1)",2022-12-03,2022,12,337,3,13,0,BUS02
2022-12-03 00:16:15,40.730896,-111.980453,1282.4,-9999.0,-9999.0,-9999.0,13.94,6.66,0.1,53.27,2.0,2.0,3.11,24.0,879.8,0.0,10.2,2.14,22.2,835.3,87.3,71.3,158.6,13.7,810.8,1.69,138.0,0.0,0,0,"time.struct_time(tm_year=2022, tm_mon=12, tm_mday=3, tm_hour=0, tm_min=16, tm_sec=15, tm_wday=5, tm_yday=337, tm_isdst=-1)",2022-12-03,2022,12,337,3,16,0,BUS02
2022-12-03 00:18:45,40.730869,-111.986534,1286.7,-9999.0,-9999.0,-9999.0,13.94,6.59,-0.09,54.04,3.0,2.0,2.78,25.0,880.0,0.0,8.9,2.13,22.1,835.4,34.8,57.7,92.4,13.7,810.9,1.69,135.8,0.0,0,0,"time.struct_time(tm_year=2022, tm_mon=12, tm_mday=3, tm_hour=0, tm_min=18, tm_sec=45, tm_wday=5, tm_yday=337, tm_isdst=-1)",2022-12-03,2022,12,337,3,18,0,BUS02
2022-12-03 00:21:15,40.720886,-111.986404,1292.7,-9999.0,-9999.0,-9999.0,13.94,6.54,-0.01,51.63,3.0,2.0,2.72,25.0,879.2,0.0,9.3,2.13,22.1,834.7,112.2,115.4,227.6,13.6,810.2,1.69,134.8,0.0,0,0,"time.struct_time(tm_year=2022, tm_mon=12, tm_mday=3, tm_hour=0, tm_min=21, tm_sec=15, tm_wday=5, tm_yday=337, tm_isdst=-1)",2022-12-03,2022,12,337,3,21,0,BUS02
2022-12-03 00:23:45,40.723587,-111.984512,1293.6,-9999.0,-9999.0,-9999.0,13.94,6.47,-0.08,51.23,2.0,2.0,2.61,24.0,879.5,0.0,21.9,2.14,22.0,835.1,49.3,62.3,111.7,13.6,810.5,1.69,136.0,0.0,0,0,"time.struct_time(tm_year=2022, tm_mon=12, tm_mday=3, tm_hour=0, tm_min=23, tm_sec=45, tm_wday=5, tm_yday=337, tm_isdst=-1)",2022-12-03,2022,12,337,3,23,0,BUS02
2022-12-03 00:27:25,40.705208,-111.977188,1298.2,-9999.0,-9999.0,-9999.0,13.94,6.3,-0.13,50.86,2.0,2.0,3.0,25.0,879.1,0.0,13.9,2.14,21.9,835.1,50.1,41.4,91.5,13.5,810.2,1.67,136.4,0.0,0,0,"time.struct_time(tm_year=2022, tm_mon=12, tm_mday=3, tm_hour=0, tm_min=27, tm_sec=25, tm_wday=5, tm_yday=337, tm_isdst=-1)",2022-12-03,2022,12,337,3,27,0,BUS02
2022-12-03 00:29:55,40.702065,-111.97715,1299.8,-9999.0,-9999.0,-9999.0,13.94,6.2,-0.47,54.38,2.0,2.0,2.72,25.0,878.8,0.0,5.9,2.13,21.8,834.4,153.7,-82.8,70.9,13.5,810.0,1.67,137.1,0.0,0,0,"time.struct_time(tm_year=2022, tm_mon=12, tm_mday=3, tm_hour=0, tm_min=29, tm_sec=55, tm_wday=5, tm_yday=337, tm_isdst=-1)",2022-12-03,2022,12,337,3,29,0,BUS02
2022-12-03 00:32:25,40.693047,-111.977081,1303.3,-9999.0,-9999.0,-9999.0,13.94,6.13,-0.57,56.21,3.0,2.0,2.5,25.0,878.5,0.0,7.4,2.14,21.8,834.1,44.0,16.4,60.4,13.4,809.6,1.67,136.9,0.0,0,0,"time.struct_time(tm_year=2022, tm_mon=12, tm_mday=3, tm_hour=0, tm_min=32, tm_sec=25, tm_wday=5, tm_yday=337, tm_isdst=-1)",2022-12-03,2022,12,337,3,32,0,BUS02
2022-12-03 00:34:55,40.692909,-111.963974,1299.7,-9999.0,-9999.0,-9999.0,13.94,6.04,-0.75,56.44,2.0,2.0,2.39,25.0,878.6,0.0,-0.2,2.13,21.7,834.3,23.5,35.7,59.2,13.4,809.8,1.67,136.3,0.0,0,0,"time.struct_time(tm_year=2022, tm_mon=12, tm_mday=3, tm_hour=0, tm_min=34, tm_sec=55, tm_wday=5, tm_yday=337, tm_isdst=-1)",2022-12-03,2022,12,337,3,34,0,BUS02
2022-12-03 00:37:25,40.693405,-111.960587,1295.7,-9999.0,-9999.0,-9999.0,13.94,5.97,-0.85,58.33,3.0,2.0,2.22,26.0,879.4,0.0,4.1,2.13,21.6,834.8,12.2,51.5,63.7,13.3,810.3,1.67,137.0,0.0,0,0,"time.struct_time(tm_year=2022, tm_mon=12, tm_mday=3, tm_hour=0, tm_min=37, tm_sec=25, tm_wday=5, tm_yday=337, tm_isdst=-1)",2022-12-03,2022,12,337,3,37,0,BUS02
2022-12-03 00:39:55,40.693405,-111.960587,1295.6,-9999.0,-9999.0,-9999.0,13.94,5.94,-0.83,59.46,5.0,2.0,2.0,26.0,879.2,0.0,4.1,2.13,21.5,834.7,9.9,41.4,51.3,13.3,810.3,1.67,136.7,0.0,0,0,"time.struct_time(tm_year=2022, tm_mon=12, tm_mday=3, tm_hour=0, tm_min=39, tm_sec=55, tm_wday=5, tm_yday=337, tm_isdst=-1)",2022-12-03,2022,12,337,3,39,0,BUS02
2022-12-03 00:42:25,40.693405,-111.960587,1295.2,-9999.0,-9999.0,-9999.0,13.94,5.92,-0.75,59.95,3.0,2.0,1.78,26.0,879.2,0.0,2.6,2.14,21.5,835.0,2.5,44.7,47.2,13.2,810.3,1.67,136.9,0.0,0,0,"time.struct_time(tm_year=2022, tm_mon=12, tm_mday=3, tm_hour=0, tm_min=42, tm_sec=25, tm_wday=5, tm_yday=337, tm_isdst=-1)",2022-12-03,2022,12,337,3,42,0,BUS02
2022-12-03 00:46:00,40.693405,-111.960587,1295.0,-9999.0,-9999.0,-9999.0,13.98,5.88,-0.63,59.5,3.0,2.0,1.61,26.0,879.3,0.0,0.3,2.12,21.4,834.7,7.6,49.0,56.6,13.2,810.3,1.69,135.8,0.0,0,0,"time.struct_time(tm_year=2022, tm_mon=12, tm_mday=3, tm_hour=0, tm_min=46, tm_sec=0, tm_wday=5, tm_yday=337, tm_isdst=-1)",2022-12-03,2022,12,337,3,46,0,BUS02
2022-12-03 00:48:30,40.693405,-111.960587,1294.9,-9999.0,-9999.0,-9999.0,13.98,5.84,-0.59,58.54,4.0,2.0,1.39,27.0,879.3,0.0,-2.1,2.11,21.3,834.7,14.9,54.5,69.5,13.1,810.3,1.69,135.7,0.0,0,0,"time.struct_time(tm_year=2022, tm_mon=12, tm_mday=3, tm_hour=0, tm_min=48, tm_sec=30, tm_wday=5, tm_yday=337, tm_isdst=-1)",2022-12-03,2022,12,337,3,48,0,BUS02
2022-12-03 00:51:00,40.693409,-111.960587,1294.8,-9999.0,-9999.0,-9999.0,13.98,5.79,-0.53,59.5,3.0,2.0,1.28,27.0,879.4,0.0,1.7,2.12,21.3,834.9,34.4,51.7,86.1,13.1,810.4,1.69,135.9,0.0,0,0,"time.struct_time(tm_year=2022, tm_mon=12, tm_mday=3, tm_hour=0, tm_min=51, tm_sec=0, tm_wday=5, tm_yday=337, tm_isdst=-1)",2022-12-03,2022,12,337,3,51,0,BUS02
2022-12-03 00:53:30,40.693409,-111.960594,1294.6,-9999.0,-9999.0,-9999.0,14.0,5.73,-0.37,58.07,4.0,2.0,1.22,27.0,879.2,0.0,7.2,2.12,21.2,834.6,26.6,38.7,65.4,13.0,810.4,1.69,135.9,0.0,0,0,"time.struct_time(tm_year=2022, tm_mon=12, tm_mday=3, tm_hour=0, tm_min=53, tm_sec=30, tm_wday=5, tm_yday=337, tm_isdst=-1)",2022-12-03,2022,12,337,3,53,0,BUS02
2022-12-03 00:56:00,40.693413,-111.960594,1294.6,-9999.0,-9999.0,-9999.0,13.98,5.67,-0.31,58.03,2.0,2.0,1.11,27.0,879.2,0.0,3.2,2.12,21.2,834.8,5.5,40.0,45.6,13.0,810.5,1.69,135.8,0.0,0,0,"time.struct_time(tm_year=2022, tm_mon=12, tm_mday=3, tm_hour=0, tm_min=56, tm_sec=0, tm_wday=5, tm_yday=337, tm_isdst=-1)",2022-12-03,2022,12,337,3,56,0,BUS02
2022-12-03 00:58:30,40.693413,-111.960594,1294.6,-9999.0,-9999.0,-9999.0,13.98,5.6,-0.31,57.35,3.0,2.0,1.11,27.0,879.5,0.0,1.1,2.13,21.1,834.7,4.8,41.2,46.0,12.9,810.5,1.69,136.0,0.0,0,0,"time.struct_time(tm_year=2022, tm_mon=12, tm_mday=3, tm_hour=0, tm_min=58, tm_sec=30, tm_wday=5, tm_yday=337, tm_isdst=-1)",2022-12-03,2022,12,337,3,58,0,BUS02
2022-12-03 01:01:00,40.693417,-111.960594,1294.6,-9999.0,-9999.0,-9999.0,13.98,5.53,-0.27,56.86,3.0,2.0,1.0,27.0,879.2,0.0,1.1,2.13,21.1,834.9,3.2,38.0,41.3,12.9,810.6,1.69,135.9,0.0,0,0,"time.struct_time(tm_year=2022, tm_mon=12, tm_mday=3, tm_hour=1, tm_min=1, tm_sec=0, tm_wday=5, tm_yday=337, tm_isdst=-1)",2022-12-03,2022,12,337,3,1,1,BUS02
2022-12-03 01:03:30,40.692947,-111.963768,1291.9,-9999.0,-9999.0,-9999.0,13.98,5.47,-0.17,54.14,3.0,2.0,1.0,27.0,879.1,0.0,2.7,2.13,21.0,834.7,55.6,47.3,102.9,12.8,810.0,1.69,136.5,0.0,0,0,"time.struct_time(tm_year=2022, tm_mon=12, tm_mday=3, tm_hour=1, tm_min=3, tm_sec=30, tm_wday=5, tm_yday=337, tm_isdst=-1)",2022-12-03,2022,12,337,3,3,1,BUS02
2022-12-03 01:06:00,40.692917,-111.976891,1296.6,-9999.0,-9999.0,-9999.0,13.98,5.37,-0.49,54.39,5.0,2.0,1.11,27.0,878.7,0.0,-2.0,2.12,21.0,834.3,115.1,69.9,185.0,12.8,809.9,1.69,135.8,0.0,0,0,"time.struct_time(tm_year=2022, tm_mon=12, tm_mday=3, tm_hour=1, tm_min=6, tm_sec=0, tm_wday=5, tm_yday=337, tm_isdst=-1)",2022-12-03,2022,12,337,3,6,1,BUS02
2022-12-03 01:08:30,40.696114,-111.977097,1295.3,-9999.0,-9999.0,-9999.0,13.98,5.26,-0.69,50.21,4.0,2.0,1.22,26.0,879.1,0.0,4.1,2.12,21.0,834.3,12.9,28.5,41.5,12.8,810.2,1.69,135.7,0.0,0,0,"time.struct_time(tm_year=2022, tm_mon=12, tm_mday=3, tm_hour=1, tm_min=8, tm_sec=30, tm_wday=5, tm_yday=337, tm_isdst=-1)",2022-12-03,2022,12,337,3,8,1,BUS02
2022-12-03 01:11:00,40.703465,-111.977081,1293.2,-9999.0,-9999.0,-9999.0,13.98,5.18,-1.0,57.5,4.0,2.0,1.28,27.0,879.2,0.0,0.2,2.12,20.9,834.9,80.5,54.7,135.2,12.7,810.5,1.69,135.7,0.0,0,0,"time.struct_time(tm_year=2022, tm_mon=12, tm_mday=3, tm_hour=1, tm_min=11, tm_sec=0, tm_wday=5, tm_yday=337, tm_isdst=-1)",2022-12-03,2022,12,337,3,11,1,BUS02
2022-12-03 01:13:30,40.703465,-111.977081,1293.2,-9999.0,-9999.0,-9999.0,13.98,5.13,-1.06,57.71,3.0,2.0,1.22,27.0,879.3,0.0,0.4,2.12,20.9,835.0,33.5,50.0,83.5,12.7,810.5,1.69,135.7,0.0,0,0,"time.struct_time(tm_year=2022, tm_mon=12, tm_mday=3, tm_hour=1, tm_min=13, tm_sec=30, tm_wday=5, tm_yday=337, tm_isdst=-1)",2022-12-03,2022,12,337,3,13,1,BUS02
2022-12-03 01:16:00,40.711411,-111.977089,1290.3,-9999.0,-9999.0,-9999.0,13.98,5.11,-1.06,57.85,6.0,2.0,1.22,27.0,879.7,0.0,-2.6,2.12,20.8,835.1,3.6,26.8,30.4,12.6,810.8,1.69,135.8,0.0,0,0,"time.struct_time(tm_year=2022, tm_mon=12, tm_mday=3, tm_hour=1, tm_min=16, tm_sec=0, tm_wday=5, tm_yday=337, tm_isdst=-1)",2022-12-03,2022,12,337,3,16,1,BUS02
2022-12-03 01:18:30,40.725658,-111.978569,1288.5,-9999.0,-9999.0,-9999.0,13.97,5.02,-1.14,53.43,4.0,2.0,1.39,26.0,879.6,0.0,4.0,2.12,20.8,835.1,90.4,80.6,171.0,12.6,810.8,1.69,134.9,0.0,0,0,"time.struct_time(tm_year=2022, tm_mon=12, tm_mday=3, tm_hour=1, tm_min=18, tm_sec=30, tm_wday=5, tm_yday=337, tm_isdst=-1)",2022-12-03,2022,12,337,3,18,1,BUS02
2022-12-03 01:21:00,40.718384,-111.985336,1290.8,-9999.0,-9999.0,-9999.0,13.97,4.9,-1.32,54.82,7.0,2.0,1.39,26.0,879.6,0.0,2.9,2.1,20.8,835.2,181.5,82.5,264.1,12.5,810.9,1.69,135.8,0.0,0,0,"time.struct_time(tm_year=2022, tm_mon=12, tm_mday=3, tm_hour=1, tm_min=21, tm_sec=0, tm_wday=5, tm_yday=337, tm_isdst=-1)",2022-12-03,2022,12,337,3,21,1,BUS02
2022-12-03 01:23:30,40.730576,-111.987045,1289.3,-9999.0,-9999.0,-9999.0,13.97,4.82,-1.48,55.43,6.0,2.0,1.28,26.0,879.7,0.0,3.0,2.13,20.7,835.4,449.0,20.5,469.6,12.5,811.0,1.69,135.8,0.0,0,0,"time.struct_time(tm_year=2022, tm_mon=12, tm_mday=3, tm_hour=1, tm_min=23, tm_sec=30, tm_wday=5, tm_yday=337, tm_isdst=-1)",2022-12-03,2022,12,337,3,23,1,BUS02
2022-12-03 01:26:00,40.730827,-111.976318,1285.4,-9999.0,-9999.0,-9999.0,13.97,4.75,-1.52,55.39,4.0,2.0,1.22,26.0,879.8,0.0,-3.5,2.12,20.7,835.4,98.9,91.2,190.1,12.4,811.0,1.69,135.6,0.0,0,0,"time.struct_time(tm_year=2022, tm_mon=12, tm_mday=3, tm_hour=1, tm_min=26, tm_sec=0, tm_wday=5, tm_yday=337, tm_isdst=-1)",2022-12-03,2022,12,337,3,26,1,BUS02
2022-12-03 01:29:35,40.73077,-111.957962,1288.6,-9999.0,-9999.0,-9999.0,13.97,4.66,-1.32,53.86,7.0,2.0,1.28,26.0,879.4,0.0,1.1,2.12,20.6,835.2,76.9,82.7,159.7,12.4,810.7,1.68,137.6,0.0,0,0,"time.struct_time(tm_year=2022, tm_mon=12, tm_mday=3, tm_hour=1, tm_min=29, tm_sec=35, tm_wday=5, tm_yday=337, tm_isdst=-1)",2022-12-03,2022,12,337,3,29,1,BUS02
2022-12-03 01:32:05,40.733082,-111.94088,1287.7,-9999.0,-9999.0,-9999.0,13.97,4.57,-1.3,55.35,4.0,2.0,1.39,27.0,879.9,0.0,2.2,2.1,20.6,835.8,78.5,-67.4,11.1,12.3,811.1,1.68,135.2,0.0,0,0,"time.struct_time(tm_year=2022, tm_mon=12, tm_mday=3, tm_hour=1, tm_min=32, tm_sec=5, tm_wday=5, tm_yday=337, tm_isdst=-1)",2022-12-03,2022,12,337,3,32,1,BUS02
2022-12-03 01:34:35,40.725857,-111.936241,1288.6,-9999.0,-9999.0,-9999.0,13.97,4.5,-1.58,54.7,2.0,2.0,1.39,26.0,879.8,0.0,6.9,2.12,20.5,835.4,90.1,44.4,134.4,12.3,810.8,1.68,136.3,0.0,0,0,"time.struct_time(tm_year=2022, tm_mon=12, tm_mday=3, tm_hour=1, tm_min=34, tm_sec=35, tm_wday=5, tm_yday=337, tm_isdst=-1)",2022-12-03,2022,12,337,3,34,1,BUS02
2022-12-03 01:37:05,40.725719,-111.917336,1287.0,-9999.0,-9999.0,-9999.0,13.96,4.42,-1.72,54.92,6.0,2.0,1.39,26.0,880.1,0.0,5.7,2.11,20.4,836.0,25.9,55.3,81.2,12.2,811.3,1.68,136.1,0.0,0,0,"time.struct_time(tm_year=2022, tm_mon=12, tm_mday=3, tm_hour=1, tm_min=37, tm_sec=5, tm_wday=5, tm_yday=337, tm_isdst=-1)",2022-12-03,2022,12,337,3,37,1,BUS02
2022-12-03 01:39:35,40.736652,-111.916855,1284.6,-9999.0,-9999.0,-9999.0,13.97,4.36,-1.42,48.39,3.0,2.0,1.22,25.0,880.1,0.0,21.1,2.11,20.4,835.8,-43.5,60.9,17.4,12.2,811.3,1.68,139.7,0.0,0,0,"time.struct_time(tm_year=2022, tm_mon=12, tm_mday=3, tm_hour=1, tm_min=39, tm_sec=35, tm_wday=5, tm_yday=337, tm_isdst=-1)",2022-12-03,2022,12,337,3,39,1,BUS02
2022-12-03 01:42:05,40.751541,-111.916801,1283.7,-9999.0,-9999.0,-9999.0,13.97,4.31,-1.58,56.37,3.0,2.0,1.28,26.0,880.1,0.0,4.2,2.12,20.3,835.9,149.6,-120.3,29.3,12.1,811.3,1.68,135.9,0.0,0,0,"time.struct_time(tm_year=2022, tm_mon=12, tm_mday=3, tm_hour=1, tm_min=42, tm_sec=5, tm_wday=5, tm_yday=337, tm_isdst=-1)",2022-12-03,2022,12,337,3,42,1,BUS02
2022-12-03 01:44:35,40.753708,-111.913849,1285.4,-9999.0,-9999.0,-9999.0,13.97,4.26,-1.85,58.11,5.0,2.0,1.0,27.0,880.2,0.0,1.6,2.1,20.3,835.8,69.2,40.9,110.1,12.1,811.4,1.68,135.8,0.0,0,0,"time.struct_time(tm_year=2022, tm_mon=12, tm_mday=3, tm_hour=1, tm_min=44, tm_sec=35, tm_wday=5, tm_yday=337, tm_isdst=-1)",2022-12-03,2022,12,337,3,44,1,BUS02
2022-12-03 01:47:05,40.754101,-111.915428,1288.2,-9999.0,-9999.0,-9999.0,13.97,4.28,-1.99,58.55,3.0,2.0,0.89,27.0,880.2,0.0,1.0,2.12,20.2,835.6,44.2,-13.0,31.2,12.0,811.3,1.68,136.2,0.0,0,0,"time.struct_time(tm_year=2022, tm_mon=12, tm_mday=3, tm_hour=1, tm_min=47, tm_sec=5, tm_wday=5, tm_yday=337, tm_isdst=-1)",2022-12-03,2022,12,337,3,47,1,BUS02
2022-12-03 01:49:35,40.760632,-111.90979,1297.2,-9999.0,-9999.0,-9999.0,13.96,4.28,-1.93,56.4,3.0,2.0,1.0,27.0,878.6,0.0,7.2,2.11,20.2,834.5,42.4,30.6,73.1,12.0,810.1,1.68,134.2,0.0,0,0,"time.struct_time(tm_year=2022, tm_mon=12, tm_mday=3, tm_hour=1, tm_min=49, tm_sec=35, tm_wday=5, tm_yday=337, tm_isdst=-1)",2022-12-03,2022,12,337,3,49,1,BUS02
2022-12-03 01:52:05,40.76062,-111.903015,1287.7,-9999.0,-9999.0,-9999.0,13.97,4.25,-1.58,54.84,4.0,2.0,0.89,27.0,880.0,0.0,2.7,2.11,20.1,836.0,23.1,33.0,56.1,11.9,811.3,1.68,136.4,0.0,0,0,"time.struct_time(tm_year=2022, tm_mon=12, tm_mday=3, tm_hour=1, tm_min=52, tm_sec=5, tm_wday=5, tm_yday=337, tm_isdst=-1)",2022-12-03,2022,12,337,3,52,1,BUS02
2022-12-03 01:54:35,40.76437,-111.902527,1299.4,-9999.0,-9999.0,-9999.0,13.97,4.25,-1.26,49.88,6.0,2.0,0.89,26.0,879.5,0.0,20.1,2.11,20.1,835.4,14.3,20.1,34.4,11.9,810.9,1.68,136.2,0.0,0,1,"time.struct_time(tm_year=2022, tm_mon=12, tm_mday=3, tm_hour=1, tm_min=54, tm_sec=35, tm_wday=5, tm_yday=337, tm_isdst=-1)",2022-12-03,2022,12,337,3,54,1,BUS02
2022-12-03 01:57:05,40.764576,-111.909615,1289.7,-9999.0,-9999.0,-9999.0,13.97,4.25,-1.1,51.82,3.0,2.0,0.89,27.0,880.3,0.0,-1.5,2.11,20.0,835.9,42.4,-56.8,-14.4,11.8,811.4,1.68,136.1,0.0,0,1,"time.struct_time(tm_year=2022, tm_mon=12, tm_mday=3, tm_hour=1, tm_min=57, tm_sec=5, tm_wday=5, tm_yday=337, tm_isdst=-1)",2022-12-03,2022,12,337,3,57,1,BUS02
2022-12-03 01:59:35,40.764122,-111.909698,1287.7,-9999.0,-9999.0,-9999.0,13.97,4.25,-1.14,51.57,4.0,2.0,0.78,26.0,880.1,0.0,3.2,2.1,20.0,835.6,-7.7,-147.6,-155.3,11.8,811.2,1.68,136.2,0.0,0,1,"time.struct_time(tm_year=2022, tm_mon=12, tm_mday=3, tm_hour=1, tm_min=59, tm_sec=35, tm_wday=5, tm_yday=337, tm_isdst=-1)",2022-12-03,2022,12,337,3,59,1,BUS02
2022-12-03 02:02:05,40.763725,-111.909561,1286.3,-9999.0,-9999.0,-9999.0,13.97,4.26,-1.14,52.74,3.0,2.0,0.78,26.0,880.0,0.0,6.2,2.11,19.9,835.7,-3.4,19.6,16.3,11.7,811.3,1.68,135.8,0.0,0,1,"time.struct_time(tm_year=2022, tm_mon=12, tm_mday=3, tm_hour=2, tm_min=2, tm_sec=5, tm_wday=5, tm_yday=337, tm_isdst=-1)",2022-12-03,2022,12,337,3,2,2,BUS02
2022-12-03 02:04:35,40.763721,-111.909561,1286.1,-9999.0,-9999.0,-9999.0,13.97,4.28,-1.08,53.48,3.0,2.0,0.72,26.0,880.2,0.0,1.5,2.1,19.9,835.7,-1.0,43.4,42.4,12.3,811.3,1.68,136.0,0.0,0,1,"time.struct_time(tm_year=2022, tm_mon=12, tm_mday=3, tm_hour=2, tm_min=4, tm_sec=35, tm_wday=5, tm_yday=337, tm_isdst=-1)",2022-12-03,2022,12,337,3,4,2,BUS02
2022-12-03 02:07:05,40.763721,-111.909561,1286.0,-9999.0,-9999.0,-9999.0,13.97,4.29,-0.95,54.05,4.0,2.0,0.72,26.0,880.0,0.0,3.4,2.1,19.9,835.9,1.3,47.3,48.6,12.2,811.4,1.68,136.2,0.0,0,1,"time.struct_time(tm_year=2022, tm_mon=12, tm_mday=3, tm_hour=2, tm_min=7, tm_sec=5, tm_wday=5, tm_yday=337, tm_isdst=-1)",2022-12-03,2022,12,337,3,7,2,BUS02
2022-12-03 02:09:35,40.763771,-111.90905,1287.1,-9999.0,-9999.0,-9999.0,13.99,4.29,-0.83,51.27,4.0,2.0,0.61,27.0,880.1,0.0,1.1,2.1,19.8,835.7,-0.3,-48.7,-49.0,12.2,811.2,1.69,136.6,0.0,0,1,"time.struct_time(tm_year=2022, tm_mon=12, tm_mday=3, tm_hour=2, tm_min=9, tm_sec=35, tm_wday=5, tm_yday=337, tm_isdst=-1)",2022-12-03,2022,12,337,3,9,2,BUS02
2022-12-03 02:12:05,40.764946,-111.905823,1292.6,-9999.0,-9999.0,-9999.0,13.97,4.26,-0.95,51.74,4.0,2.0,0.61,27.0,879.9,0.0,3.3,2.11,19.8,835.6,-71.6,85.7,14.1,12.2,811.3,1.68,136.5,0.0,0,1,"time.struct_time(tm_year=2022, tm_mon=12, tm_mday=3, tm_hour=2, tm_min=12, tm_sec=5, tm_wday=5, tm_yday=337, tm_isdst=-1)",2022-12-03,2022,12,337,3,12,2,BUS02
2022-12-03 02:14:35,40.764988,-111.898628,1306.0,-9999.0,-9999.0,-9999.0,13.97,4.22,-0.95,51.33,5.0,2.0,0.72,27.0,879.0,0.0,3.5,2.11,19.8,834.7,-25.8,81.3,55.6,12.2,810.2,1.68,136.1,0.0,0,1,"time.struct_time(tm_year=2022, tm_mon=12, tm_mday=3, tm_hour=2, tm_min=14, tm_sec=35, tm_wday=5, tm_yday=337, tm_isdst=-1)",2022-12-03,2022,12,337,3,14,2,BUS02
2022-12-03 02:17:05,40.765259,-111.8918,1326.3,-9999.0,-9999.0,-9999.0,13.97,4.19,-0.79,44.41,2.0,2.0,0.72,25.0,878.3,0.0,26.3,2.11,19.8,833.8,-54.9,44.8,-10.1,12.1,809.5,1.69,136.2,0.0,0,0,"time.struct_time(tm_year=2022, tm_mon=12, tm_mday=3, tm_hour=2, tm_min=17, tm_sec=5, tm_wday=5, tm_yday=337, tm_isdst=-1)",2022-12-03,2022,12,337,3,17,2,BUS02
2022-12-03 02:19:35,40.765038,-111.885742,1318.7,-9999.0,-9999.0,-9999.0,13.97,4.17,-0.69,43.67,2.0,2.0,0.89,24.0,878.4,0.0,25.1,2.11,19.7,834.1,-35.9,69.3,33.4,12.1,809.7,1.68,136.3,0.0,0,0,"time.struct_time(tm_year=2022, tm_mon=12, tm_mday=3, tm_hour=2, tm_min=19, tm_sec=35, tm_wday=5, tm_yday=337, tm_isdst=-1)",2022-12-03,2022,12,337,3,19,2,BUS02
2022-12-03 02:22:05,40.767181,-111.87561,1330.2,-9999.0,-9999.0,-9999.0,13.97,4.16,-0.99,49.03,3.0,2.0,1.0,25.0,876.1,0.0,8.6,2.11,19.7,831.8,38.3,90.6,129.0,12.1,807.4,1.69,132.7,0.0,0,0,"time.struct_time(tm_year=2022, tm_mon=12, tm_mday=3, tm_hour=2, tm_min=22, tm_sec=5, tm_wday=5, tm_yday=337, tm_isdst=-1)",2022-12-03,2022,12,337,3,22,2,BUS02
2022-12-03 02:24:35,40.76717,-111.866722,1344.5,-9999.0,-9999.0,-9999.0,13.97,4.14,-1.19,49.64,3.0,2.0,1.0,26.0,874.1,0.0,14.2,2.13,19.7,829.7,-49.5,-81.8,-131.3,12.1,805.5,1.68,135.8,0.0,0,0,"time.struct_time(tm_year=2022, tm_mon=12, tm_mday=3, tm_hour=2, tm_min=24, tm_sec=35, tm_wday=5, tm_yday=337, tm_isdst=-1)",2022-12-03,2022,12,337,3,24,2,BUS02
2022-12-03 02:27:05,40.764984,-111.8629,1354.6,-9999.0,-9999.0,-9999.0,13.96,4.13,-1.56,52.71,3.0,2.0,0.89,26.0,873.6,0.0,8.3,2.1,19.7,829.6,16.3,36.1,52.3,12.0,805.2,1.69,135.8,0.0,0,0,"time.struct_time(tm_year=2022, tm_mon=12, tm_mday=3, tm_hour=2, tm_min=27, tm_sec=5, tm_wday=5, tm_yday=337, tm_isdst=-1)",2022-12-03,2022,12,337,3,27,2,BUS02
2022-12-03 02:30:40,40.760651,-111.852875,1406.8,-9999.0,-9999.0,-9999.0,13.97,4.08,-1.78,49.76,3.0,2.0,0.89,25.0,867.6,0.0,19.4,2.14,19.7,823.6,5.0,83.0,87.9,12.0,799.7,1.67,136.8,0.0,0,0,"time.struct_time(tm_year=2022, tm_mon=12, tm_mday=3, tm_hour=2, tm_min=30, tm_sec=40, tm_wday=5, tm_yday=337, tm_isdst=-1)",2022-12-03,2022,12,337,3,30,2,BUS02
2022-12-03 02:33:10,40.75449,-111.853973,1385.4,-9999.0,-9999.0,-9999.0,13.97,4.06,-1.72,48.25,2.0,2.0,0.72,25.0,869.5,0.0,21.0,2.13,19.7,825.6,28.4,-0.6,27.8,12.0,801.5,1.67,135.9,0.0,0,0,"time.struct_time(tm_year=2022, tm_mon=12, tm_mday=3, tm_hour=2, tm_min=33, tm_sec=10, tm_wday=5, tm_yday=337, tm_isdst=-1)",2022-12-03,2022,12,337,3,33,2,BUS02
2022-12-03 02:35:40,40.749912,-111.859451,1337.0,-9999.0,-9999.0,-9999.0,13.97,4.04,-1.97,48.81,3.0,2.0,0.61,24.0,875.2,0.0,12.2,2.11,19.6,831.0,100.7,-68.1,32.6,11.9,806.8,1.67,136.4,0.0,0,0,"time.struct_time(tm_year=2022, tm_mon=12, tm_mday=3, tm_hour=2, tm_min=35, tm_sec=40, tm_wday=5, tm_yday=337, tm_isdst=-1)",2022-12-03,2022,12,337,3,35,2,BUS02
2022-12-03 02:38:10,40.737759,-111.859673,1323.4,-9999.0,-9999.0,-9999.0,13.97,3.99,-2.07,49.44,2.0,2.0,0.61,25.0,876.8,0.0,22.7,2.11,19.6,832.8,36.3,43.9,80.2,11.9,808.1,1.67,135.2,0.0,0,0,"time.struct_time(tm_year=2022, tm_mon=12, tm_mday=3, tm_hour=2, tm_min=38, tm_sec=10, tm_wday=5, tm_yday=337, tm_isdst=-1)",2022-12-03,2022,12,337,3,38,2,BUS02
2022-12-03 02:40:40,40.723846,-111.859428,1332.9,-9999.0,-9999.0,-9999.0,13.97,3.91,-2.07,49.74,3.0,2.0,0.61,24.0,876.0,0.0,26.3,2.11,19.6,831.5,-10.3,-35.0,-45.3,11.9,807.2,1.67,137.5,0.0,0,0,"time.struct_time(tm_year=2022, tm_mon=12, tm_mday=3, tm_hour=2, tm_min=40, tm_sec=40, tm_wday=5, tm_yday=337, tm_isdst=-1)",2022-12-03,2022,12,337,3,40,2,BUS02
2022-12-03 02:43:10,40.713112,-111.855507,1351.1,-9999.0,-9999.0,-9999.0,13.97,3.84,-2.15,56.17,9.0,2.0,0.61,26.0,874.5,0.0,6.0,2.11,19.6,830.6,27.4,33.1,60.5,11.8,806.2,1.68,136.7,0.0,0,0,"time.struct_time(tm_year=2022, tm_mon=12, tm_mday=3, tm_hour=2, tm_min=43, tm_sec=10, tm_wday=5, tm_yday=337, tm_isdst=-1)",2022-12-03,2022,12,337,3,43,2,BUS02
2022-12-03 02:45:40,40.700623,-111.851067,1357.1,-9999.0,-9999.0,-9999.0,13.97,3.78,-2.35,50.57,3.0,2.0,0.39,25.0,873.8,0.0,22.6,2.12,19.5,829.6,-18.3,138.3,120.0,11.8,805.3,1.67,137.1,0.0,0,0,"time.struct_time(tm_year=2022, tm_mon=12, tm_mday=3, tm_hour=2, tm_min=45, tm_sec=40, tm_wday=5, tm_yday=337, tm_isdst=-1)",2022-12-03,2022,12,337,3,45,2,BUS02
2022-12-03 02:48:10,40.693478,-111.848526,1354.3,-9999.0,-9999.0,-9999.0,13.97,3.73,-2.45,51.1,3.0,2.0,0.28,25.0,874.0,0.0,26.3,2.14,19.5,830.0,53.6,15.2,68.9,11.8,805.5,1.67,137.7,0.0,0,0,"time.struct_time(tm_year=2022, tm_mon=12, tm_mday=3, tm_hour=2, tm_min=48, tm_sec=10, tm_wday=5, tm_yday=337, tm_isdst=-1)",2022-12-03,2022,12,337,3,48,2,BUS02
2022-12-03 02:50:40,40.68343,-111.843941,1341.4,-9999.0,-9999.0,-9999.0,13.97,3.66,-2.45,50.13,2.0,2.0,0.28,25.0,876.0,0.0,29.3,2.11,19.5,831.6,-11.8,25.1,13.3,11.7,807.3,1.67,136.8,0.0,0,0,"time.struct_time(tm_year=2022, tm_mon=12, tm_mday=3, tm_hour=2, tm_min=50, tm_sec=40, tm_wday=5, tm_yday=337, tm_isdst=-1)",2022-12-03,2022,12,337,3,50,2,BUS02
2022-12-03 02:53:10,40.68343,-111.843941,1341.3,-9999.0,-9999.0,-9999.0,13.97,3.63,-2.62,50.79,1.0,2.0,0.22,25.0,876.0,0.0,33.7,2.11,19.4,831.5,-5.7,15.1,9.4,11.7,807.4,1.67,136.9,0.0,0,0,"time.struct_time(tm_year=2022, tm_mon=12, tm_mday=3, tm_hour=2, tm_min=53, tm_sec=10, tm_wday=5, tm_yday=337, tm_isdst=-1)",2022-12-03,2022,12,337,3,53,2,BUS02
2022-12-03 02:55:40,40.676235,-111.842361,1340.7,-9999.0,-9999.0,-9999.0,13.97,3.64,-2.57,51.01,3.0,2.0,0.11,25.0,875.4,0.0,30.6,2.12,19.4,831.4,41.0,-118.2,-77.2,11.6,807.0,1.67,136.8,0.0,0,0,"time.struct_time(tm_year=2022, tm_mon=12, tm_mday=3, tm_hour=2, tm_min=55, tm_sec=40, tm_wday=5, tm_yday=337, tm_isdst=-1)",2022-12-03,2022,12,337,3,55,2,BUS02
2022-12-03 02:58:10,40.670696,-111.840569,1344.0,-9999.0,-9999.0,-9999.0,13.97,3.6,-2.53,55.79,3.0,2.0,0.11,26.0,875.0,0.0,20.3,2.12,19.3,831.1,-38.9,2.0,-36.9,11.6,806.6,1.67,138.1,0.0,0,0,"time.struct_time(tm_year=2022, tm_mon=12, tm_mday=3, tm_hour=2, tm_min=58, tm_sec=10, tm_wday=5, tm_yday=337, tm_isdst=-1)",2022-12-03,2022,12,337,3,58,2,BUS02
2022-12-03 03:00:40,40.662018,-111.837128,1338.6,-9999.0,-9999.0,-9999.0,14.01,3.55,-2.58,62.89,4.0,2.0,0.22,28.0,875.7,0.0,1.1,2.11,19.3,831.5,-83.5,65.8,-17.6,11.6,807.3,1.67,137.3,0.0,0,0,"time.struct_time(tm_year=2022, tm_mon=12, tm_mday=3, tm_hour=3, tm_min=0, tm_sec=40, tm_wday=5, tm_yday=337, tm_isdst=-1)",2022-12-03,2022,12,337,3,0,3,BUS02
2022-12-03 03:03:10,40.646751,-111.835045,1349.7,-9999.0,-9999.0,-9999.0,14.01,3.47,-3.1,65.24,7.0,2.0,0.11,29.0,874.0,0.0,-1.0,2.12,19.3,829.8,42.7,166.5,209.2,11.5,805.7,1.67,138.8,0.0,0,0,"time.struct_time(tm_year=2022, tm_mon=12, tm_mday=3, tm_hour=3, tm_min=3, tm_sec=10, tm_wday=5, tm_yday=337, tm_isdst=-1)",2022-12-03,2022,12,337,3,3,3,BUS02
2022-12-03 03:05:40,40.628124,-111.834137,1375.2,-9999.0,-9999.0,-9999.0,14.0,3.34,-3.28,66.45,13.0,2.0,0.11,30.0,871.4,0.0,-1.0,2.13,19.2,827.5,13.4,81.5,94.9,11.5,803.2,1.68,134.6,0.0,0,0,"time.struct_time(tm_year=2022, tm_mon=12, tm_mday=3, tm_hour=3, tm_min=5, tm_sec=40, tm_wday=5, tm_yday=337, tm_isdst=-1)",2022-12-03,2022,12,337,3,5,3,BUS02
2022-12-03 03:08:10,40.616314,-111.834259,1427.5,-9999.0,-9999.0,-9999.0,14.0,3.22,-3.1,59.35,7.0,2.0,0.0,29.0,866.1,0.0,9.8,2.13,19.2,822.3,223.6,23.2,246.7,11.4,798.0,1.68,135.9,0.0,0,0,"time.struct_time(tm_year=2022, tm_mon=12, tm_mday=3, tm_hour=3, tm_min=8, tm_sec=10, tm_wday=5, tm_yday=337, tm_isdst=-1)",2022-12-03,2022,12,337,3,8,3,BUS02
2022-12-03 03:10:40,40.59359,-111.832527,1449.7,-9999.0,-9999.0,-9999.0,14.0,3.1,-3.38,56.22,4.0,2.0,0.11,27.0,863.4,0.0,17.3,2.15,19.1,819.3,30.6,30.3,60.9,11.4,795.7,1.68,137.2,0.0,0,0,"time.struct_time(tm_year=2022, tm_mon=12, tm_mday=3, tm_hour=3, tm_min=10, tm_sec=40, tm_wday=5, tm_yday=337, tm_isdst=-1)",2022-12-03,2022,12,337,3,10,3,BUS02
2022-12-03 03:13:10,40.578735,-111.832489,1474.8,-9999.0,-9999.0,-9999.0,14.0,2.96,-3.7,56.85,3.0,2.0,-0.11,26.0,861.1,0.0,10.8,2.15,19.1,817.4,-3.2,40.5,37.4,11.3,793.6,1.67,135.6,0.0,0,0,"time.struct_time(tm_year=2022, tm_mon=12, tm_mday=3, tm_hour=3, tm_min=13, tm_sec=10, tm_wday=5, tm_yday=337, tm_isdst=-1)",2022-12-03,2022,12,337,3,13,3,BUS02
2022-12-03 03:15:40,40.578846,-111.83313,1472.8,-9999.0,-9999.0,-9999.0,14.0,2.89,-4.09,57.15,3.0,2.0,-0.61,26.0,861.1,0.0,11.2,2.13,19.0,817.5,4.4,27.9,32.3,11.3,793.6,1.67,135.4,0.0,0,0,"time.struct_time(tm_year=2022, tm_mon=12, tm_mday=3, tm_hour=3, tm_min=15, tm_sec=40, tm_wday=5, tm_yday=337, tm_isdst=-1)",2022-12-03,2022,12,337,3,15,3,BUS02
2022-12-03 03:18:10,40.57885,-111.833122,1472.6,-9999.0,-9999.0,-9999.0,14.0,2.89,-4.23,57.7,3.0,2.0,-0.78,25.0,861.0,0.0,10.5,2.15,19.0,817.6,0.1,26.4,26.5,11.2,793.6,1.67,135.6,0.0,0,0,"time.struct_time(tm_year=2022, tm_mon=12, tm_mday=3, tm_hour=3, tm_min=18, tm_sec=10, tm_wday=5, tm_yday=337, tm_isdst=-1)",2022-12-03,2022,12,337,3,18,3,BUS02
2022-12-03 03:20:40,40.578854,-111.833122,1472.2,-9999.0,-9999.0,-9999.0,14.0,2.88,-4.49,58.53,8.0,2.0,-1.0,26.0,861.2,0.0,13.6,2.13,18.9,817.5,1.6,30.5,32.1,11.2,793.7,1.67,135.6,0.0,0,0,"time.struct_time(tm_year=2022, tm_mon=12, tm_mday=3, tm_hour=3, tm_min=20, tm_sec=40, tm_wday=5, tm_yday=337, tm_isdst=-1)",2022-12-03,2022,12,337,3,20,3,BUS02
2022-12-03 03:23:10,40.578854,-111.833122,1471.8,-9999.0,-9999.0,-9999.0,14.0,2.87,-4.9,60.34,3.0,2.0,-1.22,26.0,861.2,0.0,7.6,2.15,18.8,817.7,-5.2,38.5,33.2,11.1,793.7,1.67,135.6,0.0,0,0,"time.struct_time(tm_year=2022, tm_mon=12, tm_mday=3, tm_hour=3, tm_min=23, tm_sec=10, tm_wday=5, tm_yday=337, tm_isdst=-1)",2022-12-03,2022,12,337,3,23,3,BUS02
2022-12-03 03:25:40,40.578854,-111.833122,1471.4,-9999.0,-9999.0,-9999.0,14.02,2.85,-5.26,62.38,3.0,2.0,-1.39,25.0,861.2,0.0,17.8,2.15,18.8,817.5,-9.7,39.8,30.1,11.1,793.7,1.67,135.5,0.0,0,0,"time.struct_time(tm_year=2022, tm_mon=12, tm_mday=3, tm_hour=3, tm_min=25, tm_sec=40, tm_wday=5, tm_yday=337, tm_isdst=-1)",2022-12-03,2022,12,337,3,25,3,BUS02
2022-12-03 03:28:10,40.578857,-111.833122,1471.1,-9999.0,-9999.0,-9999.0,14.0,2.81,-5.2,61.86,3.0,2.0,-1.5,26.0,861.4,0.0,13.7,2.15,18.7,817.5,-7.6,27.0,19.4,11.0,793.7,1.67,135.7,0.0,0,0,"time.struct_time(tm_year=2022, tm_mon=12, tm_mday=3, tm_hour=3, tm_min=28, tm_sec=10, tm_wday=5, tm_yday=337, tm_isdst=-1)",2022-12-03,2022,12,337,3,28,3,BUS02
2022-12-03 03:31:45,40.578861,-111.833115,1470.7,-9999.0,-9999.0,-9999.0,14.0,2.74,-5.54,63.53,3.0,2.0,-1.72,26.0,861.3,0.0,14.0,2.13,18.7,817.3,-6.3,39.4,33.2,10.9,793.6,1.7,134.4,0.0,0,0,"time.struct_time(tm_year=2022, tm_mon=12, tm_mday=3, tm_hour=3, tm_min=31, tm_sec=45, tm_wday=5, tm_yday=337, tm_isdst=-1)",2022-12-03,2022,12,337,3,31,3,BUS02
2022-12-03 03:34:15,40.578861,-111.833115,1470.7,-9999.0,-9999.0,-9999.0,14.0,2.69,-5.58,62.64,3.0,2.0,-1.78,26.0,861.1,0.0,13.7,2.13,18.6,817.4,-4.4,34.3,29.9,10.9,793.6,1.7,134.4,0.0,0,0,"time.struct_time(tm_year=2022, tm_mon=12, tm_mday=3, tm_hour=3, tm_min=34, tm_sec=15, tm_wday=5, tm_yday=337, tm_isdst=-1)",2022-12-03,2022,12,337,3,34,3,BUS02
2022-12-03 03:36:45,40.578869,-111.833115,1470.4,-9999.0,-9999.0,-9999.0,14.0,2.65,-5.71,63.77,4.0,2.0,-1.89,26.0,861.1,0.0,12.4,2.14,18.6,817.8,-4.9,30.7,25.8,10.8,793.6,1.7,134.4,0.0,0,0,"time.struct_time(tm_year=2022, tm_mon=12, tm_mday=3, tm_hour=3, tm_min=36, tm_sec=45, tm_wday=5, tm_yday=337, tm_isdst=-1)",2022-12-03,2022,12,337,3,36,3,BUS02
2022-12-03 03:39:15,40.578869,-111.833115,1469.9,-9999.0,-9999.0,-9999.0,14.0,2.6,-5.71,63.85,3.0,2.0,-2.0,26.0,861.3,0.0,13.1,2.14,18.5,817.5,-1.7,28.6,27.0,10.8,793.7,1.7,134.3,0.0,0,0,"time.struct_time(tm_year=2022, tm_mon=12, tm_mday=3, tm_hour=3, tm_min=39, tm_sec=15, tm_wday=5, tm_yday=337, tm_isdst=-1)",2022-12-03,2022,12,337,3,39,3,BUS02
2022-12-03 03:41:45,40.578873,-111.833115,1469.5,-9999.0,-9999.0,-9999.0,14.0,2.55,-5.67,64.64,4.0,2.0,-2.0,26.0,861.3,0.0,9.2,2.14,18.5,817.5,-8.2,33.3,25.2,10.7,793.6,1.69,134.4,0.0,0,0,"time.struct_time(tm_year=2022, tm_mon=12, tm_mday=3, tm_hour=3, tm_min=41, tm_sec=45, tm_wday=5, tm_yday=337, tm_isdst=-1)",2022-12-03,2022,12,337,3,41,3,BUS02
2022-12-03 03:44:15,40.578876,-111.833115,1469.2,-9999.0,-9999.0,-9999.0,14.0,2.51,-5.46,65.14,4.0,2.0,-2.0,26.0,861.3,0.0,12.2,2.13,18.4,817.4,-3.7,33.4,29.7,10.7,793.6,1.7,134.3,0.0,0,0,"time.struct_time(tm_year=2022, tm_mon=12, tm_mday=3, tm_hour=3, tm_min=44, tm_sec=15, tm_wday=5, tm_yday=337, tm_isdst=-1)",2022-12-03,2022,12,337,3,44,3,BUS02
2022-12-03 03:46:45,40.578876,-111.833115,1468.9,-9999.0,-9999.0,-9999.0,14.0,2.47,-5.4,62.54,4.0,2.0,-2.0,26.0,861.1,0.0,11.0,2.14,18.4,817.7,-4.5,33.5,29.0,10.7,793.7,1.69,134.4,0.0,0,0,"time.struct_time(tm_year=2022, tm_mon=12, tm_mday=3, tm_hour=3, tm_min=46, tm_sec=45, tm_wday=5, tm_yday=337, tm_isdst=-1)",2022-12-03,2022,12,337,3,46,3,BUS02
2022-12-03 03:49:15,40.57888,-111.833115,1468.5,-9999.0,-9999.0,-9999.0,14.0,2.43,-5.55,62.92,4.0,2.0,-2.0,26.0,861.1,0.0,12.2,2.12,18.4,817.7,-4.2,37.0,32.8,10.6,793.7,1.69,134.3,0.0,0,0,"time.struct_time(tm_year=2022, tm_mon=12, tm_mday=3, tm_hour=3, tm_min=49, tm_sec=15, tm_wday=5, tm_yday=337, tm_isdst=-1)",2022-12-03,2022,12,337,3,49,3,BUS02
2022-12-03 03:51:45,40.57888,-111.833107,1468.2,-9999.0,-9999.0,-9999.0,14.0,2.39,-5.72,63.87,5.0,2.0,-2.0,26.0,861.1,0.0,10.8,2.12,18.3,817.5,-6.1,35.4,29.3,10.6,793.7,1.69,134.3,0.0,0,0,"time.struct_time(tm_year=2022, tm_mon=12, tm_mday=3, tm_hour=3, tm_min=51, tm_sec=45, tm_wday=5, tm_yday=337, tm_isdst=-1)",2022-12-03,2022,12,337,3,51,3,BUS02
2022-12-03 03:54:15,40.578876,-111.833107,1467.8,-9999.0,-9999.0,-9999.0,14.0,2.36,-5.89,65.13,5.0,2.0,-2.0,26.0,861.0,0.0,9.0,2.13,18.3,817.5,-6.4,29.6,23.2,10.5,793.7,1.69,134.1,0.0,0,0,"time.struct_time(tm_year=2022, tm_mon=12, tm_mday=3, tm_hour=3, tm_min=54, tm_sec=15, tm_wday=5, tm_yday=337, tm_isdst=-1)",2022-12-03,2022,12,337,3,54,3,BUS02
2022-12-03 03:56:45,40.578876,-111.833099,1467.3,-9999.0,-9999.0,-9999.0,14.0,2.33,-5.75,64.02,6.0,2.0,-2.0,26.0,861.0,0.0,8.5,2.14,18.3,817.6,2.3,29.5,31.7,10.5,793.7,1.69,134.2,0.0,0,0,"time.struct_time(tm_year=2022, tm_mon=12, tm_mday=3, tm_hour=3, tm_min=56, tm_sec=45, tm_wday=5, tm_yday=337, tm_isdst=-1)",2022-12-03,2022,12,337,3,56,3,BUS02
2022-12-03 03:59:15,40.578873,-111.833099,1467.0,-9999.0,-9999.0,-9999.0,14.0,2.29,-5.99,64.01,4.0,2.0,-2.0,26.0,861.0,0.0,11.7,2.14,18.3,817.5,1.9,32.8,34.7,10.5,793.7,1.69,134.2,0.0,0,0,"time.struct_time(tm_year=2022, tm_mon=12, tm_mday=3, tm_hour=3, tm_min=59, tm_sec=15, tm_wday=5, tm_yday=337, tm_isdst=-1)",2022-12-03,2022,12,337,3,59,3,BUS02
2022-12-03 04:01:45,40.578869,-111.833099,1466.8,-9999.0,-9999.0,-9999.0,14.0,2.27,-6.15,64.62,5.0,2.0,-2.0,26.0,861.2,0.0,13.9,2.13,18.2,817.2,-1.2,32.1,31.0,10.4,793.8,1.69,134.1,0.0,0,0,"time.struct_time(tm_year=2022, tm_mon=12, tm_mday=3, tm_hour=4, tm_min=1, tm_sec=45, tm_wday=5, tm_yday=337, tm_isdst=-1)",2022-12-03,2022,12,337,3,1,4,BUS02
2022-12-03 04:04:15,40.580357,-111.833916,1460.4,-9999.0,-9999.0,-9999.0,14.0,2.23,-5.89,65.1,6.0,2.0,-1.89,26.0,861.6,0.0,9.1,2.13,18.2,817.8,-18.9,42.2,23.3,10.4,794.0,1.69,134.4,0.0,0,0,"time.struct_time(tm_year=2022, tm_mon=12, tm_mday=3, tm_hour=4, tm_min=4, tm_sec=15, tm_wday=5, tm_yday=337, tm_isdst=-1)",2022-12-03,2022,12,337,3,4,4,BUS02
2022-12-03 04:06:45,40.60078,-111.832184,1415.4,-9999.0,-9999.0,-9999.0,14.0,2.15,-5.02,59.82,11.0,2.0,-1.61,27.0,865.9,0.0,20.4,2.12,18.2,821.8,-29.1,29.8,0.7,10.4,798.5,1.69,133.5,0.0,0,0,"time.struct_time(tm_year=2022, tm_mon=12, tm_mday=3, tm_hour=4, tm_min=6, tm_sec=45, tm_wday=5, tm_yday=337, tm_isdst=-1)",2022-12-03,2022,12,337,3,6,4,BUS02
2022-12-03 04:09:15,40.621487,-111.834221,1380.0,-9999.0,-9999.0,-9999.0,14.0,2.0,-4.67,62.99,6.0,2.0,-1.39,28.0,869.4,0.0,5.8,2.11,18.2,825.7,17.0,-6.6,10.4,10.3,801.7,1.69,135.2,0.0,0,0,"time.struct_time(tm_year=2022, tm_mon=12, tm_mday=3, tm_hour=4, tm_min=9, tm_sec=15, tm_wday=5, tm_yday=337, tm_isdst=-1)",2022-12-03,2022,12,337,3,9,4,BUS02
2022-12-03 04:11:45,40.637032,-111.83416,1344.4,-9999.0,-9999.0,-9999.0,14.0,1.89,-4.3,65.62,5.0,2.0,-1.39,29.0,873.3,0.0,2.1,2.1,18.1,829.3,119.5,-101.2,18.3,10.3,805.0,1.69,135.7,0.0,0,0,"time.struct_time(tm_year=2022, tm_mon=12, tm_mday=3, tm_hour=4, tm_min=11, tm_sec=45, tm_wday=5, tm_yday=337, tm_isdst=-1)",2022-12-03,2022,12,337,3,11,4,BUS02
2022-12-03 04:14:15,40.655228,-111.834785,1325.7,-9999.0,-9999.0,-9999.0,14.0,1.79,-4.43,66.09,3.0,2.0,-1.28,30.0,875.1,0.0,0.4,2.11,18.1,831.0,-1.7,125.4,123.7,10.3,806.8,1.69,134.8,0.0,0,0,"time.struct_time(tm_year=2022, tm_mon=12, tm_mday=3, tm_hour=4, tm_min=14, tm_sec=15, tm_wday=5, tm_yday=337, tm_isdst=-1)",2022-12-03,2022,12,337,3,14,4,BUS02
2022-12-03 04:16:45,40.673,-111.841064,1331.0,-9999.0,-9999.0,-9999.0,14.04,1.7,-4.62,64.68,1.0,2.0,-1.39,29.0,875.4,0.0,24.5,2.1,18.0,831.9,13.7,10.1,23.8,10.2,807.1,1.69,136.0,0.0,0,0,"time.struct_time(tm_year=2022, tm_mon=12, tm_mday=3, tm_hour=4, tm_min=16, tm_sec=45, tm_wday=5, tm_yday=337, tm_isdst=-1)",2022-12-03,2022,12,337,3,16,4,BUS02
2022-12-03 04:19:15,40.688583,-111.845589,1335.8,-9999.0,-9999.0,-9999.0,14.04,1.61,-3.91,53.4,3.0,2.0,-1.39,26.0,875.3,0.0,27.4,2.1,17.9,831.5,42.3,-1.7,40.5,10.2,807.0,1.69,134.8,0.0,0,0,"time.struct_time(tm_year=2022, tm_mon=12, tm_mday=3, tm_hour=4, tm_min=19, tm_sec=15, tm_wday=5, tm_yday=337, tm_isdst=-1)",2022-12-03,2022,12,337,3,19,4,BUS02
2022-12-03 04:21:45,40.701622,-111.851349,1348.4,-9999.0,-9999.0,-9999.0,14.04,1.58,-3.67,51.41,3.0,2.0,-1.28,26.0,873.9,0.0,24.5,2.1,17.9,830.2,43.8,-51.9,-8.1,10.1,805.8,1.69,138.1,0.0,0,0,"time.struct_time(tm_year=2022, tm_mon=12, tm_mday=3, tm_hour=4, tm_min=21, tm_sec=45, tm_wday=5, tm_yday=337, tm_isdst=-1)",2022-12-03,2022,12,337,3,21,4,BUS02
2022-12-03 04:24:15,40.72081,-111.857895,1331.4,-9999.0,-9999.0,-9999.0,14.04,1.55,-3.84,58.36,3.0,2.0,-1.11,28.0,875.5,0.0,5.4,2.09,17.8,831.9,75.2,-5.6,69.7,10.1,807.4,1.69,136.4,0.0,0,0,"time.struct_time(tm_year=2022, tm_mon=12, tm_mday=3, tm_hour=4, tm_min=24, tm_sec=15, tm_wday=5, tm_yday=337, tm_isdst=-1)",2022-12-03,2022,12,337,3,24,4,BUS02
2022-12-03 04:26:45,40.727211,-111.859695,1331.8,-9999.0,-9999.0,-9999.0,14.04,1.53,-3.69,51.64,2.0,2.0,-1.5,27.0,876.2,0.0,32.3,2.1,17.8,832.9,201.8,9.1,210.9,10.0,808.2,1.69,134.2,0.0,0,0,"time.struct_time(tm_year=2022, tm_mon=12, tm_mday=3, tm_hour=4, tm_min=26, tm_sec=45, tm_wday=5, tm_yday=337, tm_isdst=-1)",2022-12-03,2022,12,337,3,26,4,BUS02
2022-12-03 04:29:15,40.736076,-111.859604,1315.5,-9999.0,-9999.0,-9999.0,14.04,1.54,-3.44,50.31,2.0,2.0,-1.61,26.0,877.2,0.0,33.7,2.08,17.7,833.1,50.0,41.3,91.3,10.0,808.8,1.69,137.0,0.0,0,0,"time.struct_time(tm_year=2022, tm_mon=12, tm_mday=3, tm_hour=4, tm_min=29, tm_sec=15, tm_wday=5, tm_yday=337, tm_isdst=-1)",2022-12-03,2022,12,337,3,29,4,BUS02
2022-12-03 04:32:50,40.753147,-111.853844,1381.6,-9999.0,-9999.0,-9999.0,14.04,1.54,-3.39,48.39,1.0,2.0,-1.28,26.0,870.3,0.0,34.1,2.1,17.7,827.1,151.6,-12.1,139.5,9.9,802.6,1.68,134.7,0.0,0,0,"time.struct_time(tm_year=2022, tm_mon=12, tm_mday=3, tm_hour=4, tm_min=32, tm_sec=50, tm_wday=5, tm_yday=337, tm_isdst=-1)",2022-12-03,2022,12,337,3,32,4,BUS02
2022-12-03 04:35:20,40.764214,-111.852333,1412.3,-9999.0,-9999.0,-9999.0,14.04,1.53,-3.32,50.63,1.0,2.0,-1.28,27.0,867.6,0.0,29.7,2.1,17.6,823.9,-20.2,2.7,-17.5,9.9,799.9,1.69,134.9,0.0,0,0,"time.struct_time(tm_year=2022, tm_mon=12, tm_mday=3, tm_hour=4, tm_min=35, tm_sec=20, tm_wday=5, tm_yday=337, tm_isdst=-1)",2022-12-03,2022,12,337,3,35,4,BUS02
2022-12-03 04:37:50,40.767216,-111.863945,1356.9,-9999.0,-9999.0,-9999.0,14.04,1.54,-3.31,58.13,2.0,2.0,-1.28,28.0,873.5,0.0,9.2,2.1,17.6,829.9,131.1,59.0,190.1,9.8,805.5,1.69,135.1,0.0,0,0,"time.struct_time(tm_year=2022, tm_mon=12, tm_mday=3, tm_hour=4, tm_min=37, tm_sec=50, tm_wday=5, tm_yday=337, tm_isdst=-1)",2022-12-03,2022,12,337,3,37,4,BUS02
2022-12-03 04:40:20,40.767223,-111.878815,1316.6,-9999.0,-9999.0,-9999.0,14.04,1.55,-3.44,59.54,3.0,2.0,-1.28,29.0,877.2,0.0,7.0,2.09,17.5,833.3,66.6,20.8,87.4,9.8,808.8,1.68,136.7,0.0,0,0,"time.struct_time(tm_year=2022, tm_mon=12, tm_mday=3, tm_hour=4, tm_min=40, tm_sec=20, tm_wday=5, tm_yday=337, tm_isdst=-1)",2022-12-03,2022,12,337,3,40,4,BUS02
2022-12-03 04:42:50,40.764984,-111.886253,1294.9,-9999.0,-9999.0,-9999.0,14.04,1.55,-3.39,51.06,5.0,2.0,-1.28,27.0,878.9,0.0,22.8,2.09,17.5,834.9,-220.9,30.2,-190.7,9.7,810.3,1.68,137.2,0.0,0,0,"time.struct_time(tm_year=2022, tm_mon=12, tm_mday=3, tm_hour=4, tm_min=42, tm_sec=50, tm_wday=5, tm_yday=337, tm_isdst=-1)",2022-12-03,2022,12,337,3,42,4,BUS02
2022-12-03 04:45:20,40.764996,-111.893372,1306.7,-9999.0,-9999.0,-9999.0,14.04,1.57,-2.92,55.8,4.0,2.0,-1.39,29.0,878.4,0.0,-0.2,2.08,17.5,834.5,124.1,35.9,160.0,9.7,810.2,1.69,136.0,0.0,0,0,"time.struct_time(tm_year=2022, tm_mon=12, tm_mday=3, tm_hour=4, tm_min=45, tm_sec=20, tm_wday=5, tm_yday=337, tm_isdst=-1)",2022-12-03,2022,12,337,3,45,4,BUS02
2022-12-03 04:47:50,40.765041,-111.901993,1293.9,-9999.0,-9999.0,-9999.0,14.04,1.6,-2.7,57.54,6.0,2.0,-1.28,30.0,880.1,0.0,-2.7,2.08,17.5,836.5,223.1,21.4,244.5,9.7,811.7,1.68,136.1,0.0,0,0,"time.struct_time(tm_year=2022, tm_mon=12, tm_mday=3, tm_hour=4, tm_min=47, tm_sec=50, tm_wday=5, tm_yday=337, tm_isdst=-1)",2022-12-03,2022,12,337,3,47,4,BUS02
2022-12-03 04:50:20,40.765068,-111.906258,1290.7,-9999.0,-9999.0,-9999.0,14.04,1.65,-2.66,57.61,7.0,2.0,-1.22,30.0,880.8,0.0,-1.6,2.08,17.4,836.6,61.8,43.6,105.3,9.6,812.1,1.68,137.8,0.0,0,1,"time.struct_time(tm_year=2022, tm_mon=12, tm_mday=3, tm_hour=4, tm_min=50, tm_sec=20, tm_wday=5, tm_yday=337, tm_isdst=-1)",2022-12-03,2022,12,337,3,50,4,BUS02
2022-12-03 04:52:50,40.765797,-111.908966,1288.0,-9999.0,-9999.0,-9999.0,14.04,1.69,-2.66,60.09,6.0,2.0,-1.11,31.0,881.0,0.0,3.1,2.08,17.4,837.3,30.3,70.9,101.1,9.6,812.4,1.68,136.0,0.0,0,1,"time.struct_time(tm_year=2022, tm_mon=12, tm_mday=3, tm_hour=4, tm_min=52, tm_sec=50, tm_wday=5, tm_yday=337, tm_isdst=-1)",2022-12-03,2022,12,337,3,52,4,BUS02
2022-12-03 04:55:20,40.765694,-111.90995,1290.7,-9999.0,-9999.0,-9999.0,14.04,1.75,-2.67,61.47,5.0,2.0,-1.11,32.0,881.1,0.0,1.8,2.08,17.4,836.9,25.7,48.5,74.2,9.6,812.4,1.68,136.1,0.0,0,1,"time.struct_time(tm_year=2022, tm_mon=12, tm_mday=3, tm_hour=4, tm_min=55, tm_sec=20, tm_wday=5, tm_yday=337, tm_isdst=-1)",2022-12-03,2022,12,337,3,55,4,BUS02
2022-12-03 04:57:50,40.765694,-111.90995,1290.7,-9999.0,-9999.0,-9999.0,14.04,1.8,-2.58,61.87,6.0,2.0,-1.0,33.0,881.0,0.0,-1.1,2.08,17.4,836.9,40.7,48.4,89.1,9.6,812.4,1.68,136.1,0.0,0,1,"time.struct_time(tm_year=2022, tm_mon=12, tm_mday=3, tm_hour=4, tm_min=57, tm_sec=50, tm_wday=5, tm_yday=337, tm_isdst=-1)",2022-12-03,2022,12,337,3,57,4,BUS02
2022-12-03 05:00:20,40.765717,-111.909927,1289.4,-9999.0,-9999.0,-9999.0,14.04,1.87,-2.41,60.57,7.0,2.0,-0.89,33.0,881.0,0.0,0.2,2.07,17.4,837.1,44.9,50.6,95.5,9.6,812.4,1.68,136.8,0.0,0,1,"time.struct_time(tm_year=2022, tm_mon=12, tm_mday=3, tm_hour=5, tm_min=0, tm_sec=20, tm_wday=5, tm_yday=337, tm_isdst=-1)",2022-12-03,2022,12,337,3,0,5,BUS02
2022-12-03 05:02:50,40.765724,-111.909889,1290.6,-9999.0,-9999.0,-9999.0,14.04,1.95,-2.21,59.93,6.0,2.0,-0.61,33.0,881.0,0.0,1.3,2.09,17.4,836.8,48.7,50.1,98.8,9.6,812.5,1.68,136.3,0.0,0,1,"time.struct_time(tm_year=2022, tm_mon=12, tm_mday=3, tm_hour=5, tm_min=2, tm_sec=50, tm_wday=5, tm_yday=337, tm_isdst=-1)",2022-12-03,2022,12,337,3,2,5,BUS02
2022-12-03 05:05:20,40.765732,-111.909859,1290.1,-9999.0,-9999.0,-9999.0,14.04,2.04,-1.95,59.28,6.0,2.0,-0.39,33.0,881.0,0.0,-1.7,2.08,17.5,837.0,53.7,52.8,106.5,9.5,812.5,1.68,136.2,0.0,0,1,"time.struct_time(tm_year=2022, tm_mon=12, tm_mday=3, tm_hour=5, tm_min=5, tm_sec=20, tm_wday=5, tm_yday=337, tm_isdst=-1)",2022-12-03,2022,12,337,3,5,5,BUS02
2022-12-03 05:07:50,40.765732,-111.909843,1289.8,-9999.0,-9999.0,-9999.0,14.04,2.14,-1.6,57.87,6.0,2.0,-0.22,33.0,881.1,0.0,2.6,2.06,17.5,837.1,60.5,50.1,110.6,9.5,812.5,1.68,136.3,0.0,0,1,"time.struct_time(tm_year=2022, tm_mon=12, tm_mday=3, tm_hour=5, tm_min=7, tm_sec=50, tm_wday=5, tm_yday=337, tm_isdst=-1)",2022-12-03,2022,12,337,3,7,5,BUS02
2022-12-03 05:10:20,40.765732,-111.909828,1289.7,-9999.0,-9999.0,-9999.0,14.04,2.26,-1.44,56.14,6.0,2.0,0.0,33.0,881.1,0.0,7.4,2.08,17.5,836.8,88.0,52.2,140.2,9.5,812.5,1.68,136.1,0.0,0,1,"time.struct_time(tm_year=2022, tm_mon=12, tm_mday=3, tm_hour=5, tm_min=10, tm_sec=20, tm_wday=5, tm_yday=337, tm_isdst=-1)",2022-12-03,2022,12,337,3,10,5,BUS02
2022-12-03 05:12:50,40.765739,-111.909821,1289.9,-9999.0,-9999.0,-9999.0,14.04,2.38,-1.38,55.75,7.0,2.0,0.22,32.0,880.9,0.0,-0.0,2.06,17.6,837.0,88.0,53.3,141.2,9.6,812.5,1.68,136.0,0.0,0,1,"time.struct_time(tm_year=2022, tm_mon=12, tm_mday=3, tm_hour=5, tm_min=12, tm_sec=50, tm_wday=5, tm_yday=337, tm_isdst=-1)",2022-12-03,2022,12,337,3,12,5,BUS02
2022-12-03 05:15:20,40.765743,-111.909798,1288.8,-9999.0,-9999.0,-9999.0,14.04,2.51,-1.3,55.76,7.0,2.0,0.39,32.0,881.1,0.0,2.1,2.07,17.7,837.0,72.3,57.1,129.4,9.6,812.5,1.68,136.0,0.0,0,1,"time.struct_time(tm_year=2022, tm_mon=12, tm_mday=3, tm_hour=5, tm_min=15, tm_sec=20, tm_wday=5, tm_yday=337, tm_isdst=-1)",2022-12-03,2022,12,337,3,15,5,BUS02
2022-12-03 05:17:50,40.765736,-111.909782,1288.0,-9999.0,-9999.0,-9999.0,14.04,2.65,-1.12,55.12,8.0,2.0,0.5,32.0,881.1,0.0,-0.2,2.08,17.7,836.8,75.5,51.6,127.1,9.6,812.5,1.68,136.1,0.0,0,1,"time.struct_time(tm_year=2022, tm_mon=12, tm_mday=3, tm_hour=5, tm_min=17, tm_sec=50, tm_wday=5, tm_yday=337, tm_isdst=-1)",2022-12-03,2022,12,337,3,17,5,BUS02
2022-12-03 05:20:20,40.765743,-111.909767,1287.3,-9999.0,-9999.0,-9999.0,14.04,2.78,-1.02,54.77,8.0,2.0,0.72,32.0,881.3,0.0,2.9,2.08,17.8,837.0,76.0,51.2,127.2,9.6,812.5,1.68,136.1,0.0,0,1,"time.struct_time(tm_year=2022, tm_mon=12, tm_mday=3, tm_hour=5, tm_min=20, tm_sec=20, tm_wday=5, tm_yday=337, tm_isdst=-1)",2022-12-03,2022,12,337,3,20,5,BUS02
2022-12-03 05:22:50,40.765759,-111.90976,1286.9,-9999.0,-9999.0,-9999.0,14.04,2.92,-0.82,53.79,7.0,2.0,0.89,32.0,881.1,0.0,1.6,2.09,17.9,837.1,70.0,51.7,121.6,9.6,812.5,1.68,135.9,0.0,0,1,"time.struct_time(tm_year=2022, tm_mon=12, tm_mday=3, tm_hour=5, tm_min=22, tm_sec=50, tm_wday=5, tm_yday=337, tm_isdst=-1)",2022-12-03,2022,12,337,3,22,5,BUS02
2022-12-03 05:25:20,40.765759,-111.909767,1286.3,-9999.0,-9999.0,-9999.0,14.0,3.06,-0.65,53.01,7.0,2.0,1.0,32.0,881.2,0.0,5.7,2.08,18.0,837.0,64.1,53.4,117.5,9.7,812.5,1.68,135.9,0.0,0,1,"time.struct_time(tm_year=2022, tm_mon=12, tm_mday=3, tm_hour=5, tm_min=25, tm_sec=20, tm_wday=5, tm_yday=337, tm_isdst=-1)",2022-12-03,2022,12,337,3,25,5,BUS02
2022-12-03 05:27:50,40.765762,-111.90976,1285.8,-9999.0,-9999.0,-9999.0,14.0,3.21,-0.57,52.72,7.0,2.0,1.22,32.0,881.0,0.0,2.2,2.08,18.1,837.2,65.7,49.7,115.4,9.7,812.5,1.68,135.8,0.0,0,1,"time.struct_time(tm_year=2022, tm_mon=12, tm_mday=3, tm_hour=5, tm_min=27, tm_sec=50, tm_wday=5, tm_yday=337, tm_isdst=-1)",2022-12-03,2022,12,337,3,27,5,BUS02
2022-12-03 05:30:20,40.765759,-111.909775,1285.6,-9999.0,-9999.0,-9999.0,14.0,3.35,-0.52,52.58,6.0,2.0,1.28,32.0,881.3,0.0,3.9,2.09,18.2,837.1,68.9,52.3,121.1,9.7,812.5,1.68,135.8,0.0,0,1,"time.struct_time(tm_year=2022, tm_mon=12, tm_mday=3, tm_hour=5, tm_min=30, tm_sec=20, tm_wday=5, tm_yday=337, tm_isdst=-1)",2022-12-03,2022,12,337,3,30,5,BUS02
2022-12-03 05:33:55,40.765762,-111.909714,1288.9,-9999.0,-9999.0,-9999.0,14.0,3.56,-0.46,52.04,7.0,2.0,1.5,31.0,881.1,0.0,-5.0,2.08,18.3,837.1,69.1,56.0,125.0,9.8,812.4,1.67,136.9,0.0,0,1,"time.struct_time(tm_year=2022, tm_mon=12, tm_mday=3, tm_hour=5, tm_min=33, tm_sec=55, tm_wday=5, tm_yday=337, tm_isdst=-1)",2022-12-03,2022,12,337,3,33,5,BUS02
2022-12-03 05:36:25,40.765755,-111.909714,1288.8,-9999.0,-9999.0,-9999.0,14.0,3.71,-0.37,51.67,6.0,2.0,1.61,31.0,881.1,0.0,-1.4,2.09,18.4,837.1,71.4,54.0,125.4,9.8,812.4,1.67,136.8,0.0,0,1,"time.struct_time(tm_year=2022, tm_mon=12, tm_mday=3, tm_hour=5, tm_min=36, tm_sec=25, tm_wday=5, tm_yday=337, tm_isdst=-1)",2022-12-03,2022,12,337,3,36,5,BUS02
2022-12-03 05:38:55,40.765842,-111.909767,1287.9,-9999.0,-9999.0,-9999.0,14.0,3.85,-0.35,51.29,6.0,2.0,1.78,31.0,881.1,0.0,0.5,2.08,18.5,837.0,72.1,48.2,120.2,9.9,812.4,1.67,136.9,0.0,0,1,"time.struct_time(tm_year=2022, tm_mon=12, tm_mday=3, tm_hour=5, tm_min=38, tm_sec=55, tm_wday=5, tm_yday=337, tm_isdst=-1)",2022-12-03,2022,12,337,3,38,5,BUS02
2022-12-03 05:41:25,40.765766,-111.90963,1323.4,-9999.0,-9999.0,-9999.0,14.0,4.0,-0.3,50.8,7.0,2.0,1.89,31.0,881.0,0.0,0.6,2.09,18.6,837.0,67.9,57.3,125.1,9.9,812.4,1.67,136.8,0.0,0,1,"time.struct_time(tm_year=2022, tm_mon=12, tm_mday=3, tm_hour=5, tm_min=41, tm_sec=25, tm_wday=5, tm_yday=337, tm_isdst=-1)",2022-12-03,2022,12,337,3,41,5,BUS02
2022-12-03 05:43:55,40.765759,-111.909683,1298.2,-9999.0,-9999.0,-9999.0,14.0,4.14,-0.35,51.03,8.0,2.0,2.0,30.0,881.2,0.0,-3.2,2.11,18.7,837.0,65.1,56.1,121.2,10.0,812.4,1.67,136.8,0.0,0,1,"time.struct_time(tm_year=2022, tm_mon=12, tm_mday=3, tm_hour=5, tm_min=43, tm_sec=55, tm_wday=5, tm_yday=337, tm_isdst=-1)",2022-12-03,2022,12,337,3,43,5,BUS02
2022-12-03 05:47:30,40.761913,-111.905457,1292.4,-9999.0,-9999.0,-9999.0,13.96,4.33,-0.53,51.69,9.0,2.0,2.11,30.0,881.1,0.0,-3.0,2.08,18.9,836.5,37.6,43.3,80.9,10.1,812.2,1.68,134.2,0.0,0,1,"time.struct_time(tm_year=2022, tm_mon=12, tm_mday=3, tm_hour=5, tm_min=47, tm_sec=30, tm_wday=5, tm_yday=337, tm_isdst=-1)",2022-12-03,2022,12,337,3,47,5,BUS02
2022-12-03 05:50:00,40.760578,-111.910011,1294.0,-9999.0,-9999.0,-9999.0,13.97,4.41,-1.2,53.26,7.0,2.0,1.89,29.0,881.1,0.0,-1.4,2.1,19.0,836.8,88.2,-10.5,77.7,10.1,812.4,1.68,135.4,0.0,0,1,"time.struct_time(tm_year=2022, tm_mon=12, tm_mday=3, tm_hour=5, tm_min=50, tm_sec=0, tm_wday=5, tm_yday=337, tm_isdst=-1)",2022-12-03,2022,12,337,3,50,5,BUS02
2022-12-03 05:52:30,40.760315,-111.909988,1288.2,-9999.0,-9999.0,-9999.0,13.97,4.45,-0.75,58.33,5.0,2.0,1.61,31.0,880.9,0.0,0.0,2.1,19.1,836.8,119.3,37.4,156.7,10.1,812.3,1.68,135.6,0.0,0,0,"time.struct_time(tm_year=2022, tm_mon=12, tm_mday=3, tm_hour=5, tm_min=52, tm_sec=30, tm_wday=5, tm_yday=337, tm_isdst=-1)",2022-12-03,2022,12,337,3,52,5,BUS02
2022-12-03 05:55:00,40.760262,-111.909904,1292.4,-9999.0,-9999.0,-9999.0,13.97,4.51,1.35,49.7,7.0,2.0,1.72,33.0,881.1,0.0,-0.9,2.11,19.2,836.7,226.8,58.8,285.5,10.2,812.3,1.68,135.7,0.0,0,0,"time.struct_time(tm_year=2022, tm_mon=12, tm_mday=3, tm_hour=5, tm_min=55, tm_sec=0, tm_wday=5, tm_yday=337, tm_isdst=-1)",2022-12-03,2022,12,337,3,55,5,BUS02
2022-12-03 05:57:30,40.760311,-111.909935,1294.5,-9999.0,-9999.0,-9999.0,13.97,4.62,3.29,43.97,7.0,2.0,2.22,33.0,881.0,0.0,5.0,2.1,19.3,836.5,329.0,63.3,392.3,10.3,812.2,1.68,135.5,0.0,0,0,"time.struct_time(tm_year=2022, tm_mon=12, tm_mday=3, tm_hour=5, tm_min=57, tm_sec=30, tm_wday=5, tm_yday=337, tm_isdst=-1)",2022-12-03,2022,12,337,3,57,5,BUS02
2022-12-03 06:00:00,40.760338,-111.909836,1295.1,-9999.0,-9999.0,-9999.0,13.97,4.76,5.0,38.78,7.0,2.0,2.78,33.0,881.1,0.0,4.0,2.1,19.4,836.9,336.9,62.4,399.3,10.3,812.3,1.68,135.6,0.0,0,0,"time.struct_time(tm_year=2022, tm_mon=12, tm_mday=3, tm_hour=6, tm_min=0, tm_sec=0, tm_wday=5, tm_yday=337, tm_isdst=-1)",2022-12-03,2022,12,337,3,0,6,BUS02
2022-12-03 06:02:30,40.760578,-111.910118,1291.9,-9999.0,-9999.0,-9999.0,13.97,4.92,5.32,91.7,432.0,2.0,3.28,41.0,881.0,0.0,-0.2,2.1,19.5,836.1,126.6,54.9,181.5,10.4,811.9,1.68,136.7,0.0,0,0,"time.struct_time(tm_year=2022, tm_mon=12, tm_mday=3, tm_hour=6, tm_min=2, tm_sec=30, tm_wday=5, tm_yday=337, tm_isdst=-1)",2022-12-03,2022,12,337,3,2,6,BUS02
2022-12-03 06:05:00,40.760498,-111.910721,1296.2,-9999.0,-9999.0,-9999.0,13.97,5.12,6.02,77.29,8.0,2.0,3.89,56.0,880.8,0.0,2.2,2.1,19.6,834.9,176.9,90.5,267.3,10.4,811.9,1.68,136.5,1.0,0,1,"time.struct_time(tm_year=2022, tm_mon=12, tm_mday=3, tm_hour=6, tm_min=5, tm_sec=0, tm_wday=5, tm_yday=337, tm_isdst=-1)",2022-12-03,2022,12,337,3,5,6,BUS02
2022-12-03 06:07:30,40.764717,-111.905472,1295.0,-9999.0,-9999.0,-9999.0,13.97,5.32,1.49,75.61,8.0,2.0,3.78,45.0,880.9,0.0,-1.6,2.12,19.8,836.6,64.3,114.8,179.0,10.5,812.2,1.68,134.8,1.0,0,1,"time.struct_time(tm_year=2022, tm_mon=12, tm_mday=3, tm_hour=6, tm_min=7, tm_sec=30, tm_wday=5, tm_yday=337, tm_isdst=-1)",2022-12-03,2022,12,337,3,7,6,BUS02
2022-12-03 06:10:00,40.765774,-111.910095,1286.0,-9999.0,-9999.0,-9999.0,13.97,5.43,-0.47,82.5,7.0,2.0,3.0,38.0,880.9,0.0,-2.4,2.1,19.9,836.7,180.4,-70.4,109.9,10.6,812.5,1.68,135.1,1.0,0,1,"time.struct_time(tm_year=2022, tm_mon=12, tm_mday=3, tm_hour=6, tm_min=10, tm_sec=0, tm_wday=5, tm_yday=337, tm_isdst=-1)",2022-12-03,2022,12,337,3,10,6,BUS02
2022-12-03 06:12:30,40.765717,-111.909821,1287.6,-9999.0,-9999.0,-9999.0,13.97,5.51,-0.81,84.5,7.0,2.0,2.5,37.0,881.0,0.0,0.0,2.11,20.0,836.7,63.2,26.2,89.4,10.6,812.3,1.68,135.1,1.0,0,1,"time.struct_time(tm_year=2022, tm_mon=12, tm_mday=3, tm_hour=6, tm_min=12, tm_sec=30, tm_wday=5, tm_yday=337, tm_isdst=-1)",2022-12-03,2022,12,337,3,12,6,BUS02
2022-12-03 06:15:00,40.76564,-111.909721,1289.8,-9999.0,-9999.0,-9999.0,13.97,5.58,-1.14,83.4,7.0,2.0,2.39,37.0,881.1,0.0,-3.0,2.11,20.1,836.7,64.3,51.9,116.2,10.7,812.3,1.68,135.2,1.0,0,1,"time.struct_time(tm_year=2022, tm_mon=12, tm_mday=3, tm_hour=6, tm_min=15, tm_sec=0, tm_wday=5, tm_yday=337, tm_isdst=-1)",2022-12-03,2022,12,337,3,15,6,BUS02
2022-12-03 06:17:30,40.765644,-111.909714,1288.7,-9999.0,-9999.0,-9999.0,13.97,5.64,-1.5,85.7,7.0,2.0,2.39,37.0,881.1,0.0,-0.8,2.1,20.2,836.8,50.0,55.3,105.3,10.7,812.3,1.68,135.2,1.0,0,1,"time.struct_time(tm_year=2022, tm_mon=12, tm_mday=3, tm_hour=6, tm_min=17, tm_sec=30, tm_wday=5, tm_yday=337, tm_isdst=-1)",2022-12-03,2022,12,337,3,17,6,BUS02
2022-12-03 06:20:00,40.765644,-111.909706,1287.9,-9999.0,-9999.0,-9999.0,13.97,5.7,-1.6,84.5,5.0,2.0,2.39,36.0,881.1,0.0,2.8,2.1,20.3,836.7,47.5,44.3,91.8,10.8,812.4,1.68,135.2,1.0,0,1,"time.struct_time(tm_year=2022, tm_mon=12, tm_mday=3, tm_hour=6, tm_min=20, tm_sec=0, tm_wday=5, tm_yday=337, tm_isdst=-1)",2022-12-03,2022,12,337,3,20,6,BUS02
2022-12-03 06:22:30,40.765652,-111.909714,1286.2,-9999.0,-9999.0,-9999.0,13.97,5.76,-1.93,84.1,5.0,2.0,2.5,36.0,881.0,0.0,-0.5,2.1,20.3,836.8,27.3,44.9,72.1,10.8,812.4,1.68,135.1,1.0,0,1,"time.struct_time(tm_year=2022, tm_mon=12, tm_mday=3, tm_hour=6, tm_min=22, tm_sec=30, tm_wday=5, tm_yday=337, tm_isdst=-1)",2022-12-03,2022,12,337,3,22,6,BUS02
2022-12-03 06:25:00,40.765656,-111.909714,1285.2,-9999.0,-9999.0,-9999.0,13.97,5.83,-2.09,83.9,6.0,2.0,2.61,35.0,881.2,0.0,-1.4,2.11,20.4,836.7,22.9,47.5,70.3,10.9,812.3,1.68,135.1,1.0,0,1,"time.struct_time(tm_year=2022, tm_mon=12, tm_mday=3, tm_hour=6, tm_min=25, tm_sec=0, tm_wday=5, tm_yday=337, tm_isdst=-1)",2022-12-03,2022,12,337,3,25,6,BUS02
2022-12-03 06:27:30,40.765659,-111.909721,1283.9,-9999.0,-9999.0,-9999.0,13.97,5.88,-2.11,85.1,6.0,2.0,2.72,35.0,881.1,0.0,-7.3,2.12,20.5,836.8,12.3,53.4,65.7,10.9,812.4,1.68,135.1,1.0,0,1,"time.struct_time(tm_year=2022, tm_mon=12, tm_mday=3, tm_hour=6, tm_min=27, tm_sec=30, tm_wday=5, tm_yday=337, tm_isdst=-1)",2022-12-03,2022,12,337,3,27,6,BUS02
2022-12-03 06:30:00,40.765667,-111.909737,1283.6,-9999.0,-9999.0,-9999.0,13.97,5.94,-1.89,85.9,5.0,2.0,2.78,35.0,881.1,0.0,2.2,2.11,20.5,836.8,6.1,56.9,63.0,11.0,812.3,1.68,135.2,1.0,0,1,"time.struct_time(tm_year=2022, tm_mon=12, tm_mday=3, tm_hour=6, tm_min=30, tm_sec=0, tm_wday=5, tm_yday=337, tm_isdst=-1)",2022-12-03,2022,12,337,3,30,6,BUS02
2022-12-03 06:33:35,40.765682,-111.909744,1283.3,-9999.0,-9999.0,-9999.0,13.97,6.02,-1.6,86.3,5.0,2.0,3.0,36.0,881.0,0.0,-1.1,2.11,20.6,836.7,17.5,40.6,58.1,11.1,812.4,1.67,135.1,1.0,0,1,"time.struct_time(tm_year=2022, tm_mon=12, tm_mday=3, tm_hour=6, tm_min=33, tm_sec=35, tm_wday=5, tm_yday=337, tm_isdst=-1)",2022-12-03,2022,12,337,3,33,6,BUS02
2022-12-03 06:36:05,40.765678,-111.909752,1283.4,-9999.0,-9999.0,-9999.0,13.97,6.08,-1.45,86.0,7.0,2.0,3.11,36.0,881.2,0.0,-0.5,2.11,20.7,836.7,18.1,48.5,66.5,11.1,812.4,1.67,135.1,1.0,0,1,"time.struct_time(tm_year=2022, tm_mon=12, tm_mday=3, tm_hour=6, tm_min=36, tm_sec=5, tm_wday=5, tm_yday=337, tm_isdst=-1)",2022-12-03,2022,12,337,3,36,6,BUS02
2022-12-03 06:38:35,40.765675,-111.909752,1284.0,-9999.0,-9999.0,-9999.0,13.93,6.14,-1.6,84.1,7.0,2.0,3.11,34.0,881.0,0.0,-0.6,2.11,20.8,836.7,24.1,49.9,74.0,11.2,812.4,1.67,134.9,1.0,0,1,"time.struct_time(tm_year=2022, tm_mon=12, tm_mday=3, tm_hour=6, tm_min=38, tm_sec=35, tm_wday=5, tm_yday=337, tm_isdst=-1)",2022-12-03,2022,12,337,3,38,6,BUS02
2022-12-03 06:41:05,40.765682,-111.90976,1284.0,-9999.0,-9999.0,-9999.0,13.93,6.2,-1.8,83.7,7.0,2.0,3.22,33.0,881.1,0.0,0.8,2.09,20.8,836.7,25.6,52.2,77.8,11.2,812.3,1.67,135.0,1.0,0,1,"time.struct_time(tm_year=2022, tm_mon=12, tm_mday=3, tm_hour=6, tm_min=41, tm_sec=5, tm_wday=5, tm_yday=337, tm_isdst=-1)",2022-12-03,2022,12,337,3,41,6,BUS02
2022-12-03 06:43:35,40.765694,-111.909767,1283.7,-9999.0,-9999.0,-9999.0,13.93,6.25,-1.96,82.1,7.0,2.0,3.28,33.0,881.1,0.0,3.2,2.12,20.9,836.6,26.0,44.3,70.4,11.3,812.3,1.67,135.0,1.0,0,1,"time.struct_time(tm_year=2022, tm_mon=12, tm_mday=3, tm_hour=6, tm_min=43, tm_sec=35, tm_wday=5, tm_yday=337, tm_isdst=-1)",2022-12-03,2022,12,337,3,43,6,BUS02
2022-12-03 06:46:05,40.765697,-111.909767,1282.9,-9999.0,-9999.0,-9999.0,13.93,6.31,-2.07,82.1,7.0,2.0,3.28,33.0,880.9,0.0,-1.4,2.12,20.9,836.4,27.6,48.0,75.6,11.3,812.3,1.67,134.9,1.0,0,1,"time.struct_time(tm_year=2022, tm_mon=12, tm_mday=3, tm_hour=6, tm_min=46, tm_sec=5, tm_wday=5, tm_yday=337, tm_isdst=-1)",2022-12-03,2022,12,337,3,46,6,BUS02
2022-12-03 06:48:35,40.765701,-111.909767,1282.5,-9999.0,-9999.0,-9999.0,13.93,6.37,-1.8,84.2,7.0,2.0,3.39,33.0,881.1,0.0,0.6,2.11,21.0,836.7,28.0,43.4,71.3,11.4,812.2,1.67,135.2,1.0,0,1,"time.struct_time(tm_year=2022, tm_mon=12, tm_mday=3, tm_hour=6, tm_min=48, tm_sec=35, tm_wday=5, tm_yday=337, tm_isdst=-1)",2022-12-03,2022,12,337,3,48,6,BUS02
2022-12-03 06:51:05,40.765697,-111.909752,1282.1,-9999.0,-9999.0,-9999.0,13.93,6.42,-1.57,83.8,7.0,2.0,3.39,32.0,881.1,0.0,0.6,2.11,21.1,836.6,28.3,51.7,79.9,11.5,812.3,1.67,135.4,1.0,0,1,"time.struct_time(tm_year=2022, tm_mon=12, tm_mday=3, tm_hour=6, tm_min=51, tm_sec=5, tm_wday=5, tm_yday=337, tm_isdst=-1)",2022-12-03,2022,12,337,3,51,6,BUS02
2022-12-03 06:53:35,40.765701,-111.909744,1281.8,-9999.0,-9999.0,-9999.0,13.93,6.48,-1.58,82.0,8.0,2.0,3.5,32.0,880.8,0.0,1.8,2.12,21.1,836.7,43.7,51.0,94.7,11.5,812.2,1.67,135.5,1.0,0,1,"time.struct_time(tm_year=2022, tm_mon=12, tm_mday=3, tm_hour=6, tm_min=53, tm_sec=35, tm_wday=5, tm_yday=337, tm_isdst=-1)",2022-12-03,2022,12,337,3,53,6,BUS02
2022-12-03 06:56:05,40.765705,-111.909752,1281.8,-9999.0,-9999.0,-9999.0,13.93,6.53,-1.98,79.45,8.0,2.0,3.5,30.0,880.8,0.0,-1.6,2.12,21.2,836.6,37.5,50.5,88.0,11.6,812.3,1.67,134.9,1.0,0,1,"time.struct_time(tm_year=2022, tm_mon=12, tm_mday=3, tm_hour=6, tm_min=56, tm_sec=5, tm_wday=5, tm_yday=337, tm_isdst=-1)",2022-12-03,2022,12,337,3,56,6,BUS02
2022-12-03 06:58:35,40.765701,-111.90976,1280.9,-9999.0,-9999.0,-9999.0,13.93,6.58,-2.15,79.09,7.0,2.0,3.5,30.0,880.9,0.0,-3.8,2.11,21.2,836.6,25.4,48.6,74.0,11.6,812.3,1.67,135.0,1.0,0,1,"time.struct_time(tm_year=2022, tm_mon=12, tm_mday=3, tm_hour=6, tm_min=58, tm_sec=35, tm_wday=5, tm_yday=337, tm_isdst=-1)",2022-12-03,2022,12,337,3,58,6,BUS02
2022-12-03 07:01:05,40.765697,-111.909775,1281.3,-9999.0,-9999.0,-9999.0,13.93,6.63,-2.27,78.2,8.0,2.0,3.61,30.0,880.9,0.0,-2.7,2.12,21.3,836.7,28.0,54.2,82.2,11.7,812.3,1.67,134.9,1.0,0,1,"time.struct_time(tm_year=2022, tm_mon=12, tm_mday=3, tm_hour=7, tm_min=1, tm_sec=5, tm_wday=5, tm_yday=337, tm_isdst=-1)",2022-12-03,2022,12,337,3,1,7,BUS02
2022-12-03 07:03:35,40.765701,-111.909775,1281.4,-9999.0,-9999.0,-9999.0,13.93,6.68,-2.37,77.18,10.0,2.0,3.61,30.0,880.9,0.0,2.0,2.13,21.4,836.7,32.4,51.2,83.6,11.7,812.2,1.67,135.1,1.0,0,1,"time.struct_time(tm_year=2022, tm_mon=12, tm_mday=3, tm_hour=7, tm_min=3, tm_sec=35, tm_wday=5, tm_yday=337, tm_isdst=-1)",2022-12-03,2022,12,337,3,3,7,BUS02
2022-12-03 07:06:05,40.765701,-111.909775,1281.1,-9999.0,-9999.0,-9999.0,13.93,6.73,-2.23,79.36,19.0,2.0,3.72,30.0,881.1,0.0,-2.9,2.12,21.4,836.9,51.1,51.3,102.4,11.8,812.3,1.67,135.1,1.0,0,1,"time.struct_time(tm_year=2022, tm_mon=12, tm_mday=3, tm_hour=7, tm_min=6, tm_sec=5, tm_wday=5, tm_yday=337, tm_isdst=-1)",2022-12-03,2022,12,337,3,6,7,BUS02
2022-12-03 07:08:35,40.765705,-111.90979,1281.3,-9999.0,-9999.0,-9999.0,13.93,6.78,-2.02,80.3,14.0,2.0,3.72,30.0,880.8,0.0,1.8,2.12,21.5,836.6,72.9,49.2,122.1,11.8,812.3,1.67,135.4,1.0,0,1,"time.struct_time(tm_year=2022, tm_mon=12, tm_mday=3, tm_hour=7, tm_min=8, tm_sec=35, tm_wday=5, tm_yday=337, tm_isdst=-1)",2022-12-03,2022,12,337,3,8,7,BUS02
2022-12-03 07:11:05,40.765709,-111.90979,1280.8,-9999.0,-9999.0,-9999.0,13.93,6.82,-1.94,78.04,10.0,2.0,3.72,29.0,880.8,0.0,-0.9,2.12,21.5,836.5,68.4,48.8,117.2,11.9,812.2,1.67,135.1,1.0,0,1,"time.struct_time(tm_year=2022, tm_mon=12, tm_mday=3, tm_hour=7, tm_min=11, tm_sec=5, tm_wday=5, tm_yday=337, tm_isdst=-1)",2022-12-03,2022,12,337,3,11,7,BUS02
2022-12-03 13:49:25,40.765862,-111.909843,1308.2,-9999.0,-9999.0,-9999.0,14.1,-0.91,-3.16,70.34,39.0,2.0,-3.39,45.0,879.9,0.0,1.7,2.04,7.9,836.3,301.5,53.3,354.8,0.4,813.6,1.66,133.5,1.0,0,1,"time.struct_time(tm_year=2022, tm_mon=12, tm_mday=3, tm_hour=13, tm_min=49, tm_sec=25, tm_wday=5, tm_yday=337, tm_isdst=-1)",2022-12-03,2022,12,337,3,49,13,BUS02
2022-12-03 13:51:55,40.765629,-111.909592,1266.5,-9999.0,-9999.0,-9999.0,14.1,-0.75,-3.01,70.55,24.0,2.0,-3.11,43.0,879.7,0.0,-2.7,2.03,8.5,836.1,308.1,60.4,368.5,0.5,813.6,1.66,133.5,1.0,0,1,"time.struct_time(tm_year=2022, tm_mon=12, tm_mday=3, tm_hour=13, tm_min=51, tm_sec=55, tm_wday=5, tm_yday=337, tm_isdst=-1)",2022-12-03,2022,12,337,3,51,13,BUS02
2022-12-03 13:54:25,40.765862,-111.90979,1276.1,-9999.0,-9999.0,-9999.0,14.1,-0.58,-2.84,70.39,12.0,2.0,-2.78,42.0,879.9,0.0,-1.8,2.02,9.1,836.5,238.4,53.0,291.4,0.6,813.5,1.66,133.6,1.0,0,1,"time.struct_time(tm_year=2022, tm_mon=12, tm_mday=3, tm_hour=13, tm_min=54, tm_sec=25, tm_wday=5, tm_yday=337, tm_isdst=-1)",2022-12-03,2022,12,337,3,54,13,BUS02
2022-12-03 13:56:55,40.765732,-111.909775,1289.0,-9999.0,-9999.0,-9999.0,14.1,-0.4,-2.71,70.21,11.0,2.0,-2.5,40.0,879.8,0.0,0.6,2.04,9.6,836.4,256.6,52.9,309.5,0.7,813.5,1.66,133.4,1.0,0,1,"time.struct_time(tm_year=2022, tm_mon=12, tm_mday=3, tm_hour=13, tm_min=56, tm_sec=55, tm_wday=5, tm_yday=337, tm_isdst=-1)",2022-12-03,2022,12,337,3,56,13,BUS02
2022-12-03 13:59:25,40.765812,-111.909782,1273.1,-9999.0,-9999.0,-9999.0,14.1,-0.22,-2.6,70.17,8.0,2.0,-2.22,39.0,879.9,0.0,0.3,2.05,10.1,836.3,252.6,55.1,307.7,0.8,813.5,1.66,133.1,1.0,0,1,"time.struct_time(tm_year=2022, tm_mon=12, tm_mday=3, tm_hour=13, tm_min=59, tm_sec=25, tm_wday=5, tm_yday=337, tm_isdst=-1)",2022-12-03,2022,12,337,3,59,13,BUS02
2022-12-03 14:01:55,40.765911,-111.90979,1286.4,-9999.0,-9999.0,-9999.0,14.1,-0.04,-2.39,69.57,6.0,2.0,-1.89,37.0,880.0,0.0,-0.5,2.04,10.6,836.2,234.8,58.7,293.6,0.9,813.2,1.66,133.4,0.0,0,1,"time.struct_time(tm_year=2022, tm_mon=12, tm_mday=3, tm_hour=14, tm_min=1, tm_sec=55, tm_wday=5, tm_yday=337, tm_isdst=-1)",2022-12-03,2022,12,337,3,1,14,BUS02
2022-12-03 14:04:25,40.765873,-111.909882,1257.3,-9999.0,-9999.0,-9999.0,14.1,0.15,-2.27,68.09,7.0,2.0,-1.61,36.0,880.0,0.0,4.5,2.05,11.0,836.5,181.2,51.0,232.2,1.0,813.4,1.66,133.0,0.0,0,1,"time.struct_time(tm_year=2022, tm_mon=12, tm_mday=3, tm_hour=14, tm_min=4, tm_sec=25, tm_wday=5, tm_yday=337, tm_isdst=-1)",2022-12-03,2022,12,337,3,4,14,BUS02
2022-12-03 14:06:55,40.765781,-111.909775,1252.7,-9999.0,-9999.0,-9999.0,14.1,0.33,-2.23,68.18,7.0,2.0,-1.28,36.0,879.9,0.0,-0.3,2.06,11.5,836.3,136.4,59.2,195.6,1.1,813.1,1.66,133.2,0.0,0,1,"time.struct_time(tm_year=2022, tm_mon=12, tm_mday=3, tm_hour=14, tm_min=6, tm_sec=55, tm_wday=5, tm_yday=337, tm_isdst=-1)",2022-12-03,2022,12,337,3,6,14,BUS02
2022-12-03 14:09:25,40.765766,-111.909813,1277.1,-9999.0,-9999.0,-9999.0,14.1,0.5,-2.15,66.82,7.0,2.0,-1.11,36.0,879.9,0.0,3.8,2.04,11.8,836.1,206.3,59.6,265.8,1.3,812.9,1.66,133.4,0.0,0,1,"time.struct_time(tm_year=2022, tm_mon=12, tm_mday=3, tm_hour=14, tm_min=9, tm_sec=25, tm_wday=5, tm_yday=337, tm_isdst=-1)",2022-12-03,2022,12,337,3,9,14,BUS02
2022-12-03 14:11:55,40.765732,-111.909904,1279.4,-9999.0,-9999.0,-9999.0,14.1,0.67,-2.37,66.1,7.0,2.0,-0.89,36.0,879.8,0.0,0.7,2.06,12.2,836.0,239.1,52.6,291.7,1.4,812.8,1.66,133.6,0.0,0,1,"time.struct_time(tm_year=2022, tm_mon=12, tm_mday=3, tm_hour=14, tm_min=11, tm_sec=55, tm_wday=5, tm_yday=337, tm_isdst=-1)",2022-12-03,2022,12,337,3,11,14,BUS02
2022-12-03 14:15:30,40.765602,-111.909866,1268.2,-9999.0,-9999.0,-9999.0,14.1,0.91,-2.35,65.82,14.0,2.0,-0.72,36.0,879.9,0.0,-2.8,2.06,12.7,836.2,316.5,58.5,375.0,1.7,812.7,1.65,133.7,0.0,0,1,"time.struct_time(tm_year=2022, tm_mon=12, tm_mday=3, tm_hour=14, tm_min=15, tm_sec=30, tm_wday=5, tm_yday=337, tm_isdst=-1)",2022-12-03,2022,12,337,3,15,14,BUS02
2022-12-03 14:18:00,40.765713,-111.909782,1260.6,-9999.0,-9999.0,-9999.0,14.1,1.07,-2.19,65.09,9.0,2.0,-0.5,35.0,879.9,0.0,2.3,2.05,13.0,836.1,264.5,57.3,321.7,1.8,812.7,1.66,133.7,0.0,0,1,"time.struct_time(tm_year=2022, tm_mon=12, tm_mday=3, tm_hour=14, tm_min=18, tm_sec=0, tm_wday=5, tm_yday=337, tm_isdst=-1)",2022-12-03,2022,12,337,3,18,14,BUS02
2022-12-03 14:20:30,40.765732,-111.909843,1268.6,-9999.0,-9999.0,-9999.0,14.1,1.22,-2.29,63.32,9.0,2.0,-0.39,35.0,880.2,0.0,1.5,2.06,13.3,835.9,127.7,53.4,181.1,2.0,812.6,1.66,133.8,0.0,0,1,"time.struct_time(tm_year=2022, tm_mon=12, tm_mday=3, tm_hour=14, tm_min=20, tm_sec=30, tm_wday=5, tm_yday=337, tm_isdst=-1)",2022-12-03,2022,12,337,3,20,14,BUS02
2022-12-03 14:23:00,40.765816,-111.909805,1257.7,-9999.0,-9999.0,-9999.0,14.1,1.37,-2.35,62.81,9.0,2.0,-0.28,35.0,880.0,0.0,-3.0,2.05,13.7,836.1,141.1,56.1,197.2,2.2,812.9,1.65,133.0,0.0,0,1,"time.struct_time(tm_year=2022, tm_mon=12, tm_mday=3, tm_hour=14, tm_min=23, tm_sec=0, tm_wday=5, tm_yday=337, tm_isdst=-1)",2022-12-03,2022,12,337,3,23,14,BUS02
2022-12-03 14:25:30,40.7658,-111.909904,1257.6,-9999.0,-9999.0,-9999.0,14.06,1.52,-2.27,63.56,8.0,2.0,-0.11,35.0,879.9,0.0,-1.9,2.08,13.9,836.0,115.9,59.5,175.4,2.3,812.8,1.65,133.0,0.0,0,1,"time.struct_time(tm_year=2022, tm_mon=12, tm_mday=3, tm_hour=14, tm_min=25, tm_sec=30, tm_wday=5, tm_yday=337, tm_isdst=-1)",2022-12-03,2022,12,337,3,25,14,BUS02
2022-12-03 14:28:00,40.765774,-111.909935,1270.1,-9999.0,-9999.0,-9999.0,14.06,1.67,-2.14,63.52,10.0,2.0,0.0,34.0,879.9,0.0,5.8,2.06,14.2,836.0,129.6,58.4,188.0,2.5,812.8,1.66,133.0,0.0,0,1,"time.struct_time(tm_year=2022, tm_mon=12, tm_mday=3, tm_hour=14, tm_min=28, tm_sec=0, tm_wday=5, tm_yday=337, tm_isdst=-1)",2022-12-03,2022,12,337,3,28,14,BUS02
2022-12-03 14:30:30,40.765881,-111.909729,1268.3,-9999.0,-9999.0,-9999.0,14.06,1.81,-1.93,63.13,6.0,2.0,0.11,34.0,879.8,0.0,-0.9,2.06,14.5,835.8,97.8,60.3,158.1,2.6,812.7,1.65,133.0,0.0,0,1,"time.struct_time(tm_year=2022, tm_mon=12, tm_mday=3, tm_hour=14, tm_min=30, tm_sec=30, tm_wday=5, tm_yday=337, tm_isdst=-1)",2022-12-03,2022,12,337,3,30,14,BUS02
2022-12-03 14:34:05,40.76569,-111.909775,1276.0,-9999.0,-9999.0,-9999.0,14.06,2.01,-1.72,62.35,8.0,2.0,0.28,35.0,879.8,0.0,1.0,2.06,14.8,835.8,364.5,58.3,422.8,2.9,812.7,1.64,134.6,0.0,0,1,"time.struct_time(tm_year=2022, tm_mon=12, tm_mday=3, tm_hour=14, tm_min=34, tm_sec=5, tm_wday=5, tm_yday=337, tm_isdst=-1)",2022-12-03,2022,12,337,3,34,14,BUS02
2022-12-03 14:36:35,40.765648,-111.909729,1265.4,-9999.0,-9999.0,-9999.0,14.06,2.14,-1.62,61.52,10.0,2.0,0.28,35.0,880.0,0.0,-0.1,2.06,15.1,835.9,222.1,56.9,279.0,3.1,812.6,1.64,134.7,0.0,0,1,"time.struct_time(tm_year=2022, tm_mon=12, tm_mday=3, tm_hour=14, tm_min=36, tm_sec=35, tm_wday=5, tm_yday=337, tm_isdst=-1)",2022-12-03,2022,12,337,3,36,14,BUS02
2022-12-03 14:39:05,40.765694,-111.909592,1272.9,-9999.0,-9999.0,-9999.0,14.06,2.28,-1.6,60.47,7.0,2.0,0.39,35.0,880.1,0.0,1.8,2.05,15.3,835.9,170.8,58.0,228.8,3.3,812.7,1.64,134.6,0.0,0,1,"time.struct_time(tm_year=2022, tm_mon=12, tm_mday=3, tm_hour=14, tm_min=39, tm_sec=5, tm_wday=5, tm_yday=337, tm_isdst=-1)",2022-12-03,2022,12,337,3,39,14,BUS02
2022-12-03 14:41:35,40.765831,-111.909538,1282.0,-9999.0,-9999.0,-9999.0,14.07,2.41,-1.92,61.1,7.0,2.0,0.5,34.0,880.1,0.0,-1.6,2.06,15.5,836.1,114.1,55.8,169.8,3.4,812.7,1.64,134.7,0.0,0,1,"time.struct_time(tm_year=2022, tm_mon=12, tm_mday=3, tm_hour=14, tm_min=41, tm_sec=35, tm_wday=5, tm_yday=337, tm_isdst=-1)",2022-12-03,2022,12,337,3,41,14,BUS02
2022-12-03 14:44:05,40.765472,-111.909515,1267.2,-9999.0,-9999.0,-9999.0,14.06,2.54,-2.07,63.45,6.0,2.0,0.5,34.0,880.0,0.0,-0.9,2.07,15.7,835.9,143.4,52.5,196.0,3.6,812.6,1.64,134.6,0.0,0,1,"time.struct_time(tm_year=2022, tm_mon=12, tm_mday=3, tm_hour=14, tm_min=44, tm_sec=5, tm_wday=5, tm_yday=337, tm_isdst=-1)",2022-12-03,2022,12,337,3,44,14,BUS02
