Timestamp,Latitude,Longitude,Elevation,GPS_Speed,GPS_Direction,GPS_RMC_Valid,Battery_Voltage,Bus_Box_Temperature,Bus_Top_Temperature,Bus_Top_Relative_Humidity,ES642_PM2.5_Concentration,ES642_Air_Flow_Rate,ES642_Internal_Air_Temperature,ES642_Internal_Relative_Humidity,ES642_Internal_Air_Pressure,ES642_Error_Code,2B_Ozone_Concentration,2B_Air_Flow_Rate,2B_Internal_Air_Temperature,2B_Internal_Air_Pressure,2B405_NO_Concentration,2B405_NO2_Concentration,2B405_NOX_Concentration,2B405_Internal_Air_Temperature,2B405_Internal_Air_Pressure,2B405_Air_Flow_Rate,2B405_Cell_O3_Flow_Rate,PM2.5_Data_Flagged,Ozone_Data_Flagged,GPS_Data_Flagged
UTC,ddeg,ddeg,m,m/s,deg,binary,volts,degC,degC,%,ug/m3,L/min,degC,%,hpa,code,ppbv,L/min,degC,hpa,ppbv,ppbv,ppbv,degC,hpa,L/min,mL/min,binary,binary,binary
2023-08-03T17:48:40,-9999.000000,-9999.000000,-9999.00,-9999.00,-9999.00,0.00,13.67,21.92,23.65,47.96,-9999.00,-9999.00,-9999.00,-9999.00,-9999.00,-9999.00,-9999.00,-9999.00,-9999.00,-9999.00,-9999.00,-9999.00,-9999.00,-9999.00,-9999.00,-9999.00,-9999.00,0,0,1
2023-08-03T17:48:45,-9999.000000,-9999.000000,-9999.00,-9999.00,-9999.00,0.00,13.69,21.92,23.66,48.24,-9999.00,-9999.00,-9999.00,-9999.00,-9999.00,-9999.00,-9999.00,2.27,21.90,825.90,-9999.00,-9999.00,-9999.00,-9999.00,-9999.00,-9999.00,-9999.00,0,0,1
2023-08-03T17:48:50,-9999.000000,-9999.000000,-9999.00,-9999.00,-9999.00,0.00,13.69,21.93,23.67,48.40,-9999.00,-9999.00,-9999.00,-9999.00,-9999.00,-9999.00,-9999.00,2.25,22.00,825.80,-9999.00,-9999.00,-9999.00,-9999.00,-9999.00,-9999.00,-9999.00,0,0,1
2023-08-03T17:48:55,-9999.000000,-9999.000000,-9999.00,-9999.00,-9999.00,0.00,13.69,21.93,23.67,48.52,-9999.00,-9999.00,-9999.00,-9999.00,-9999.00,-9999.00,-9999.00,2.25,22.00,825.60,-9999.00,-9999.00,-9999.00,-9999.00,-9999.00,-9999.00,-9999.00,0,0,1
2023-08-03T17:49:00,-9999.000000,-9999.000000,-9999.00,-9999.00,-9999.00,0.00,13.68,21.93,23.67,48.68,-9999.00,-9999.00,-9999.00,-9999.00,-9999.00,-9999.00,-9999.00,2.25,22.10,825.50,-9999.00,-9999.00,-9999.00,-9999.00,-9999.00,-9999.00,-9999.00,0,0,1
2023-08-03T17:49:05,40.762108,-111.910126,1304.90,0.00,0.00,1.00,13.69,21.93,23.67,48.36,-9999.00,-9999.00,-9999.00,-9999.00,-9999.00,-9999.00,-9999.00,2.26,22.10,825.50,-9999.00,-9999.00,-9999.00,-9999.00,-9999.00,-9999.00,-9999.00,0,0,1
2023-08-03T17:49:10,40.762089,-111.910133,1308.30,0.00,0.00,1.00,13.69,21.93,23.67,48.18,-9999.00,-9999.00,-9999.00,-9999.00,-9999.00,-9999.00,-9999.00,2.26,22.20,825.40,-9999.00,-9999.00,-9999.00,-9999.00,-9999.00,-9999.00,-9999.00,0,0,1
2023-08-03T17:49:15,40.762081,-111.910133,1308.40,0.00,0.00,1.00,13.69,21.94,23.67,47.88,-9999.00,-9999.00,-9999.00,-9999.00,-9999.00,-9999.00,-9999.00,2.24,22.30,825.30,-9999.00,-9999.00,-9999.00,-9999.00,-9999.00,-9999.00,-9999.00,0,0,1
2023-08-03T17:49:20,40.762070,-111.910133,1306.50,0.00,0.00,1.00,13.69,21.94,23.65,47.70,-9999.00,-9999.00,-9999.00,-9999.00,-9999.00,-9999.00,-9999.00,2.25,22.30,825.30,-9999.00,-9999.00,-9999.00,-9999.00,-9999.00,-9999.00,-9999.00,0,0,1
2023-08-03T17:49:25,40.762066,-111.910126,1305.70,0.00,0.00,1.00,13.69,21.94,23.65,47.59,-9999.00,-9999.00,-9999.00,-9999.00,-9999.00,-9999.00,-9999.00,2.25,22.30,825.40,-9999.00,-9999.00,-9999.00,-9999.00,-9999.00,-9999.00,-9999.00,0,0,1
2023-08-03T17:49:30,40.762066,-111.910126,1305.00,0.00,0.00,1.00,13.69,21.94,23.65,47.76,-9999.00,-9999.00,-9999.00,-9999.00,-9999.00,-9999.00,-9999.00,2.26,22.40,825.40,-9999.00,-9999.00,-9999.00,-9999.00,-9999.00,-9999.00,-9999.00,0,0,1
2023-08-03T17:49:35,40.762070,-111.910118,1304.80,0.00,0.00,1.00,13.69,21.94,23.65,47.93,-9999.00,-9999.00,-9999.00,-9999.00,-9999.00,-9999.00,-9999.00,2.24,22.50,825.40,-9999.00,-9999.00,-9999.00,-9999.00,-9999.00,-9999.00,-9999.00,0,0,1
2023-08-03T17:49:40,40.762070,-111.910118,1305.00,0.00,0.00,1.00,13.69,21.95,23.65,48.12,-9999.00,-9999.00,-9999.00,-9999.00,-9999.00,-9999.00,-9999.00,2.27,22.50,825.30,-9999.00,-9999.00,-9999.00,-9999.00,-9999.00,-9999.00,-9999.00,0,0,1
2023-08-03T17:49:45,40.762070,-111.910118,1305.00,0.00,0.00,1.00,13.67,21.95,23.65,47.92,2.00,2.00,22.39,40.00,875.40,0.00,-9999.00,2.27,22.60,825.30,-9999.00,-9999.00,-9999.00,-9999.00,-9999.00,-9999.00,-9999.00,0,0,1
2023-08-03T17:49:50,40.762070,-111.910126,1304.70,0.00,0.00,1.00,13.67,21.95,23.65,47.89,2.00,2.00,22.39,41.00,875.50,0.00,-9999.00,2.26,22.60,825.30,-9999.00,-9999.00,-9999.00,-9999.00,-9999.00,-9999.00,-9999.00,0,0,1
2023-08-03T17:49:55,40.762074,-111.910126,1304.70,0.00,0.00,1.00,13.67,21.95,23.65,47.89,2.00,2.00,22.39,41.00,875.30,0.00,-9999.00,2.25,22.70,825.20,-9999.00,-9999.00,-9999.00,-9999.00,-9999.00,-9999.00,-9999.00,0,0,1
2023-08-03T17:50:00,40.762074,-111.910126,1304.30,0.00,0.00,1.00,13.67,21.96,23.65,47.96,3.00,2.00,22.39,42.00,875.30,0.00,-9999.00,2.26,22.70,825.20,-9999.00,-9999.00,-9999.00,-9999.00,-9999.00,-9999.00,-9999.00,0,0,1
2023-08-03T17:50:05,40.762074,-111.910126,1303.10,0.00,0.00,1.00,13.67,21.96,23.63,48.16,4.00,2.00,22.39,43.00,875.20,0.00,24.00,2.27,22.80,825.30,-9999.00,-9999.00,-9999.00,-9999.00,-9999.00,-9999.00,-9999.00,0,0,1
2023-08-03T17:50:10,40.762081,-111.910126,1301.80,0.00,0.00,1.00,13.68,21.96,23.64,48.22,3.00,2.00,22.39,43.00,875.20,0.00,30.10,2.25,22.80,825.20,-9999.00,-9999.00,-9999.00,-9999.00,-9999.00,-9999.00,-9999.00,0,0,1
2023-08-03T17:50:15,40.762089,-111.910126,1301.00,0.00,0.00,1.00,13.68,21.96,23.64,48.23,3.00,2.00,22.39,44.00,875.50,0.00,25.90,2.26,22.90,825.20,-9999.00,-9999.00,-9999.00,-9999.00,-9999.00,-9999.00,-9999.00,0,0,1
2023-08-03T17:50:20,40.762089,-111.910126,1300.80,0.00,0.00,1.00,13.68,21.97,23.64,48.27,2.00,2.00,22.39,44.00,875.30,0.00,29.90,2.26,23.00,825.20,-9999.00,-9999.00,-9999.00,-9999.00,-9999.00,-9999.00,-9999.00,0,0,1
2023-08-03T17:50:25,40.762093,-111.910126,1300.90,0.00,0.00,1.00,13.68,21.97,23.62,48.30,3.00,2.00,22.39,44.00,875.50,0.00,24.70,2.27,23.00,825.20,-9999.00,-9999.00,-9999.00,-9999.00,-9999.00,-9999.00,-9999.00,0,0,1
2023-08-03T17:50:30,40.762093,-111.910126,1301.10,0.00,0.00,1.00,13.68,21.97,23.61,48.28,3.00,2.00,22.39,45.00,875.30,0.00,26.10,2.27,23.00,825.20,-9999.00,-9999.00,-9999.00,-9999.00,-9999.00,-9999.00,-9999.00,0,0,1
2023-08-03T17:50:35,40.762089,-111.910133,1301.60,0.00,0.00,1.00,13.67,21.98,23.62,48.30,2.00,2.00,22.39,45.00,875.50,0.00,26.90,2.25,23.10,825.20,-9999.00,-9999.00,-9999.00,-9999.00,-9999.00,-9999.00,-9999.00,0,0,1
2023-08-03T17:50:40,40.762081,-111.910156,1301.80,0.00,0.00,1.00,13.68,21.98,23.64,48.37,2.00,2.00,22.50,45.00,875.60,0.00,26.80,2.26,23.20,825.20,-9999.00,-9999.00,-9999.00,-9999.00,-9999.00,-9999.00,-9999.00,0,0,1
2023-08-03T17:50:45,40.762070,-111.910187,1302.60,0.00,0.00,1.00,13.68,21.98,23.62,48.40,2.00,2.00,22.50,46.00,875.50,0.00,25.20,2.26,23.20,825.30,-9999.00,-9999.00,-9999.00,-9999.00,-9999.00,-9999.00,-9999.00,0,0,1
2023-08-03T17:50:50,40.762058,-111.910202,1303.00,0.00,0.00,1.00,13.68,21.98,23.62,47.84,2.00,2.00,22.50,46.00,875.30,0.00,28.70,2.27,23.30,825.10,-9999.00,-9999.00,-9999.00,-9999.00,-9999.00,-9999.00,-9999.00,0,0,1
2023-08-03T17:50:55,40.762054,-111.910210,1303.10,0.00,0.00,1.00,13.67,21.99,23.61,47.76,2.00,2.00,22.50,46.00,875.30,0.00,27.60,2.26,23.30,825.10,-9999.00,-9999.00,-9999.00,-9999.00,-9999.00,-9999.00,-9999.00,0,0,1
2023-08-03T17:51:00,40.762054,-111.910210,1303.10,0.00,0.00,1.00,13.67,21.99,23.60,47.86,1.00,2.00,22.50,46.00,875.30,0.00,26.90,2.25,23.40,825.20,-9999.00,-9999.00,-9999.00,-9999.00,-9999.00,-9999.00,-9999.00,0,0,1
2023-08-03T17:51:05,40.762054,-111.910217,1302.80,0.00,0.00,1.00,13.67,21.99,23.60,47.67,2.00,2.00,22.50,46.00,875.30,0.00,28.00,2.26,23.40,825.20,-9999.00,-9999.00,-9999.00,-9999.00,-9999.00,-9999.00,-9999.00,0,0,1
2023-08-03T17:51:10,40.762054,-111.910217,1302.90,0.00,0.00,1.00,13.68,22.00,23.60,47.86,2.00,2.00,22.50,46.00,875.30,0.00,27.40,2.26,23.50,825.30,-9999.00,-9999.00,-9999.00,-9999.00,-9999.00,-9999.00,-9999.00,0,0,1
2023-08-03T17:51:15,40.762058,-111.910217,1303.20,0.00,0.00,1.00,13.67,22.00,23.59,48.32,2.00,2.00,22.50,46.00,875.30,0.00,24.90,2.26,23.50,825.10,-9999.00,-9999.00,-9999.00,-9999.00,-9999.00,-9999.00,-9999.00,0,0,1
2023-08-03T17:51:20,40.762058,-111.910217,1302.90,0.00,0.00,1.00,13.68,22.00,23.60,48.33,2.00,2.00,22.50,47.00,875.40,0.00,28.10,2.25,23.60,825.10,-9999.00,-9999.00,-9999.00,-9999.00,-9999.00,-9999.00,-9999.00,0,0,1
2023-08-03T17:51:25,40.762070,-111.910217,1303.30,0.00,0.00,1.00,13.67,22.01,23.58,48.20,2.00,2.00,22.50,47.00,875.30,0.00,28.00,2.25,23.60,825.10,-9999.00,-9999.00,-9999.00,-9999.00,-9999.00,-9999.00,-9999.00,0,0,1
2023-08-03T17:51:30,40.762077,-111.910217,1303.50,0.00,0.00,1.00,13.67,22.01,23.58,48.03,2.00,2.00,22.50,47.00,875.20,0.00,29.30,2.26,23.70,825.10,-9999.00,-9999.00,-9999.00,-9999.00,-9999.00,-9999.00,-9999.00,0,0,1
2023-08-03T17:51:35,40.762085,-111.910210,1303.80,0.00,0.00,1.00,13.68,22.01,23.58,48.06,2.00,2.00,22.50,47.00,875.40,0.00,28.20,2.25,23.70,825.10,-9999.00,-9999.00,-9999.00,-9999.00,-9999.00,-9999.00,-9999.00,0,0,1
2023-08-03T17:51:40,40.762089,-111.910210,1303.20,0.00,0.00,1.00,13.67,22.02,23.57,47.90,2.00,2.00,22.50,47.00,875.30,0.00,30.20,2.27,23.80,825.10,-9999.00,-9999.00,-9999.00,-9999.00,-9999.00,-9999.00,-9999.00,0,0,1
2023-08-03T17:51:45,40.762089,-111.910210,1302.50,0.00,0.00,1.00,13.67,22.02,23.56,47.86,2.00,2.00,22.61,47.00,875.30,0.00,28.50,2.27,23.80,825.10,-9999.00,-9999.00,-9999.00,-9999.00,-9999.00,-9999.00,-9999.00,0,0,1
2023-08-03T17:51:50,40.762089,-111.910210,1301.50,0.00,0.00,1.00,13.68,22.02,23.56,47.86,2.00,2.00,22.61,47.00,875.20,0.00,28.60,2.24,23.90,825.10,-9999.00,-9999.00,-9999.00,-9999.00,-9999.00,-9999.00,-9999.00,0,0,1
2023-08-03T17:51:55,40.762089,-111.910210,1301.00,0.00,0.00,1.00,13.68,22.03,23.56,47.88,2.00,2.00,22.61,47.00,875.20,0.00,27.80,2.26,23.90,825.10,-9999.00,-9999.00,-9999.00,-9999.00,-9999.00,-9999.00,-9999.00,0,0,1
2023-08-03T17:52:00,40.762089,-111.910217,1300.70,0.00,0.00,1.00,13.67,22.03,23.56,47.88,2.00,2.00,22.61,47.00,875.30,0.00,31.20,2.27,24.00,825.10,-9999.00,-9999.00,-9999.00,-9999.00,-9999.00,-9999.00,-9999.00,0,0,1
2023-08-03T17:52:05,40.762085,-111.910233,1300.20,0.00,0.00,1.00,13.68,22.03,23.55,47.98,1.00,2.00,22.61,47.00,875.40,0.00,28.00,2.24,24.00,825.10,-9999.00,-9999.00,-9999.00,-9999.00,-9999.00,-9999.00,-9999.00,0,0,1
2023-08-03T17:52:10,40.762085,-111.910240,1299.70,0.00,0.00,1.00,13.67,22.04,23.56,47.97,1.00,2.00,22.61,47.00,875.40,0.00,32.60,2.27,24.10,825.10,-9999.00,-9999.00,-9999.00,-9999.00,-9999.00,-9999.00,-9999.00,0,0,1
2023-08-03T17:52:15,40.762089,-111.910240,1299.30,0.00,0.00,1.00,13.67,22.04,23.56,47.97,1.00,2.00,22.61,47.00,875.20,0.00,30.70,2.27,24.10,825.00,-9999.00,-9999.00,-9999.00,-9999.00,-9999.00,-9999.00,-9999.00,0,0,1
2023-08-03T17:52:20,40.762089,-111.910240,1298.60,0.00,0.00,1.00,13.67,22.04,23.56,48.08,2.00,2.00,22.61,47.00,875.50,0.00,33.30,2.26,24.20,825.00,-9999.00,-9999.00,-9999.00,-9999.00,-9999.00,-9999.00,-9999.00,0,0,1
2023-08-03T17:52:25,40.762096,-111.910233,1298.20,0.00,0.00,1.00,13.68,22.05,23.56,48.07,2.00,2.00,22.61,47.00,875.30,0.00,29.60,2.25,24.20,825.10,-9999.00,-9999.00,-9999.00,-9999.00,-9999.00,-9999.00,-9999.00,0,0,1
2023-08-03T17:52:30,40.762096,-111.910240,1298.10,0.00,0.00,1.00,13.67,22.05,23.56,48.06,1.00,2.00,22.61,47.00,875.30,0.00,29.60,2.25,24.20,825.10,-9999.00,-9999.00,-9999.00,-9999.00,-9999.00,-9999.00,-9999.00,0,0,1
2023-08-03T17:52:35,40.762096,-111.910240,1297.90,0.00,0.00,1.00,13.68,22.05,23.56,48.06,1.00,2.00,22.61,47.00,875.40,0.00,30.00,2.26,24.30,825.00,-9999.00,-9999.00,-9999.00,-9999.00,-9999.00,-9999.00,-9999.00,0,0,1
2023-08-03T17:52:40,40.762096,-111.910240,1297.90,0.00,0.00,1.00,13.68,22.06,23.56,47.79,1.00,2.00,22.61,47.00,875.40,0.00,29.70,2.27,24.40,825.00,-9999.00,-9999.00,-9999.00,-9999.00,-9999.00,-9999.00,-9999.00,0,0,1
2023-08-03T17:52:45,40.762096,-111.910240,1297.80,0.00,0.00,1.00,13.67,22.06,23.59,47.68,2.00,2.00,22.61,48.00,875.30,0.00,27.40,2.26,24.40,825.10,-9999.00,-9999.00,-9999.00,-9999.00,-9999.00,-9999.00,-9999.00,0,0,1
2023-08-03T17:52:50,40.762096,-111.910240,1297.40,0.00,0.00,1.00,13.67,22.06,23.60,47.96,2.00,2.00,22.61,48.00,875.30,0.00,30.40,2.26,24.40,825.00,-9999.00,-9999.00,-9999.00,-9999.00,-9999.00,-9999.00,-9999.00,0,0,1
2023-08-03T17:52:55,40.762100,-111.910240,1297.30,0.00,0.00,1.00,13.68,22.07,23.56,48.04,1.00,2.00,22.61,48.00,875.50,0.00,30.60,2.26,24.50,825.00,-9999.00,-9999.00,-9999.00,-9999.00,-9999.00,-9999.00,-9999.00,0,0,1
2023-08-03T17:53:00,40.762100,-111.910233,1296.70,0.00,0.00,1.00,13.68,22.07,23.56,48.04,2.00,2.00,22.61,48.00,875.10,0.00,29.80,2.25,24.50,825.10,-9999.00,-9999.00,-9999.00,-9999.00,-9999.00,-9999.00,-9999.00,0,0,1
2023-08-03T17:53:05,40.762100,-111.910225,1296.40,0.00,0.00,1.00,13.68,22.08,23.56,48.02,2.00,2.00,22.61,48.00,875.10,0.00,26.20,2.26,24.60,825.00,-9999.00,-9999.00,-9999.00,-9999.00,-9999.00,-9999.00,-9999.00,0,0,1
2023-08-03T17:53:10,40.762100,-111.910225,1296.10,0.00,0.00,1.00,13.67,22.08,23.56,48.02,2.00,2.00,22.61,48.00,875.10,0.00,26.10,2.25,24.60,825.00,-9999.00,-9999.00,-9999.00,-9999.00,-9999.00,-9999.00,-9999.00,0,0,1
2023-08-03T17:53:15,40.762100,-111.910225,1295.70,0.00,0.00,1.00,13.68,22.08,23.55,48.02,2.00,2.00,22.61,48.00,875.30,0.00,28.70,2.26,24.70,824.90,-9999.00,-9999.00,-9999.00,-9999.00,-9999.00,-9999.00,-9999.00,0,0,1
2023-08-03T17:53:20,40.762100,-111.910225,1295.70,0.00,0.00,1.00,13.68,22.09,23.58,48.00,2.00,2.00,22.61,48.00,875.40,0.00,29.30,2.26,24.70,824.90,-9999.00,-9999.00,-9999.00,-9999.00,-9999.00,-9999.00,-9999.00,0,0,1
2023-08-03T17:53:25,40.762100,-111.910217,1295.40,0.00,0.00,1.00,13.68,22.09,23.58,48.02,2.00,2.00,22.61,48.00,875.50,0.00,29.10,2.26,24.80,825.10,-9999.00,-9999.00,-9999.00,-9999.00,-9999.00,-9999.00,-9999.00,0,0,1
2023-08-03T17:53:30,40.762100,-111.910217,1294.20,0.00,0.00,1.00,13.67,22.10,23.58,47.75,2.00,2.00,22.61,48.00,875.10,0.00,30.10,2.25,24.80,825.00,-9999.00,-9999.00,-9999.00,-9999.00,-9999.00,-9999.00,-9999.00,0,0,1
2023-08-03T17:53:35,40.762104,-111.910217,1292.80,0.00,0.00,1.00,13.67,22.10,23.58,47.76,2.00,2.00,22.61,48.00,875.20,0.00,30.80,2.27,24.90,824.90,-9999.00,-9999.00,-9999.00,-9999.00,-9999.00,-9999.00,-9999.00,0,0,1
2023-08-03T17:53:40,40.762104,-111.910217,1292.80,0.00,0.00,1.00,13.68,22.10,23.60,47.84,2.00,2.00,22.61,48.00,875.30,0.00,32.00,2.27,24.90,824.90,-9999.00,-9999.00,-9999.00,-9999.00,-9999.00,-9999.00,-9999.00,0,0,1
2023-08-03T17:53:45,40.762104,-111.910217,1292.70,0.00,0.00,1.00,13.68,22.11,23.60,47.67,1.00,2.00,22.61,48.00,875.50,0.00,28.50,2.25,24.90,825.00,-9999.00,-9999.00,-9999.00,-9999.00,-9999.00,-9999.00,-9999.00,0,0,1
2023-08-03T17:53:50,40.762104,-111.910217,1292.70,0.00,0.00,1.00,13.67,22.11,23.60,47.62,2.00,2.00,22.61,48.00,875.20,0.00,30.90,2.26,25.00,825.00,-9999.00,-9999.00,-9999.00,-9999.00,-9999.00,-9999.00,-9999.00,0,0,1
2023-08-03T17:53:55,40.762104,-111.910217,1292.70,0.00,0.00,1.00,13.68,22.12,23.60,47.64,2.00,2.00,22.61,48.00,875.30,0.00,30.90,2.26,25.00,824.90,-9999.00,-9999.00,-9999.00,-9999.00,-9999.00,-9999.00,-9999.00,0,0,1
2023-08-03T17:54:00,40.762104,-111.910217,1292.70,0.00,0.00,1.00,13.68,22.12,23.60,47.64,2.00,2.00,22.61,48.00,875.40,0.00,32.50,2.26,25.10,825.00,-9999.00,-9999.00,-9999.00,-9999.00,-9999.00,-9999.00,-9999.00,0,0,1
2023-08-03T17:54:05,40.762104,-111.910217,1292.70,0.00,0.00,1.00,13.68,22.12,23.60,47.70,2.00,2.00,22.72,48.00,875.20,0.00,31.60,2.26,25.10,825.00,-9999.00,-9999.00,-9999.00,-9999.00,-9999.00,-9999.00,-9999.00,0,0,1
2023-08-03T17:54:10,40.762104,-111.910217,1292.70,0.00,0.00,1.00,13.68,22.13,23.60,47.76,2.00,2.00,22.61,48.00,875.30,0.00,30.10,2.27,25.10,824.90,-9999.00,-9999.00,-9999.00,-9999.00,-9999.00,-9999.00,-9999.00,0,0,1
2023-08-03T17:54:15,40.762104,-111.910217,1292.70,0.00,0.00,1.00,13.68,22.13,23.60,47.86,2.00,2.00,22.72,48.00,875.30,0.00,30.00,2.26,25.20,824.90,-9999.00,-9999.00,-9999.00,-9999.00,-9999.00,-9999.00,-9999.00,0,0,1
2023-08-03T17:54:20,40.762112,-111.910225,1292.50,0.00,0.00,1.00,13.68,22.14,23.62,47.88,2.00,2.00,22.72,48.00,875.50,0.00,29.60,2.26,25.20,824.90,-9999.00,-9999.00,-9999.00,-9999.00,-9999.00,-9999.00,-9999.00,0,0,1
2023-08-03T17:54:25,40.762123,-111.910225,1292.30,0.00,0.00,1.00,13.67,22.14,23.61,47.92,2.00,2.00,22.72,48.00,875.30,0.00,29.50,2.26,25.30,824.90,-9999.00,-9999.00,-9999.00,-9999.00,-9999.00,-9999.00,-9999.00,0,0,1
2023-08-03T17:54:30,40.762135,-111.910210,1292.40,0.00,0.00,1.00,13.67,22.15,23.62,47.84,1.00,2.00,22.72,48.00,875.20,0.00,32.10,2.26,25.30,824.90,-9999.00,-9999.00,-9999.00,-9999.00,-9999.00,-9999.00,-9999.00,0,0,1
2023-08-03T17:54:35,40.762150,-111.910202,1292.60,0.00,0.00,1.00,13.67,22.15,23.62,47.65,2.00,2.00,22.72,48.00,875.40,0.00,30.40,2.25,25.40,824.80,-9999.00,-9999.00,-9999.00,-9999.00,-9999.00,-9999.00,-9999.00,0,0,1
2023-08-03T17:54:40,40.762157,-111.910194,1292.80,0.00,0.00,1.00,13.68,22.16,23.62,47.66,2.00,2.00,22.72,48.00,875.10,0.00,31.40,2.26,25.40,824.90,-9999.00,-9999.00,-9999.00,-9999.00,-9999.00,-9999.00,-9999.00,0,0,1
2023-08-03T17:54:45,40.762157,-111.910194,1292.80,0.00,0.00,1.00,13.67,22.16,23.62,47.81,3.00,2.00,22.72,48.00,875.20,0.00,33.40,2.27,25.40,824.90,-9999.00,-9999.00,-9999.00,-9999.00,-9999.00,-9999.00,-9999.00,0,0,1
2023-08-03T17:54:50,40.762157,-111.910194,1292.80,0.00,0.00,1.00,13.68,22.16,23.62,47.67,2.00,2.00,22.72,48.00,875.40,0.00,32.20,2.26,25.50,824.80,-9999.00,-9999.00,-9999.00,-9999.00,-9999.00,-9999.00,-9999.00,0,0,1
2023-08-03T17:54:55,40.762157,-111.910194,1292.60,0.00,0.00,1.00,13.68,22.17,23.64,47.40,2.00,2.00,22.72,48.00,875.30,0.00,36.10,2.25,25.50,824.90,-9999.00,-9999.00,-9999.00,-9999.00,-9999.00,-9999.00,-9999.00,0,0,1
2023-08-03T17:55:00,40.762157,-111.910194,1291.80,0.00,0.00,1.00,13.68,22.17,23.66,47.57,2.00,2.00,22.72,48.00,875.40,0.00,33.30,2.25,25.60,824.90,-9999.00,-9999.00,-9999.00,-9999.00,-9999.00,-9999.00,-9999.00,0,0,1
2023-08-03T17:55:05,40.762157,-111.910187,1291.40,0.00,0.00,1.00,13.67,22.18,23.62,47.64,2.00,2.00,22.72,48.00,875.30,0.00,36.80,2.27,25.60,825.00,-9999.00,-9999.00,-9999.00,-9999.00,-9999.00,-9999.00,-9999.00,0,0,1
2023-08-03T17:55:10,40.762157,-111.910187,1291.40,0.00,0.00,1.00,13.68,22.18,23.62,47.64,2.00,2.00,22.72,47.00,875.20,0.00,36.70,2.26,25.60,825.10,-9999.00,-9999.00,-9999.00,-9999.00,-9999.00,-9999.00,-9999.00,0,0,1
2023-08-03T17:55:15,40.762157,-111.910187,1291.40,0.00,0.00,1.00,13.67,22.19,23.62,47.68,2.00,2.00,22.72,47.00,875.40,0.00,30.80,2.26,25.70,824.80,-9999.00,-9999.00,-9999.00,-9999.00,-9999.00,-9999.00,-9999.00,0,0,1
2023-08-03T17:55:20,40.762161,-111.910172,1291.20,0.00,0.00,1.00,13.64,22.19,23.62,47.82,2.00,2.00,22.72,47.00,875.20,0.00,33.30,2.25,25.70,824.80,-9999.00,-9999.00,-9999.00,-9999.00,-9999.00,-9999.00,-9999.00,0,0,1
2023-08-03T17:55:25,40.762169,-111.910164,1291.40,0.00,0.00,1.00,13.64,22.20,23.62,47.88,2.00,2.00,22.72,47.00,875.40,0.00,34.60,2.26,25.80,824.90,-9999.00,-9999.00,-9999.00,-9999.00,-9999.00,-9999.00,-9999.00,0,0,1
2023-08-03T17:55:30,40.762173,-111.910172,1292.30,0.00,0.00,1.00,13.64,22.20,23.62,47.88,2.00,2.00,22.72,47.00,875.10,0.00,30.70,2.26,25.80,824.90,-9999.00,-9999.00,-9999.00,-9999.00,-9999.00,-9999.00,-9999.00,0,0,1
2023-08-03T17:55:35,40.762177,-111.910172,1292.30,0.00,0.00,1.00,13.64,22.21,23.62,47.92,2.00,2.00,22.72,47.00,875.20,0.00,29.60,2.28,25.90,824.90,-9999.00,-9999.00,-9999.00,-9999.00,-9999.00,-9999.00,-9999.00,0,0,1
2023-08-03T17:55:40,40.762177,-111.910172,1292.30,0.00,0.00,1.00,13.64,22.21,23.62,48.00,2.00,2.00,22.72,47.00,875.40,0.00,35.30,2.26,25.90,824.80,-9999.00,-9999.00,-9999.00,-9999.00,-9999.00,-9999.00,-9999.00,0,0,1
2023-08-03T17:55:45,40.762177,-111.910179,1292.40,0.00,0.00,1.00,13.64,22.22,23.62,47.98,2.00,2.00,22.78,47.00,875.40,0.00,31.60,2.25,25.90,824.80,-9999.00,-9999.00,-9999.00,-9999.00,-9999.00,-9999.00,-9999.00,0,0,1
2023-08-03T17:55:50,40.762188,-111.910172,1292.70,0.00,0.00,1.00,13.64,22.22,23.62,48.02,1.00,2.00,22.78,47.00,875.30,0.00,29.90,2.27,25.90,824.90,-9999.00,-9999.00,-9999.00,-9999.00,-9999.00,-9999.00,-9999.00,0,0,1
2023-08-03T17:55:55,40.762203,-111.910172,1293.50,0.00,0.00,1.00,13.64,22.23,23.62,48.02,1.00,2.00,22.78,47.00,875.20,0.00,34.40,2.26,26.00,824.80,-9999.00,-9999.00,-9999.00,-9999.00,-9999.00,-9999.00,-9999.00,0,0,1
2023-08-03T17:56:00,40.762211,-111.910164,1294.20,0.00,0.00,1.00,13.64,22.23,23.62,48.02,2.00,2.00,22.78,47.00,875.10,0.00,29.90,2.26,26.00,824.80,-9999.00,-9999.00,-9999.00,-9999.00,-9999.00,-9999.00,-9999.00,0,0,1
2023-08-03T17:56:05,40.762218,-111.910156,1294.30,0.00,0.00,1.00,13.64,22.24,23.62,47.96,1.00,2.00,22.78,47.00,875.30,0.00,33.70,2.27,26.10,824.80,-9999.00,-9999.00,-9999.00,-9999.00,-9999.00,-9999.00,-9999.00,0,0,1
2023-08-03T17:56:10,40.762218,-111.910156,1294.30,0.00,0.00,1.00,13.64,22.24,23.62,47.94,1.00,2.00,22.78,47.00,875.10,0.00,31.60,2.27,26.10,824.90,-9999.00,-9999.00,-9999.00,-9999.00,-9999.00,-9999.00,-9999.00,0,0,1
2023-08-03T17:56:15,40.762222,-111.910156,1294.10,0.00,0.00,1.00,13.63,22.25,23.62,47.96,1.00,2.00,22.78,47.00,875.40,0.00,32.20,2.27,26.20,824.80,-9999.00,-9999.00,-9999.00,-9999.00,-9999.00,-9999.00,-9999.00,0,0,1
2023-08-03T17:56:20,40.762218,-111.910156,1293.40,0.00,0.00,1.00,13.64,22.25,23.61,48.00,2.00,2.00,22.78,47.00,875.10,0.00,33.30,2.25,26.20,824.80,-9999.00,-9999.00,-9999.00,-9999.00,-9999.00,-9999.00,-9999.00,0,0,1
2023-08-03T17:56:25,40.762215,-111.910164,1292.40,0.00,0.00,1.00,13.64,22.26,23.62,48.06,1.00,2.00,22.78,47.00,875.20,0.00,28.30,2.27,26.20,824.70,-9999.00,-9999.00,-9999.00,-9999.00,-9999.00,-9999.00,-9999.00,0,0,1
2023-08-03T17:56:30,40.762207,-111.910156,1291.50,0.00,0.00,1.00,13.64,22.26,23.62,48.08,1.00,2.00,22.78,47.00,875.10,0.00,32.00,2.26,26.20,824.80,-9999.00,-9999.00,-9999.00,-9999.00,-9999.00,-9999.00,-9999.00,0,0,1
2023-08-03T17:56:35,40.762203,-111.910164,1291.30,0.00,0.00,1.00,13.64,22.27,23.62,48.21,1.00,2.00,22.78,47.00,875.20,0.00,35.70,2.28,26.30,824.70,-9999.00,-9999.00,-9999.00,-9999.00,-9999.00,-9999.00,-9999.00,0,0,1
2023-08-03T17:56:40,40.762203,-111.910164,1291.30,0.00,0.00,1.00,13.64,22.28,23.62,48.27,1.00,2.00,22.78,47.00,875.20,0.00,32.50,2.25,26.30,824.80,-9999.00,-9999.00,-9999.00,-9999.00,-9999.00,-9999.00,-9999.00,0,0,1
2023-08-03T17:56:45,40.762203,-111.910164,1291.30,0.00,0.00,1.00,13.64,22.28,23.62,48.27,1.00,2.00,22.78,47.00,875.20,0.00,31.40,2.27,26.40,824.90,-9999.00,-9999.00,-9999.00,-9999.00,-9999.00,-9999.00,-9999.00,0,0,1
2023-08-03T17:56:50,40.762203,-111.910164,1291.30,0.00,0.00,1.00,13.64,22.29,23.62,48.26,1.00,2.00,22.78,47.00,875.30,0.00,33.30,2.25,26.40,824.90,-9999.00,-9999.00,-9999.00,-9999.00,-9999.00,-9999.00,-9999.00,0,0,1
2023-08-03T17:56:55,40.762203,-111.910172,1291.20,0.00,0.00,1.00,13.64,22.29,23.62,48.26,1.00,2.00,22.78,47.00,875.30,0.00,32.50,2.26,26.50,824.70,-9999.00,-9999.00,-9999.00,-9999.00,-9999.00,-9999.00,-9999.00,0,0,1
2023-08-03T17:57:00,40.762188,-111.910164,1290.60,0.00,0.00,1.00,13.64,22.30,23.62,48.29,1.00,2.00,22.78,47.00,875.20,0.00,31.40,2.26,26.50,824.80,-9999.00,-9999.00,-9999.00,-9999.00,-9999.00,-9999.00,-9999.00,0,0,1
2023-08-03T17:57:05,40.762169,-111.910156,1290.00,0.00,0.00,1.00,13.64,22.30,23.62,48.29,2.00,2.00,22.78,47.00,875.30,0.00,33.10,2.26,26.50,824.90,-9999.00,-9999.00,-9999.00,-9999.00,-9999.00,-9999.00,-9999.00,0,0,1
2023-08-03T17:57:10,40.762154,-111.910149,1289.70,0.00,0.00,1.00,13.64,22.31,23.69,48.31,2.00,2.00,22.78,47.00,875.20,0.00,31.40,2.27,26.50,824.80,-9999.00,-9999.00,-9999.00,-9999.00,-9999.00,-9999.00,-9999.00,0,0,1
2023-08-03T17:57:15,40.762138,-111.910172,1289.60,0.00,0.00,1.00,13.64,22.31,23.66,48.45,1.00,2.00,22.78,47.00,875.40,0.00,33.50,2.26,26.60,824.70,-9999.00,-9999.00,-9999.00,-9999.00,-9999.00,-9999.00,-9999.00,0,0,1
2023-08-03T17:57:20,40.762127,-111.910217,1289.60,0.00,0.00,1.00,13.64,22.32,23.64,48.57,2.00,2.00,22.78,47.00,875.10,0.00,33.10,2.26,26.60,824.80,-9999.00,-9999.00,-9999.00,-9999.00,-9999.00,-9999.00,-9999.00,0,0,1
2023-08-03T17:57:25,40.762123,-111.910248,1290.80,0.00,0.00,1.00,13.64,22.33,23.64,48.67,2.00,2.00,22.89,47.00,875.30,0.00,33.00,2.27,26.70,824.80,-9999.00,-9999.00,-9999.00,-9999.00,-9999.00,-9999.00,-9999.00,0,0,1
2023-08-03T17:57:30,40.762119,-111.910255,1291.30,0.00,0.00,1.00,13.64,22.33,23.64,48.71,2.00,2.00,22.89,47.00,875.40,0.00,33.00,2.25,26.70,824.80,-9999.00,-9999.00,-9999.00,-9999.00,-9999.00,-9999.00,-9999.00,0,0,1
2023-08-03T17:57:35,40.762112,-111.910240,1290.50,0.00,0.00,1.00,13.64,22.34,23.64,48.65,2.00,2.00,22.89,47.00,875.20,0.00,34.70,2.27,26.70,824.80,-9999.00,-9999.00,-9999.00,-9999.00,-9999.00,-9999.00,-9999.00,0,0,1
2023-08-03T17:57:40,40.762104,-111.910255,1290.50,0.00,0.00,1.00,13.64,22.34,23.64,48.63,1.00,2.00,22.89,47.00,875.20,0.00,31.90,2.28,26.80,824.80,-9999.00,-9999.00,-9999.00,-9999.00,-9999.00,-9999.00,-9999.00,0,0,1
2023-08-03T17:57:45,40.762096,-111.910286,1291.40,0.00,0.00,1.00,13.64,22.35,23.64,48.57,2.00,2.00,22.89,47.00,875.10,0.00,36.30,2.27,26.80,824.80,-9999.00,-9999.00,-9999.00,-9999.00,-9999.00,-9999.00,-9999.00,0,0,1
2023-08-03T17:57:50,40.762093,-111.910294,1290.80,0.00,0.00,1.00,13.64,22.35,23.64,48.43,1.00,2.00,22.89,47.00,875.30,0.00,31.40,2.27,26.80,824.80,-9999.00,-9999.00,-9999.00,-9999.00,-9999.00,-9999.00,-9999.00,0,0,1
2023-08-03T17:57:55,40.762081,-111.910294,1289.60,0.00,0.00,1.00,13.64,22.36,23.66,48.33,2.00,2.00,22.89,47.00,875.30,0.00,33.00,2.28,26.90,824.80,-9999.00,-9999.00,-9999.00,-9999.00,-9999.00,-9999.00,-9999.00,0,0,1
2023-08-03T17:58:00,40.762081,-111.910301,1289.10,0.00,0.00,1.00,13.64,22.37,23.66,48.27,2.00,2.00,22.89,47.00,875.10,0.00,34.70,2.27,26.90,824.70,-9999.00,-9999.00,-9999.00,-9999.00,-9999.00,-9999.00,-9999.00,0,0,1
2023-08-03T17:58:05,40.762081,-111.910294,1287.80,0.00,0.00,1.00,13.63,22.37,23.68,48.01,2.00,2.00,22.89,47.00,875.20,0.00,29.80,2.27,26.90,824.80,-9999.00,-9999.00,-9999.00,-9999.00,-9999.00,-9999.00,-9999.00,0,0,1
2023-08-03T17:58:10,40.762074,-111.910286,1286.30,0.00,0.00,1.00,13.64,22.38,23.68,47.91,2.00,2.00,22.89,47.00,875.30,0.00,31.60,2.26,27.00,824.80,-9999.00,-9999.00,-9999.00,-9999.00,-9999.00,-9999.00,-9999.00,0,0,1
2023-08-03T17:58:15,40.762070,-111.910271,1284.90,0.00,0.00,1.00,13.64,22.38,23.70,47.71,2.00,2.00,22.89,47.00,875.10,0.00,30.60,2.27,27.00,824.70,-9999.00,-9999.00,-9999.00,-9999.00,-9999.00,-9999.00,-9999.00,0,0,1
2023-08-03T17:58:20,40.762066,-111.910255,1283.30,0.00,0.00,1.00,13.64,22.39,23.70,47.54,2.00,2.00,22.89,47.00,875.10,0.00,34.00,2.26,27.00,824.80,-9999.00,-9999.00,-9999.00,-9999.00,-9999.00,-9999.00,-9999.00,0,0,1
2023-08-03T17:58:25,40.762058,-111.910248,1280.80,0.00,0.00,1.00,13.64,22.40,23.70,47.24,2.00,2.00,22.89,47.00,875.00,0.00,33.40,2.28,27.10,824.80,-9999.00,-9999.00,-9999.00,-9999.00,-9999.00,-9999.00,-9999.00,0,0,1
2023-08-03T17:58:30,40.762051,-111.910240,1278.70,0.00,0.00,1.00,13.64,22.40,23.72,47.43,2.00,2.00,22.89,46.00,875.10,0.00,35.00,2.27,27.10,824.80,-9999.00,-9999.00,-9999.00,-9999.00,-9999.00,-9999.00,-9999.00,0,0,1
2023-08-03T17:58:35,40.762043,-111.910233,1277.10,0.00,0.00,1.00,13.64,22.41,23.72,47.55,2.00,2.00,22.89,46.00,875.10,0.00,33.30,2.27,27.20,824.70,-9999.00,-9999.00,-9999.00,-9999.00,-9999.00,-9999.00,-9999.00,0,0,1
2023-08-03T17:58:40,40.762039,-111.910240,1275.90,0.00,0.00,1.00,13.64,22.41,23.74,47.79,2.00,2.00,22.89,46.00,875.00,0.00,34.20,2.26,27.20,824.80,-9999.00,-9999.00,-9999.00,-9999.00,-9999.00,-9999.00,-9999.00,0,0,1
2023-08-03T17:58:45,40.762032,-111.910240,1274.50,0.00,0.00,1.00,13.64,22.42,23.74,47.87,2.00,2.00,22.89,46.00,875.10,0.00,34.00,2.25,27.20,824.80,-9999.00,-9999.00,-9999.00,-9999.00,-9999.00,-9999.00,-9999.00,0,0,1
2023-08-03T17:58:50,40.762028,-111.910248,1273.40,0.00,0.00,1.00,13.64,22.43,23.76,47.83,2.00,2.00,23.00,46.00,875.30,0.00,30.40,2.27,27.20,824.80,-9999.00,-9999.00,-9999.00,-9999.00,-9999.00,-9999.00,-9999.00,0,0,1
2023-08-03T17:58:55,40.762024,-111.910248,1272.50,0.00,0.00,1.00,13.64,22.43,23.76,47.86,2.00,2.00,23.00,46.00,875.30,0.00,33.90,2.26,27.30,824.80,-9999.00,-9999.00,-9999.00,-9999.00,-9999.00,-9999.00,-9999.00,0,0,1
2023-08-03T17:59:00,40.762024,-111.910248,1272.30,0.00,0.00,1.00,13.64,22.44,23.76,47.79,2.00,2.00,23.00,46.00,875.10,0.00,33.00,2.26,27.30,824.80,-9999.00,-9999.00,-9999.00,-9999.00,-9999.00,-9999.00,-9999.00,0,0,1
2023-08-03T17:59:05,40.762032,-111.910263,1274.30,0.00,0.00,1.00,13.64,22.44,23.76,47.77,2.00,2.00,23.00,46.00,875.10,0.00,32.30,2.26,27.30,824.80,-9999.00,-9999.00,-9999.00,-9999.00,-9999.00,-9999.00,-9999.00,0,0,1
2023-08-03T17:59:10,40.762035,-111.910271,1274.80,0.00,0.00,1.00,13.63,22.45,23.76,47.85,2.00,2.00,23.00,46.00,875.40,0.00,30.00,2.27,27.40,824.80,-9999.00,-9999.00,-9999.00,-9999.00,-9999.00,-9999.00,-9999.00,0,0,1
2023-08-03T17:59:15,40.762035,-111.910271,1274.90,0.00,0.00,1.00,13.64,22.46,23.78,48.01,1.00,2.00,23.00,46.00,875.30,0.00,28.90,2.26,27.40,824.70,-9999.00,-9999.00,-9999.00,-9999.00,-9999.00,-9999.00,-9999.00,0,0,1
2023-08-03T17:59:20,40.762035,-111.910271,1275.20,0.00,0.00,1.00,13.64,22.46,23.81,48.19,1.00,2.00,23.00,46.00,875.30,0.00,28.80,2.27,27.40,824.70,-9999.00,-9999.00,-9999.00,-9999.00,-9999.00,-9999.00,-9999.00,0,0,1
2023-08-03T17:59:25,40.762032,-111.910263,1275.40,0.00,0.00,1.00,13.64,22.47,23.78,47.82,2.00,2.00,23.00,46.00,875.10,0.00,32.80,2.27,27.50,824.80,-9999.00,-9999.00,-9999.00,-9999.00,-9999.00,-9999.00,-9999.00,0,0,1
2023-08-03T17:59:30,40.762024,-111.910255,1275.70,0.00,0.00,1.00,13.64,22.47,23.80,47.28,2.00,2.00,23.00,46.00,875.10,0.00,34.90,2.26,27.50,824.80,-9999.00,-9999.00,-9999.00,-9999.00,-9999.00,-9999.00,-9999.00,0,0,1
2023-08-03T17:59:35,40.762016,-111.910225,1275.70,0.00,0.00,1.00,13.64,22.48,23.80,47.08,2.00,2.00,23.00,46.00,875.20,0.00,34.80,2.27,27.50,824.70,-9999.00,-9999.00,-9999.00,-9999.00,-9999.00,-9999.00,-9999.00,0,0,1
2023-08-03T17:59:40,40.762016,-111.910194,1275.20,0.00,0.00,1.00,13.64,22.49,23.80,47.18,2.00,2.00,23.00,46.00,875.00,0.00,32.50,2.27,27.60,824.80,-9999.00,-9999.00,-9999.00,-9999.00,-9999.00,-9999.00,-9999.00,0,0,1
2023-08-03T17:59:45,40.762032,-111.910164,1275.40,0.00,0.00,1.00,13.64,22.49,23.80,47.24,2.00,2.00,23.00,46.00,875.30,0.00,33.60,2.28,27.60,824.80,-9999.00,-9999.00,-9999.00,-9999.00,-9999.00,-9999.00,-9999.00,0,0,1
2023-08-03T17:59:50,40.762035,-111.910141,1275.80,0.00,0.00,1.00,13.64,22.50,23.80,47.22,2.00,2.00,23.00,46.00,875.30,0.00,38.90,2.27,27.60,824.80,-9999.00,-9999.00,-9999.00,-9999.00,-9999.00,-9999.00,-9999.00,0,0,1
2023-08-03T17:59:55,40.762035,-111.910141,1275.80,0.00,0.00,1.00,13.64,22.51,23.80,47.38,1.00,2.00,23.00,46.00,875.20,0.00,36.90,2.27,27.70,824.80,-9999.00,-9999.00,-9999.00,-9999.00,-9999.00,-9999.00,-9999.00,0,0,1
2023-08-03T18:00:00,40.762035,-111.910141,1275.80,0.00,0.00,1.00,13.64,22.51,23.80,47.50,2.00,2.00,23.11,46.00,875.10,0.00,39.90,2.27,27.70,824.80,-9999.00,-9999.00,-9999.00,-9999.00,-9999.00,-9999.00,-9999.00,0,0,1
2023-08-03T18:00:05,40.762035,-111.910141,1275.70,0.00,0.00,1.00,13.64,22.52,23.80,47.50,1.00,2.00,23.00,46.00,875.10,0.00,37.10,2.28,27.70,824.80,-9999.00,-9999.00,-9999.00,-9999.00,-9999.00,-9999.00,-9999.00,0,0,1
2023-08-03T18:00:10,40.762035,-111.910141,1275.70,0.00,0.00,1.00,13.64,22.53,23.80,47.26,2.00,2.00,23.11,45.00,875.10,0.00,35.90,2.27,27.80,824.80,-9999.00,-9999.00,-9999.00,-9999.00,-9999.00,-9999.00,-9999.00,0,0,1
2023-08-03T18:00:15,40.762035,-111.910141,1275.70,0.00,0.00,1.00,13.64,22.53,23.82,47.26,1.00,2.00,23.11,45.00,875.00,0.00,35.80,2.27,27.80,824.80,-9999.00,-9999.00,-9999.00,-9999.00,-9999.00,-9999.00,-9999.00,0,0,1
2023-08-03T18:00:20,40.762047,-111.910149,1276.70,0.00,0.00,1.00,13.64,22.54,23.82,47.14,1.00,2.00,23.11,45.00,874.90,0.00,33.20,2.28,27.80,824.70,-9999.00,-9999.00,-9999.00,-9999.00,-9999.00,-9999.00,-9999.00,0,0,1
2023-08-03T18:00:25,40.762051,-111.910149,1277.20,0.00,0.00,1.00,13.64,22.55,23.82,47.08,1.00,2.00,23.11,45.00,875.10,0.00,35.30,2.27,27.90,824.80,-9999.00,-9999.00,-9999.00,-9999.00,-9999.00,-9999.00,-9999.00,0,0,1
2023-08-03T18:00:30,40.762054,-111.910149,1277.30,0.00,0.00,1.00,13.64,22.55,23.82,47.06,1.00,2.00,23.11,45.00,875.10,0.00,35.60,2.27,27.90,824.80,-9999.00,-9999.00,-9999.00,-9999.00,-9999.00,-9999.00,-9999.00,0,0,1
2023-08-03T18:00:35,40.762070,-111.910149,1276.80,0.00,0.00,1.00,13.64,22.56,23.82,47.15,1.00,2.00,23.11,45.00,875.10,0.00,34.70,2.25,27.90,824.70,-9999.00,-9999.00,-9999.00,-9999.00,-9999.00,-9999.00,-9999.00,0,0,1
2023-08-03T18:00:40,40.762081,-111.910164,1275.70,0.00,0.00,1.00,13.64,22.57,23.82,47.30,1.00,2.00,23.11,45.00,875.10,0.00,36.10,2.27,27.90,824.70,-9999.00,-9999.00,-9999.00,-9999.00,-9999.00,-9999.00,-9999.00,0,0,1
2023-08-03T18:00:45,40.762085,-111.910179,1275.30,0.00,0.00,1.00,13.64,22.57,23.82,47.34,2.00,2.00,23.11,45.00,875.30,0.00,35.30,2.25,28.00,824.80,-9999.00,-9999.00,-9999.00,-9999.00,-9999.00,-9999.00,-9999.00,0,0,1
2023-08-03T18:00:50,40.762085,-111.910179,1275.30,0.00,0.00,1.00,13.64,22.58,23.82,47.41,2.00,2.00,23.11,45.00,875.00,0.00,35.00,2.27,28.00,824.80,-9999.00,-9999.00,-9999.00,-9999.00,-9999.00,-9999.00,-9999.00,0,0,1
2023-08-03T18:00:55,40.762085,-111.910179,1275.30,0.00,0.00,1.00,13.64,22.59,23.82,47.46,1.00,2.00,23.11,45.00,875.20,0.00,33.70,2.27,28.00,824.60,-9999.00,-9999.00,-9999.00,-9999.00,-9999.00,-9999.00,-9999.00,0,0,1
2023-08-03T18:01:00,40.762081,-111.910194,1275.70,0.00,0.00,1.00,13.64,22.59,23.82,47.51,1.00,2.00,23.11,45.00,875.20,0.00,36.10,2.26,28.10,824.70,-9999.00,-9999.00,-9999.00,-9999.00,-9999.00,-9999.00,-9999.00,0,0,1
2023-08-03T18:01:05,40.762077,-111.910210,1276.40,0.00,0.00,1.00,13.64,22.60,23.82,47.36,1.00,2.00,23.11,45.00,875.00,0.00,34.10,2.27,28.10,824.80,-9999.00,-9999.00,-9999.00,-9999.00,-9999.00,-9999.00,-9999.00,0,0,1
2023-08-03T18:01:10,40.762074,-111.910217,1276.90,0.00,0.00,1.00,13.64,22.61,23.82,47.35,1.00,2.00,23.11,45.00,875.00,0.00,35.20,2.28,28.10,824.70,-9999.00,-9999.00,-9999.00,-9999.00,-9999.00,-9999.00,-9999.00,0,0,1
2023-08-03T18:01:15,40.762070,-111.910233,1277.70,0.00,0.00,1.00,13.64,22.62,23.82,47.24,1.00,2.00,23.22,45.00,875.10,0.00,34.00,2.28,28.20,824.70,-9999.00,-9999.00,-9999.00,-9999.00,-9999.00,-9999.00,-9999.00,0,0,1
2023-08-03T18:01:20,40.762070,-111.910233,1278.10,0.00,0.00,1.00,13.64,22.62,23.82,47.32,2.00,2.00,23.22,45.00,875.30,0.00,38.00,2.28,28.20,824.70,-9999.00,-9999.00,-9999.00,-9999.00,-9999.00,-9999.00,-9999.00,0,0,1
2023-08-03T18:01:25,40.762070,-111.910225,1278.90,0.00,0.00,1.00,13.64,22.63,23.84,47.49,1.00,2.00,23.22,44.00,875.10,0.00,36.50,2.26,28.20,824.80,-9999.00,-9999.00,-9999.00,-9999.00,-9999.00,-9999.00,-9999.00,0,0,1
2023-08-03T18:01:30,40.762074,-111.910217,1279.90,0.00,0.00,1.00,13.12,22.64,23.82,47.52,1.00,2.00,23.22,44.00,875.00,0.00,37.50,2.26,28.20,824.70,-9999.00,-9999.00,-9999.00,-9999.00,-9999.00,-9999.00,-9999.00,0,0,1
2023-08-03T18:01:35,40.762081,-111.910225,1281.80,0.00,0.00,1.00,13.12,22.64,23.80,47.52,1.00,2.00,23.22,44.00,875.00,0.00,35.50,2.27,28.30,824.70,-9999.00,-9999.00,-9999.00,-9999.00,-9999.00,-9999.00,-9999.00,0,0,1
2023-08-03T18:01:40,40.762089,-111.910225,1282.80,0.00,0.00,1.00,13.13,22.65,23.80,47.56,1.00,2.00,23.22,44.00,875.20,0.00,36.50,2.27,28.30,824.70,-9999.00,-9999.00,-9999.00,-9999.00,-9999.00,-9999.00,-9999.00,0,0,1
2023-08-03T18:01:45,40.762093,-111.910217,1284.50,0.00,0.00,1.00,13.13,22.66,23.78,47.70,2.00,2.00,23.22,44.00,875.20,0.00,38.20,2.26,28.30,824.80,-9999.00,-9999.00,-9999.00,-9999.00,-9999.00,-9999.00,-9999.00,0,0,1
2023-08-03T18:01:50,40.762096,-111.910202,1286.20,0.00,0.00,1.00,13.13,22.66,23.78,47.76,1.00,2.00,23.22,44.00,875.00,0.00,34.80,2.27,28.40,824.80,-9999.00,-9999.00,-9999.00,-9999.00,-9999.00,-9999.00,-9999.00,0,0,1
2023-08-03T18:01:55,40.762104,-111.910187,1287.70,0.00,0.00,1.00,13.13,22.67,23.78,47.80,1.00,2.00,23.22,44.00,875.10,0.00,33.00,2.27,28.40,824.70,-9999.00,-9999.00,-9999.00,-9999.00,-9999.00,-9999.00,-9999.00,0,0,1
2023-08-03T18:02:00,40.762108,-111.910179,1288.70,0.00,0.00,1.00,13.13,22.68,23.78,47.86,2.00,2.00,23.22,44.00,875.10,0.00,33.10,2.27,28.40,824.70,-9999.00,-9999.00,-9999.00,-9999.00,-9999.00,-9999.00,-9999.00,0,0,1
2023-08-03T18:02:05,40.762108,-111.910179,1289.40,0.00,0.00,1.00,13.13,22.69,23.78,47.94,1.00,2.00,23.22,44.00,875.00,0.00,35.20,2.27,28.40,824.70,-9999.00,-9999.00,-9999.00,-9999.00,-9999.00,-9999.00,-9999.00,0,0,1
2023-08-03T18:02:10,40.762108,-111.910172,1289.90,0.00,0.00,1.00,13.13,22.69,23.76,48.06,1.00,2.00,23.22,44.00,875.10,0.00,34.00,2.29,28.50,824.60,-9999.00,-9999.00,-9999.00,-9999.00,-9999.00,-9999.00,-9999.00,0,0,1
2023-08-03T18:02:15,40.762108,-111.910172,1289.90,0.00,0.00,1.00,13.13,22.70,23.76,48.10,2.00,2.00,23.22,44.00,875.30,0.00,34.60,2.28,28.50,824.60,-9999.00,-9999.00,-9999.00,-9999.00,-9999.00,-9999.00,-9999.00,0,0,1
2023-08-03T18:02:20,40.762108,-111.910172,1289.90,0.00,0.00,1.00,13.13,22.71,23.76,48.14,2.00,2.00,23.22,44.00,875.00,0.00,31.50,2.26,28.50,824.70,-9999.00,-9999.00,-9999.00,-9999.00,-9999.00,-9999.00,-9999.00,0,0,1
2023-08-03T18:02:25,40.762108,-111.910172,1289.90,0.00,0.00,1.00,13.12,22.72,23.76,47.97,2.00,2.00,23.22,44.00,875.10,0.00,30.40,2.26,28.60,824.80,-9999.00,-9999.00,-9999.00,-9999.00,-9999.00,-9999.00,-9999.00,0,0,1
2023-08-03T18:02:30,40.762108,-111.910172,1289.90,0.00,0.00,1.00,13.13,22.72,23.76,47.82,2.00,2.00,23.22,44.00,875.20,0.00,36.10,2.29,28.60,824.70,-9999.00,-9999.00,-9999.00,-9999.00,-9999.00,-9999.00,-9999.00,0,0,1
2023-08-03T18:02:35,40.762108,-111.910172,1289.90,0.00,0.00,1.00,13.13,22.73,23.74,47.82,1.00,2.00,23.22,44.00,875.00,0.00,36.50,2.26,28.60,824.60,-9999.00,-9999.00,-9999.00,-9999.00,-9999.00,-9999.00,-9999.00,0,0,1
2023-08-03T18:02:40,40.762104,-111.910172,1290.60,0.00,0.00,1.00,13.13,22.74,23.74,47.82,1.00,2.00,23.28,44.00,875.10,0.00,36.50,2.28,28.60,824.70,-9999.00,-9999.00,-9999.00,-9999.00,-9999.00,-9999.00,-9999.00,0,0,1
2023-08-03T18:02:45,40.762096,-111.910179,1291.00,0.00,0.00,1.00,13.13,22.74,23.74,47.96,1.00,2.00,23.22,44.00,875.20,0.00,34.20,2.28,28.70,824.70,-9999.00,-9999.00,-9999.00,-9999.00,-9999.00,-9999.00,-9999.00,0,0,1
2023-08-03T18:02:50,40.762096,-111.910187,1291.70,0.00,0.00,1.00,13.13,22.75,23.72,48.04,2.00,2.00,23.28,44.00,875.00,0.00,36.60,2.27,28.70,824.70,-9999.00,-9999.00,-9999.00,-9999.00,-9999.00,-9999.00,-9999.00,0,0,1
2023-08-03T18:02:55,40.762093,-111.910194,1292.40,0.00,0.00,1.00,13.13,22.76,23.72,48.12,2.00,2.00,23.28,44.00,875.00,0.00,37.70,2.27,28.70,824.70,-9999.00,-9999.00,-9999.00,-9999.00,-9999.00,-9999.00,-9999.00,0,0,1
2023-08-03T18:03:00,40.762093,-111.910202,1292.70,0.00,0.00,1.00,13.12,22.77,23.72,48.18,2.00,2.00,23.28,44.00,875.10,0.00,37.20,2.27,28.80,824.70,-9999.00,-9999.00,-9999.00,-9999.00,-9999.00,-9999.00,-9999.00,0,0,1
2023-08-03T18:03:05,40.762093,-111.910202,1292.70,0.00,0.00,1.00,13.12,22.77,23.72,48.22,2.00,2.00,23.28,44.00,875.20,0.00,35.40,2.27,28.80,824.70,-9999.00,-9999.00,-9999.00,-9999.00,-9999.00,-9999.00,-9999.00,0,0,1
2023-08-03T18:03:10,40.762089,-111.910202,1292.70,0.00,0.00,1.00,13.13,22.78,23.72,48.23,2.00,2.00,23.28,44.00,874.90,0.00,29.70,2.29,28.80,824.70,-9999.00,-9999.00,-9999.00,-9999.00,-9999.00,-9999.00,-9999.00,0,0,1
2023-08-03T18:03:15,40.762089,-111.910217,1293.30,0.00,0.00,1.00,13.13,22.79,23.71,48.25,2.00,2.00,23.28,44.00,875.00,0.00,33.80,2.28,28.80,824.60,-9999.00,-9999.00,-9999.00,-9999.00,-9999.00,-9999.00,-9999.00,0,0,1
2023-08-03T18:03:20,40.762089,-111.910225,1293.50,0.00,0.00,1.00,13.13,22.80,23.70,48.22,2.00,2.00,23.28,44.00,875.10,0.00,34.30,2.26,28.90,824.50,-9999.00,-9999.00,-9999.00,-9999.00,-9999.00,-9999.00,-9999.00,0,0,1
2023-08-03T18:03:25,40.762089,-111.910225,1293.40,0.00,0.00,1.00,13.13,22.80,23.70,48.14,2.00,2.00,23.28,44.00,875.00,0.00,35.30,2.27,28.90,824.70,-9999.00,-9999.00,-9999.00,-9999.00,-9999.00,-9999.00,-9999.00,0,0,1
2023-08-03T18:03:30,40.762089,-111.910233,1293.00,0.00,0.00,1.00,14.15,22.81,23.73,48.06,2.00,2.00,23.28,44.00,875.10,0.00,33.10,2.28,28.90,824.70,-9999.00,-9999.00,-9999.00,-9999.00,-9999.00,-9999.00,-9999.00,0,0,1
2023-08-03T18:03:35,40.762089,-111.910248,1292.90,0.00,0.00,1.00,13.64,22.82,23.75,48.10,1.00,2.00,23.28,43.00,875.00,0.00,31.60,2.27,29.00,824.60,-9999.00,-9999.00,-9999.00,-9999.00,-9999.00,-9999.00,-9999.00,0,0,1
2023-08-03T18:03:40,40.762089,-111.910255,1292.80,0.00,0.00,1.00,13.64,22.83,23.70,48.10,1.00,2.00,23.28,43.00,874.90,0.00,34.70,2.27,29.00,824.60,-9999.00,-9999.00,-9999.00,-9999.00,-9999.00,-9999.00,-9999.00,0,0,1
2023-08-03T18:03:45,40.762093,-111.910255,1292.30,0.00,0.00,1.00,13.64,22.83,23.72,48.17,1.00,2.00,23.28,43.00,875.00,0.00,33.70,2.28,29.00,824.70,-9999.00,-9999.00,-9999.00,-9999.00,-9999.00,-9999.00,-9999.00,0,0,1
2023-08-03T18:03:50,40.762096,-111.910271,1291.90,0.00,0.00,1.00,13.64,22.84,23.72,48.20,1.00,2.00,23.28,43.00,875.10,0.00,37.40,2.27,29.00,824.70,-9999.00,-9999.00,-9999.00,-9999.00,-9999.00,-9999.00,-9999.00,0,0,1
2023-08-03T18:03:55,40.762112,-111.910248,1290.80,0.00,0.00,1.00,13.64,22.85,23.72,48.19,2.00,2.00,23.39,43.00,874.90,0.00,31.70,2.27,29.10,824.60,-9999.00,-9999.00,-9999.00,-9999.00,-9999.00,-9999.00,-9999.00,0,0,1
2023-08-03T18:04:00,40.762119,-111.910233,1290.20,0.00,0.00,1.00,13.64,22.85,23.72,48.19,2.00,2.00,23.39,43.00,875.00,0.00,29.90,2.28,29.10,824.50,-9999.00,-9999.00,-9999.00,-9999.00,-9999.00,-9999.00,-9999.00,0,0,1
2023-08-03T18:04:05,40.762131,-111.910240,1290.40,0.00,0.00,1.00,13.64,22.86,23.74,47.79,2.00,2.00,23.39,43.00,875.00,0.00,31.70,2.28,29.10,824.60,-9999.00,-9999.00,-9999.00,-9999.00,-9999.00,-9999.00,-9999.00,0,0,1
2023-08-03T18:04:10,40.762138,-111.910248,1290.70,0.00,0.00,1.00,13.64,22.87,23.74,47.72,2.00,2.00,23.39,43.00,875.00,0.00,35.60,2.27,29.10,824.60,-9999.00,-9999.00,-9999.00,-9999.00,-9999.00,-9999.00,-9999.00,0,0,1
2023-08-03T18:04:15,40.762138,-111.910248,1290.60,0.00,0.00,1.00,13.64,22.88,23.74,47.70,2.00,2.00,23.39,43.00,875.00,0.00,33.00,2.27,29.20,824.60,-9999.00,-9999.00,-9999.00,-9999.00,-9999.00,-9999.00,-9999.00,0,0,1
2023-08-03T18:04:20,40.762138,-111.910255,1290.50,0.00,0.00,1.00,13.64,22.88,23.74,47.82,2.00,2.00,23.39,43.00,875.20,0.00,35.70,2.27,29.20,824.60,-9999.00,-9999.00,-9999.00,-9999.00,-9999.00,-9999.00,-9999.00,0,0,1
2023-08-03T18:04:25,40.762135,-111.910263,1291.70,0.00,0.00,1.00,13.64,22.89,23.76,47.90,2.00,2.00,23.39,43.00,875.20,0.00,32.90,2.27,29.20,824.70,-9999.00,-9999.00,-9999.00,-9999.00,-9999.00,-9999.00,-9999.00,0,0,1
2023-08-03T18:04:30,40.762127,-111.910271,1292.20,0.00,0.00,1.00,13.64,22.90,23.76,47.94,2.00,2.00,23.39,43.00,874.90,0.00,32.80,2.29,29.20,824.60,-9999.00,-9999.00,-9999.00,-9999.00,-9999.00,-9999.00,-9999.00,0,0,1
2023-08-03T18:04:35,40.762123,-111.910271,1292.80,0.00,0.00,1.00,13.64,22.91,23.76,48.04,2.00,2.00,23.39,43.00,874.90,0.00,24.60,2.27,29.30,824.60,-9999.00,-9999.00,-9999.00,-9999.00,-9999.00,-9999.00,-9999.00,0,0,1
2023-08-03T18:04:40,40.762115,-111.910278,1293.70,0.00,0.00,1.00,13.64,22.91,23.76,48.09,2.00,2.00,23.39,43.00,874.90,0.00,30.20,2.27,29.30,824.60,-9999.00,-9999.00,-9999.00,-9999.00,-9999.00,-9999.00,-9999.00,0,0,1
2023-08-03T18:04:45,40.762115,-111.910278,1293.90,0.00,0.00,1.00,13.64,22.92,23.76,48.12,2.00,2.00,23.39,43.00,875.00,0.00,28.90,2.28,29.30,824.60,-9999.00,-9999.00,-9999.00,-9999.00,-9999.00,-9999.00,-9999.00,0,0,1
2023-08-03T18:04:50,40.762112,-111.910294,1295.20,0.00,0.00,1.00,13.64,22.93,23.78,48.14,2.00,2.00,23.39,43.00,874.90,0.00,32.90,2.27,29.30,824.60,-9999.00,-9999.00,-9999.00,-9999.00,-9999.00,-9999.00,-9999.00,0,0,1
2023-08-03T18:04:55,40.762112,-111.910294,1296.10,0.00,0.00,1.00,13.64,22.94,23.78,48.19,2.00,2.00,23.50,43.00,875.00,0.00,30.90,2.27,29.40,824.60,-9999.00,-9999.00,-9999.00,-9999.00,-9999.00,-9999.00,-9999.00,0,0,1
2023-08-03T18:05:00,40.762112,-111.910294,1296.10,0.00,0.00,1.00,13.64,22.94,23.78,48.13,2.00,2.00,23.50,43.00,875.20,0.00,-9999.00,2.28,29.40,824.60,-9999.00,-9999.00,-9999.00,-9999.00,-9999.00,-9999.00,-9999.00,0,0,1
2023-08-03T18:05:05,40.762112,-111.910294,1296.10,0.00,0.00,1.00,13.64,22.95,23.79,48.07,2.00,2.00,23.50,43.00,875.20,0.00,-9999.00,2.28,29.40,824.70,-9999.00,-9999.00,-9999.00,-9999.00,-9999.00,-9999.00,-9999.00,0,0,1
2023-08-03T18:05:10,40.762112,-111.910294,1296.10,0.00,0.00,1.00,13.64,22.96,23.80,48.06,2.00,2.00,23.50,43.00,874.90,0.00,-9999.00,2.29,29.40,824.70,-9999.00,-9999.00,-9999.00,-9999.00,-9999.00,-9999.00,-9999.00,0,0,1
2023-08-03T18:05:15,40.762112,-111.910294,1296.10,0.00,0.00,1.00,13.64,22.97,23.80,48.07,2.00,2.00,23.50,43.00,875.20,0.00,-9999.00,2.29,29.50,824.60,-9999.00,-9999.00,-9999.00,-9999.00,-9999.00,-9999.00,-9999.00,0,0,1
2023-08-03T18:05:20,40.762112,-111.910294,1296.10,0.00,0.00,1.00,13.64,22.97,23.82,48.06,2.00,2.00,23.50,43.00,875.20,0.00,-9999.00,2.28,29.50,824.60,-9999.00,-9999.00,-9999.00,-9999.00,-9999.00,-9999.00,-9999.00,0,0,1
2023-08-03T18:05:25,40.762112,-111.910278,1296.40,0.00,0.00,1.00,13.64,22.98,23.82,47.15,2.00,2.00,23.50,43.00,875.00,0.00,-9999.00,2.28,29.50,824.70,-9999.00,-9999.00,-9999.00,-9999.00,-9999.00,-9999.00,-9999.00,0,0,1
2023-08-03T18:05:30,40.762112,-111.910255,1296.80,0.00,0.00,1.00,13.64,22.99,23.82,47.23,2.00,2.00,23.50,42.00,875.00,0.00,-9999.00,2.28,29.50,824.70,-9999.00,-9999.00,-9999.00,-9999.00,-9999.00,-9999.00,-9999.00,0,0,1
2023-08-03T18:05:35,40.762119,-111.910240,1297.40,0.00,0.00,1.00,13.64,23.00,23.82,47.57,2.00,2.00,23.50,42.00,874.90,0.00,-9999.00,2.28,29.60,824.60,-9999.00,-9999.00,-9999.00,-9999.00,-9999.00,-9999.00,-9999.00,0,0,1
2023-08-03T18:05:40,40.762123,-111.910233,1297.90,0.00,0.00,1.00,13.64,23.00,23.88,47.64,2.00,2.00,23.50,42.00,875.00,0.00,-9999.00,2.29,29.60,824.60,-9999.00,-9999.00,-9999.00,-9999.00,-9999.00,-9999.00,-9999.00,0,0,1
2023-08-03T18:05:45,40.762127,-111.910233,1298.50,0.00,0.00,1.00,13.64,23.01,23.87,47.62,2.00,2.00,23.50,42.00,875.10,0.00,-9999.00,2.27,29.60,824.70,-9999.00,-9999.00,-9999.00,-9999.00,-9999.00,-9999.00,-9999.00,0,0,1
2023-08-03T18:05:50,40.762138,-111.910225,1299.00,0.00,0.00,1.00,13.64,23.02,23.84,47.58,1.00,2.00,23.50,42.00,875.20,0.00,-9999.00,2.27,29.60,824.70,-9999.00,-9999.00,-9999.00,-9999.00,-9999.00,-9999.00,-9999.00,0,0,1
2023-08-03T18:05:55,40.762146,-111.910217,1299.30,0.00,0.00,1.00,13.64,23.03,23.84,47.62,1.00,2.00,23.50,42.00,875.20,0.00,-9999.00,2.29,29.70,824.60,-9999.00,-9999.00,-9999.00,-9999.00,-9999.00,-9999.00,-9999.00,0,0,1
2023-08-03T18:06:00,40.762154,-111.910210,1299.50,0.00,0.00,1.00,13.64,23.03,23.84,47.68,2.00,2.00,23.61,42.00,874.90,0.00,-9999.00,2.28,29.70,824.60,-9999.00,-9999.00,-9999.00,-9999.00,-9999.00,-9999.00,-9999.00,0,0,1
2023-08-03T18:06:05,40.762157,-111.910217,1299.80,0.00,0.00,1.00,13.64,23.04,23.84,47.54,2.00,2.00,23.61,42.00,875.00,0.00,-9999.00,2.27,29.70,824.70,-9999.00,-9999.00,-9999.00,-9999.00,-9999.00,-9999.00,-9999.00,0,0,1
2023-08-03T18:06:10,40.762161,-111.910225,1300.30,0.00,0.00,1.00,13.64,23.05,23.86,47.08,2.00,2.00,23.61,42.00,875.00,0.00,-9999.00,2.28,29.70,824.70,-9999.00,-9999.00,-9999.00,-9999.00,-9999.00,-9999.00,-9999.00,0,0,1
2023-08-03T18:06:15,40.762165,-111.910233,1301.10,0.00,0.00,1.00,13.64,23.06,23.86,47.02,1.00,2.00,23.61,42.00,875.00,0.00,-9999.00,2.27,29.80,824.50,-9999.00,-9999.00,-9999.00,-9999.00,-9999.00,-9999.00,-9999.00,0,0,1
2023-08-03T18:06:20,40.762165,-111.910233,1301.30,0.00,0.00,1.00,13.64,23.06,23.86,47.21,2.00,2.00,23.61,42.00,875.00,0.00,-9999.00,2.29,29.80,824.60,-9999.00,-9999.00,-9999.00,-9999.00,-9999.00,-9999.00,-9999.00,0,0,1
2023-08-03T18:06:25,40.762169,-111.910240,1301.70,0.00,0.00,1.00,13.64,23.07,23.86,47.32,2.00,2.00,23.61,42.00,874.90,0.00,-9999.00,2.27,29.80,824.70,-9999.00,-9999.00,-9999.00,-9999.00,-9999.00,-9999.00,-9999.00,0,0,1
2023-08-03T18:06:30,40.762169,-111.910240,1301.50,0.00,0.00,1.00,13.64,23.08,23.86,47.35,2.00,2.00,23.61,42.00,875.00,0.00,-9999.00,2.29,29.80,824.70,-9999.00,-9999.00,-9999.00,-9999.00,-9999.00,-9999.00,-9999.00,0,0,1
2023-08-03T18:06:35,40.762169,-111.910240,1301.50,0.00,0.00,1.00,13.64,23.09,23.86,47.38,2.00,2.00,23.61,42.00,875.00,0.00,-9999.00,2.29,29.90,824.60,-9999.00,-9999.00,-9999.00,-9999.00,-9999.00,-9999.00,-9999.00,0,0,1
2023-08-03T18:06:40,40.762173,-111.910240,1301.50,0.00,0.00,1.00,13.64,23.10,23.86,47.44,2.00,2.00,23.61,42.00,875.20,0.00,-9999.00,2.28,29.90,824.60,-9999.00,-9999.00,-9999.00,-9999.00,-9999.00,-9999.00,-9999.00,0,0,1
2023-08-03T18:06:45,40.762173,-111.910233,1301.40,0.00,0.00,1.00,13.64,23.10,23.86,47.46,2.00,2.00,23.61,41.00,875.20,0.00,-9999.00,2.28,29.90,824.70,-9999.00,-9999.00,-9999.00,-9999.00,-9999.00,-9999.00,-9999.00,0,0,1
2023-08-03T18:06:50,40.762177,-111.910225,1301.40,0.00,0.00,1.00,13.64,23.11,23.86,47.54,1.00,2.00,23.61,41.00,875.00,0.00,-9999.00,2.26,29.90,824.70,-9999.00,-9999.00,-9999.00,-9999.00,-9999.00,-9999.00,-9999.00,0,0,1
2023-08-03T18:06:55,40.762180,-111.910225,1301.20,0.00,0.00,1.00,13.64,23.12,23.88,47.56,2.00,2.00,23.61,41.00,875.00,0.00,-9999.00,2.28,30.00,824.50,-9999.00,-9999.00,-9999.00,-9999.00,-9999.00,-9999.00,-9999.00,0,0,1
2023-08-03T18:07:00,40.762184,-111.910225,1301.00,0.00,0.00,1.00,13.64,23.13,23.88,47.56,1.00,2.00,23.61,41.00,875.00,0.00,-9999.00,2.28,30.00,824.50,-9999.00,-9999.00,-9999.00,-9999.00,-9999.00,-9999.00,-9999.00,0,0,1
2023-08-03T18:07:05,40.762184,-111.910210,1301.00,0.00,0.00,1.00,13.64,23.13,23.88,47.52,2.00,2.00,23.72,41.00,875.00,0.00,-9999.00,2.27,30.00,824.70,-9999.00,-9999.00,-9999.00,-9999.00,-9999.00,-9999.00,-9999.00,0,0,1
2023-08-03T18:07:10,40.762184,-111.910210,1301.00,0.00,0.00,1.00,13.64,23.14,23.88,47.48,2.00,2.00,23.72,41.00,875.00,0.00,-9999.00,2.28,30.00,824.70,-9999.00,-9999.00,-9999.00,-9999.00,-9999.00,-9999.00,-9999.00,0,0,1
2023-08-03T18:07:15,40.762184,-111.910210,1301.00,0.00,0.00,1.00,13.64,23.15,23.88,47.48,1.00,2.00,23.72,41.00,875.10,0.00,-9999.00,2.28,30.10,824.60,-9999.00,-9999.00,-9999.00,-9999.00,-9999.00,-9999.00,-9999.00,0,0,1
2023-08-03T18:07:20,40.762184,-111.910210,1301.00,0.00,0.00,1.00,13.64,23.16,23.90,47.55,1.00,2.00,23.72,41.00,874.90,0.00,-9999.00,2.28,30.10,824.60,-9999.00,-9999.00,-9999.00,-9999.00,-9999.00,-9999.00,-9999.00,0,0,1
2023-08-03T18:07:25,40.762184,-111.910210,1301.00,0.00,0.00,1.00,13.64,23.16,23.90,47.61,1.00,2.00,23.72,41.00,875.00,0.00,-9999.00,2.28,30.10,824.70,-9999.00,-9999.00,-9999.00,-9999.00,-9999.00,-9999.00,-9999.00,0,0,1
2023-08-03T18:07:30,40.762180,-111.910210,1300.80,0.00,0.00,1.00,13.64,23.17,23.90,47.59,2.00,2.00,23.72,41.00,875.10,0.00,-9999.00,2.29,30.10,824.70,-9999.00,-9999.00,-9999.00,-9999.00,-9999.00,-9999.00,-9999.00,0,0,1
2023-08-03T18:07:35,40.762177,-111.910202,1300.10,0.00,0.00,1.00,13.64,23.18,23.92,47.63,2.00,2.00,23.72,41.00,875.20,0.00,-9999.00,2.29,30.20,824.60,-9999.00,-9999.00,-9999.00,-9999.00,-9999.00,-9999.00,-9999.00,0,0,1
2023-08-03T18:07:40,40.762169,-111.910194,1299.70,0.00,0.00,1.00,13.64,23.19,23.92,47.64,2.00,2.00,23.72,41.00,875.10,0.00,-9999.00,2.27,30.20,824.60,-9999.00,-9999.00,-9999.00,-9999.00,-9999.00,-9999.00,-9999.00,0,0,1
2023-08-03T18:07:45,40.762165,-111.910187,1299.70,0.00,0.00,1.00,13.64,23.19,23.92,47.68,2.00,2.00,23.72,41.00,874.90,0.00,-9999.00,2.28,30.20,824.60,-9999.00,-9999.00,-9999.00,-9999.00,-9999.00,-9999.00,-9999.00,0,0,1
2023-08-03T18:07:50,40.762161,-111.910179,1299.80,0.00,0.00,1.00,13.64,23.20,24.01,47.28,2.00,2.00,23.72,41.00,874.90,0.00,-9999.00,2.26,30.20,824.60,-9999.00,-9999.00,-9999.00,-9999.00,-9999.00,-9999.00,-9999.00,0,0,1
2023-08-03T18:07:55,40.762161,-111.910179,1299.80,0.00,0.00,1.00,13.64,23.21,23.98,47.16,2.00,2.00,23.72,41.00,875.00,0.00,-9999.00,2.28,30.20,824.60,-9999.00,-9999.00,-9999.00,-9999.00,-9999.00,-9999.00,-9999.00,0,0,1
2023-08-03T18:08:00,40.762161,-111.910179,1299.80,0.00,0.00,1.00,13.64,23.22,23.94,47.34,2.00,2.00,23.78,41.00,875.00,0.00,-9999.00,2.28,30.30,824.60,-9999.00,-9999.00,-9999.00,-9999.00,-9999.00,-9999.00,-9999.00,0,0,1
2023-08-03T18:08:05,40.762161,-111.910179,1299.80,0.00,0.00,1.00,13.64,23.22,23.96,47.38,2.00,2.00,23.78,41.00,875.00,0.00,-9999.00,2.27,30.30,824.70,-9999.00,-9999.00,-9999.00,-9999.00,-9999.00,-9999.00,-9999.00,0,0,1
2023-08-03T18:08:10,40.762154,-111.910187,1299.90,0.00,0.00,1.00,13.64,23.23,23.98,47.02,2.00,2.00,23.78,41.00,874.90,0.00,-9999.00,2.26,30.30,824.60,-9999.00,-9999.00,-9999.00,-9999.00,-9999.00,-9999.00,-9999.00,0,0,1
2023-08-03T18:08:15,40.762142,-111.910187,1300.40,0.00,0.00,1.00,13.64,23.24,23.98,47.01,2.00,2.00,23.78,41.00,874.80,0.00,-9999.00,2.27,30.30,824.50,-9999.00,-9999.00,-9999.00,-9999.00,-9999.00,-9999.00,-9999.00,0,0,1
2023-08-03T18:08:20,40.762131,-111.910187,1300.50,0.00,0.00,1.00,13.64,23.25,23.98,47.04,2.00,2.00,23.78,41.00,874.90,0.00,-9999.00,2.28,30.30,824.50,-9999.00,-9999.00,-9999.00,-9999.00,-9999.00,-9999.00,-9999.00,0,0,1
2023-08-03T18:08:25,40.762131,-111.910187,1300.50,0.00,0.00,1.00,13.64,23.25,24.00,47.09,2.00,2.00,23.78,41.00,875.00,0.00,-9999.00,2.29,30.40,824.70,-9999.00,-9999.00,-9999.00,-9999.00,-9999.00,-9999.00,-9999.00,0,0,1
2023-08-03T18:08:30,40.762131,-111.910187,1300.30,0.00,0.00,1.00,13.64,23.26,24.00,47.21,2.00,2.00,23.78,41.00,875.10,0.00,-9999.00,2.29,30.40,824.70,-9999.00,-9999.00,-9999.00,-9999.00,-9999.00,-9999.00,-9999.00,0,0,1
2023-08-03T18:08:35,40.762127,-111.910194,1300.00,0.00,0.00,1.00,13.64,23.27,24.02,47.30,2.00,2.00,23.78,41.00,875.10,0.00,-9999.00,2.27,30.40,824.60,-9999.00,-9999.00,-9999.00,-9999.00,-9999.00,-9999.00,-9999.00,0,0,1
2023-08-03T18:08:40,40.762127,-111.910194,1299.90,0.00,0.00,1.00,13.64,23.28,24.02,47.30,2.00,2.00,23.78,40.00,875.20,0.00,-9999.00,2.29,30.40,824.60,-9999.00,-9999.00,-9999.00,-9999.00,-9999.00,-9999.00,-9999.00,0,0,1
2023-08-03T18:08:45,40.762131,-111.910210,1299.80,0.00,0.00,1.00,13.64,23.29,24.04,47.00,2.00,2.00,23.78,40.00,875.20,0.00,-9999.00,2.29,30.50,824.60,-9999.00,-9999.00,-9999.00,-9999.00,-9999.00,-9999.00,-9999.00,0,0,1
2023-08-03T18:08:50,40.762138,-111.910225,1299.70,0.00,0.00,1.00,13.64,23.29,24.04,46.93,2.00,2.00,23.89,40.00,875.20,0.00,-9999.00,2.27,30.50,824.70,-9999.00,-9999.00,-9999.00,-9999.00,-9999.00,-9999.00,-9999.00,0,0,1
2023-08-03T18:08:55,40.762142,-111.910233,1300.00,0.00,0.00,1.00,13.64,23.30,24.04,46.82,2.00,2.00,23.89,40.00,875.00,0.00,-9999.00,2.27,30.50,824.70,-9999.00,-9999.00,-9999.00,-9999.00,-9999.00,-9999.00,-9999.00,0,0,1
2023-08-03T18:09:00,40.762150,-111.910233,1300.40,0.00,0.00,1.00,13.64,23.31,24.06,46.45,2.00,2.00,23.89,40.00,875.20,0.00,-9999.00,2.27,30.50,824.60,-9999.00,-9999.00,-9999.00,-9999.00,-9999.00,-9999.00,-9999.00,0,0,1
2023-08-03T18:09:05,40.762154,-111.910225,1301.00,0.00,0.00,1.00,13.64,23.32,24.06,46.61,2.00,2.00,23.89,40.00,874.90,0.00,-9999.00,2.29,30.50,824.70,-9999.00,-9999.00,-9999.00,-9999.00,-9999.00,-9999.00,-9999.00,0,0,1
2023-08-03T18:09:10,40.762157,-111.910217,1301.60,0.00,0.00,1.00,13.64,23.32,24.06,46.67,2.00,2.00,23.89,40.00,875.00,0.00,-9999.00,2.29,30.60,824.70,-9999.00,-9999.00,-9999.00,-9999.00,-9999.00,-9999.00,-9999.00,0,0,1
2023-08-03T18:09:15,40.762154,-111.910210,1302.40,0.00,0.00,1.00,13.64,23.33,24.08,46.60,2.00,2.00,23.89,40.00,875.00,0.00,-9999.00,2.29,30.60,824.60,-9999.00,-9999.00,-9999.00,-9999.00,-9999.00,-9999.00,-9999.00,0,0,1
2023-08-03T18:09:20,40.762150,-111.910202,1303.30,0.00,0.00,1.00,13.64,23.34,24.08,46.53,2.00,2.00,23.89,40.00,874.90,0.00,-9999.00,2.29,30.60,824.60,-9999.00,-9999.00,-9999.00,-9999.00,-9999.00,-9999.00,-9999.00,0,0,1
2023-08-03T18:09:25,40.762138,-111.910194,1303.50,0.00,0.00,1.00,13.64,23.35,24.08,46.51,2.00,2.00,23.89,40.00,875.00,0.00,-9999.00,2.27,30.60,824.60,-9999.00,-9999.00,-9999.00,-9999.00,-9999.00,-9999.00,-9999.00,0,0,1
2023-08-03T18:09:30,40.762138,-111.910179,1303.10,0.00,0.00,1.00,13.64,23.35,24.10,46.35,2.00,2.00,23.89,40.00,875.00,0.00,-9999.00,2.28,30.70,824.60,-9999.00,-9999.00,-9999.00,-9999.00,-9999.00,-9999.00,-9999.00,0,0,1
2023-08-03T18:09:35,40.762127,-111.910172,1302.00,0.00,0.00,1.00,13.64,23.36,24.10,46.38,2.00,2.00,23.89,40.00,875.00,0.00,-9999.00,2.29,30.70,824.60,-9999.00,-9999.00,-9999.00,-9999.00,-9999.00,-9999.00,-9999.00,0,0,1
2023-08-03T18:09:40,40.762123,-111.910172,1301.70,0.00,0.00,1.00,13.64,23.37,24.10,46.45,2.00,2.00,23.89,40.00,874.90,0.00,-9999.00,2.27,30.70,824.50,-9999.00,-9999.00,-9999.00,-9999.00,-9999.00,-9999.00,-9999.00,0,0,1
2023-08-03T18:09:45,40.762127,-111.910164,1301.70,0.00,0.00,1.00,13.64,23.38,24.10,46.57,2.00,2.00,23.89,40.00,875.20,0.00,-9999.00,2.30,30.70,824.60,-9999.00,-9999.00,-9999.00,-9999.00,-9999.00,-9999.00,-9999.00,0,0,1
2023-08-03T18:09:50,40.762135,-111.910156,1301.70,0.00,0.00,1.00,13.64,23.39,24.10,46.67,2.00,2.00,23.89,40.00,875.20,0.00,-9999.00,2.28,30.70,824.70,-9999.00,-9999.00,-9999.00,-9999.00,-9999.00,-9999.00,-9999.00,0,0,1
2023-08-03T18:09:55,40.762142,-111.910149,1301.20,0.00,0.00,1.00,13.64,23.39,24.12,46.69,2.00,2.00,23.89,40.00,875.20,0.00,-9999.00,2.29,30.80,824.60,-9999.00,-9999.00,-9999.00,-9999.00,-9999.00,-9999.00,-9999.00,0,0,1
2023-08-03T18:10:00,40.762142,-111.910141,1300.30,0.00,0.00,1.00,13.64,23.40,24.15,46.37,2.00,2.00,23.89,39.00,875.20,0.00,-9999.00,2.28,30.80,824.60,-9999.00,-9999.00,-9999.00,-9999.00,-9999.00,-9999.00,-9999.00,0,0,1
2023-08-03T18:10:05,40.762146,-111.910141,1299.60,0.00,0.00,1.00,13.64,23.41,24.13,46.32,1.00,2.00,23.89,39.00,874.90,0.00,-9999.00,2.29,30.80,824.60,-9999.00,-9999.00,-9999.00,-9999.00,-9999.00,-9999.00,-9999.00,0,0,1
2023-08-03T18:10:10,40.762146,-111.910141,1299.60,0.00,0.00,1.00,13.64,23.42,24.14,46.21,2.00,2.00,24.00,39.00,874.90,0.00,-9999.00,2.30,30.80,824.60,-9999.00,-9999.00,-9999.00,-9999.00,-9999.00,-9999.00,-9999.00,0,0,1
2023-08-03T18:10:15,40.762146,-111.910141,1299.60,0.00,0.00,1.00,13.64,23.42,24.14,46.23,2.00,2.00,24.00,39.00,875.00,0.00,-9999.00,2.27,30.90,824.60,-9999.00,-9999.00,-9999.00,-9999.00,-9999.00,-9999.00,-9999.00,0,0,1
2023-08-03T18:10:20,40.762146,-111.910141,1299.60,0.00,0.00,1.00,13.64,23.43,24.14,46.06,2.00,2.00,24.00,39.00,875.20,0.00,-9999.00,2.28,30.90,824.60,-9999.00,-9999.00,-9999.00,-9999.00,-9999.00,-9999.00,-9999.00,0,0,1
2023-08-03T18:10:25,40.762146,-111.910141,1299.60,0.00,0.00,1.00,13.64,23.44,24.16,45.85,2.00,2.00,24.00,39.00,875.10,0.00,-9999.00,2.29,30.90,824.60,-9999.00,-9999.00,-9999.00,-9999.00,-9999.00,-9999.00,-9999.00,0,0,1
2023-08-03T18:10:30,40.762146,-111.910141,1299.60,0.00,0.00,1.00,13.64,23.45,24.16,46.01,2.00,2.00,24.00,39.00,874.90,0.00,-9999.00,2.28,30.90,824.60,-9999.00,-9999.00,-9999.00,-9999.00,-9999.00,-9999.00,-9999.00,0,0,1
2023-08-03T18:10:35,40.762146,-111.910141,1299.60,0.00,0.00,1.00,13.64,23.46,24.16,46.05,2.00,2.00,24.00,39.00,874.90,0.00,-9999.00,2.29,30.90,824.60,-9999.00,-9999.00,-9999.00,-9999.00,-9999.00,-9999.00,-9999.00,0,0,1
2023-08-03T18:10:40,40.762146,-111.910141,1299.20,0.00,0.00,1.00,13.64,23.46,24.18,46.05,2.00,2.00,24.00,39.00,875.10,0.00,-9999.00,2.29,31.00,824.60,-9999.00,-9999.00,-9999.00,-9999.00,-9999.00,-9999.00,-9999.00,0,0,1
2023-08-03T18:10:45,40.762142,-111.910141,1298.70,0.00,0.00,1.00,13.64,23.47,24.18,46.07,2.00,2.00,24.00,39.00,875.20,0.00,-9999.00,2.29,31.00,824.70,-9999.00,-9999.00,-9999.00,-9999.00,-9999.00,-9999.00,-9999.00,0,0,1
2023-08-03T18:10:50,40.762138,-111.910133,1298.60,0.00,0.00,1.00,13.64,23.48,24.18,46.15,2.00,2.00,24.00,39.00,875.00,0.00,-9999.00,2.28,31.00,824.70,-9999.00,-9999.00,-9999.00,-9999.00,-9999.00,-9999.00,-9999.00,0,0,1
2023-08-03T18:10:55,40.762138,-111.910133,1298.20,0.00,0.00,1.00,13.64,23.49,24.18,46.19,2.00,2.00,24.11,39.00,874.90,0.00,-9999.00,2.29,31.00,824.50,-9999.00,-9999.00,-9999.00,-9999.00,-9999.00,-9999.00,-9999.00,0,0,1
2023-08-03T18:11:00,40.762135,-111.910141,1298.10,0.00,0.00,1.00,13.64,23.49,24.20,46.11,2.00,2.00,24.11,39.00,874.90,0.00,-9999.00,2.29,31.00,824.60,-9999.00,-9999.00,-9999.00,-9999.00,-9999.00,-9999.00,-9999.00,0,0,1
2023-08-03T18:11:05,40.762131,-111.910141,1298.00,0.00,0.00,1.00,13.64,23.50,24.20,45.91,2.00,2.00,24.11,39.00,874.90,0.00,-9999.00,2.28,31.10,824.70,-9999.00,-9999.00,-9999.00,-9999.00,-9999.00,-9999.00,-9999.00,0,0,1
2023-08-03T18:11:10,40.762131,-111.910133,1297.70,0.00,0.00,1.00,13.64,23.51,24.20,45.89,2.00,2.00,24.11,39.00,875.00,0.00,-9999.00,2.27,31.10,824.70,-9999.00,-9999.00,-9999.00,-9999.00,-9999.00,-9999.00,-9999.00,0,0,1
2023-08-03T18:11:15,40.762135,-111.910149,1297.50,0.00,0.00,1.00,13.64,23.52,24.20,45.89,2.00,2.00,24.11,39.00,875.00,0.00,-9999.00,2.30,31.10,824.50,-9999.00,-9999.00,-9999.00,-9999.00,-9999.00,-9999.00,-9999.00,0,0,1
2023-08-03T18:11:20,40.762142,-111.910187,1297.80,0.00,0.00,1.00,13.64,23.52,24.22,45.89,2.00,2.00,24.11,39.00,875.10,0.00,-9999.00,2.29,31.10,824.50,-9999.00,-9999.00,-9999.00,-9999.00,-9999.00,-9999.00,-9999.00,0,0,1
2023-08-03T18:11:25,40.762150,-111.910210,1297.90,0.00,0.00,1.00,13.64,23.53,24.22,45.56,2.00,2.00,24.11,39.00,875.00,0.00,-9999.00,2.29,31.10,824.60,-9999.00,-9999.00,-9999.00,-9999.00,-9999.00,-9999.00,-9999.00,0,0,1
2023-08-19T16:11:35,-9999.000000,-9999.000000,-9999.00,-9999.00,-9999.00,0.00,13.65,25.04,26.09,35.75,-9999.00,-9999.00,-9999.00,-9999.00,-9999.00,-9999.00,-9999.00,-9999.00,-9999.00,-9999.00,-9999.00,-9999.00,-9999.00,-9999.00,-9999.00,-9999.00,-9999.00,0,0,1
2023-08-19T16:11:40,-9999.000000,-9999.000000,-9999.00,-9999.00,-9999.00,0.00,13.65,25.04,26.10,35.75,-9999.00,-9999.00,-9999.00,-9999.00,-9999.00,-9999.00,-9999.00,2.32,25.20,824.80,-9999.00,-9999.00,-9999.00,-9999.00,-9999.00,-9999.00,-9999.00,0,0,1
2023-08-19T16:11:45,-9999.000000,-9999.000000,-9999.00,-9999.00,-9999.00,0.00,13.66,25.05,26.10,35.82,-9999.00,-9999.00,-9999.00,-9999.00,-9999.00,-9999.00,-9999.00,2.31,25.30,824.80,-9999.00,-9999.00,-9999.00,-9999.00,-9999.00,-9999.00,-9999.00,0,0,1
2023-08-19T16:11:50,-9999.000000,-9999.000000,-9999.00,-9999.00,-9999.00,0.00,13.65,25.05,26.12,35.83,-9999.00,-9999.00,-9999.00,-9999.00,-9999.00,-9999.00,-9999.00,2.30,25.40,824.60,-9999.00,-9999.00,-9999.00,-9999.00,-9999.00,-9999.00,-9999.00,0,0,1
2023-08-19T16:11:55,-9999.000000,-9999.000000,-9999.00,-9999.00,-9999.00,0.00,13.65,25.05,26.12,35.83,-9999.00,-9999.00,-9999.00,-9999.00,-9999.00,-9999.00,-9999.00,2.31,25.40,824.60,-9999.00,-9999.00,-9999.00,-9999.00,-9999.00,-9999.00,-9999.00,0,0,1
2023-08-19T16:12:00,-9999.000000,-9999.000000,-9999.00,-9999.00,-9999.00,0.00,13.65,25.05,26.11,35.82,-9999.00,-9999.00,-9999.00,-9999.00,-9999.00,-9999.00,-9999.00,2.31,25.40,824.60,-9999.00,-9999.00,-9999.00,-9999.00,-9999.00,-9999.00,-9999.00,0,0,1
2023-08-19T16:12:05,40.761883,-111.910370,1307.10,0.98,307.80,1.00,13.65,25.05,26.12,35.84,-9999.00,-9999.00,-9999.00,-9999.00,-9999.00,-9999.00,-9999.00,2.30,25.50,824.70,-9999.00,-9999.00,-9999.00,-9999.00,-9999.00,-9999.00,-9999.00,0,0,1
2023-08-19T16:12:10,40.761864,-111.910309,1324.60,0.00,307.80,1.00,13.65,25.05,26.12,35.87,-9999.00,-9999.00,-9999.00,-9999.00,-9999.00,-9999.00,-9999.00,2.31,25.60,824.60,-9999.00,-9999.00,-9999.00,-9999.00,-9999.00,-9999.00,-9999.00,0,0,1
2023-08-19T16:12:15,40.761871,-111.910286,1329.50,0.00,307.80,1.00,13.66,25.06,26.12,35.88,-9999.00,-9999.00,-9999.00,-9999.00,-9999.00,-9999.00,-9999.00,2.31,25.60,824.60,-9999.00,-9999.00,-9999.00,-9999.00,-9999.00,-9999.00,-9999.00,0,0,1
2023-08-19T16:12:20,40.761887,-111.910278,1331.00,0.00,307.80,1.00,13.65,25.06,26.12,35.92,-9999.00,-9999.00,-9999.00,-9999.00,-9999.00,-9999.00,-9999.00,2.31,25.70,824.60,-9999.00,-9999.00,-9999.00,-9999.00,-9999.00,-9999.00,-9999.00,0,0,1
2023-08-19T16:12:25,40.761898,-111.910278,1331.20,0.00,307.80,1.00,13.65,25.06,26.12,35.96,-9999.00,-9999.00,-9999.00,-9999.00,-9999.00,-9999.00,-9999.00,2.31,25.70,824.70,-9999.00,-9999.00,-9999.00,-9999.00,-9999.00,-9999.00,-9999.00,0,0,1
2023-08-19T16:12:30,40.761906,-111.910286,1330.60,0.00,307.80,1.00,13.62,25.06,26.12,35.97,-9999.00,-9999.00,-9999.00,-9999.00,-9999.00,-9999.00,-9999.00,2.29,25.80,824.50,-9999.00,-9999.00,-9999.00,-9999.00,-9999.00,-9999.00,-9999.00,0,0,1
2023-08-19T16:12:35,40.761917,-111.910294,1328.60,0.00,307.80,1.00,13.60,25.06,26.14,35.97,1.00,2.00,25.61,32.00,873.30,0.00,-9999.00,2.31,25.80,824.40,-9999.00,-9999.00,-9999.00,-9999.00,-9999.00,-9999.00,-9999.00,0,0,1
2023-08-19T16:12:40,40.761932,-111.910301,1324.00,0.00,307.80,1.00,13.60,25.06,26.14,35.99,1.00,2.00,25.61,33.00,873.30,0.00,-9999.00,2.30,25.90,824.60,-9999.00,-9999.00,-9999.00,-9999.00,-9999.00,-9999.00,-9999.00,0,0,1
2023-08-19T16:12:45,40.761944,-111.910301,1319.30,0.00,307.80,1.00,13.61,25.07,26.17,36.02,3.00,2.00,25.61,33.00,873.30,0.00,-9999.00,2.31,25.90,824.70,-9999.00,-9999.00,-9999.00,-9999.00,-9999.00,-9999.00,-9999.00,0,0,1
2023-08-19T16:12:50,40.761955,-111.910286,1316.00,0.00,307.80,1.00,13.60,25.07,26.15,36.13,2.00,2.00,25.61,33.00,873.30,0.00,-9999.00,2.29,26.00,824.60,-9999.00,-9999.00,-9999.00,-9999.00,-9999.00,-9999.00,-9999.00,0,0,1
2023-08-19T16:12:55,40.761967,-111.910286,1313.90,0.00,307.80,1.00,13.60,25.07,26.12,36.13,2.00,2.00,25.61,34.00,873.40,0.00,-9999.00,2.31,26.10,824.50,-9999.00,-9999.00,-9999.00,-9999.00,-9999.00,-9999.00,-9999.00,0,0,1
2023-08-19T16:13:00,40.761978,-111.910286,1311.50,0.00,307.80,1.00,13.60,25.07,26.12,36.13,2.00,2.00,25.72,34.00,873.50,0.00,-9999.00,2.30,26.10,824.50,-9999.00,-9999.00,-9999.00,-9999.00,-9999.00,-9999.00,-9999.00,0,0,1
2023-08-19T16:13:05,40.761990,-111.910286,1308.80,0.00,307.80,1.00,13.60,25.07,26.12,36.13,1.00,2.00,25.72,34.00,873.40,0.00,-9999.00,2.31,26.10,824.70,-9999.00,-9999.00,-9999.00,-9999.00,-9999.00,-9999.00,-9999.00,0,0,1
2023-08-19T16:13:10,40.761997,-111.910286,1306.30,0.00,307.80,1.00,13.60,25.08,26.12,36.13,1.00,2.00,25.72,34.00,873.40,0.00,-9999.00,2.29,26.20,824.50,-9999.00,-9999.00,-9999.00,-9999.00,-9999.00,-9999.00,-9999.00,0,0,1
2023-08-19T16:13:15,40.762001,-111.910286,1304.10,0.00,307.80,1.00,13.60,25.08,26.12,36.09,1.00,2.00,25.72,34.00,873.40,0.00,-9999.00,2.31,26.30,824.50,-9999.00,-9999.00,-9999.00,-9999.00,-9999.00,-9999.00,-9999.00,0,0,1
2023-08-19T16:13:20,40.762005,-111.910278,1303.00,0.00,307.80,1.00,13.60,25.08,26.12,36.11,1.00,2.00,25.72,34.00,873.30,0.00,-9999.00,2.29,26.30,824.50,-9999.00,-9999.00,-9999.00,-9999.00,-9999.00,-9999.00,-9999.00,0,0,1
2023-08-19T16:13:25,40.762005,-111.910278,1301.90,0.00,307.80,1.00,13.60,25.08,26.12,36.07,1.00,2.00,25.72,34.00,873.40,0.00,-9999.00,2.29,26.40,824.60,-9999.00,-9999.00,-9999.00,-9999.00,-9999.00,-9999.00,-9999.00,0,0,1
2023-08-19T16:13:30,40.762009,-111.910271,1301.20,0.00,307.80,1.00,13.60,25.08,26.12,36.07,1.00,2.00,25.72,35.00,873.30,0.00,-9999.00,2.30,26.40,824.50,-9999.00,-9999.00,-9999.00,-9999.00,-9999.00,-9999.00,-9999.00,0,0,1
2023-08-19T16:13:35,40.762005,-111.910263,1301.10,0.00,307.80,1.00,13.60,25.09,26.12,36.07,1.00,2.00,25.72,35.00,873.30,0.00,-9999.00,2.29,26.50,824.40,-9999.00,-9999.00,-9999.00,-9999.00,-9999.00,-9999.00,-9999.00,0,0,1
2023-08-19T16:13:40,40.762012,-111.910263,1301.00,0.00,307.80,1.00,13.60,25.09,26.12,36.17,1.00,2.00,25.72,35.00,873.30,0.00,-9999.00,2.30,26.50,824.50,-9999.00,-9999.00,-9999.00,-9999.00,-9999.00,-9999.00,-9999.00,0,0,1
2023-08-19T16:13:45,40.762012,-111.910271,1300.60,0.00,307.80,1.00,13.60,25.09,26.10,36.27,2.00,2.00,25.72,35.00,873.30,0.00,-9999.00,2.28,26.60,824.60,-9999.00,-9999.00,-9999.00,-9999.00,-9999.00,-9999.00,-9999.00,0,0,1
2023-08-19T16:13:50,40.762012,-111.910294,1299.50,0.00,307.80,1.00,13.60,25.09,26.10,36.33,1.00,2.00,25.72,35.00,873.30,0.00,-9999.00,2.30,26.60,824.50,-9999.00,-9999.00,-9999.00,-9999.00,-9999.00,-9999.00,-9999.00,0,0,1
2023-08-19T16:13:55,40.762016,-111.910324,1298.50,0.00,307.80,1.00,13.61,25.09,26.10,36.35,1.00,2.00,25.72,35.00,873.20,0.00,-9999.00,2.30,26.70,824.50,-9999.00,-9999.00,-9999.00,-9999.00,-9999.00,-9999.00,-9999.00,0,0,1
2023-08-19T16:14:00,40.762035,-111.910355,1297.00,0.00,307.80,1.00,13.60,25.10,26.08,36.35,1.00,2.00,25.72,35.00,873.60,0.00,-9999.00,2.30,26.70,824.50,-9999.00,-9999.00,-9999.00,-9999.00,-9999.00,-9999.00,-9999.00,0,0,1
2023-08-19T16:14:05,40.762058,-111.910362,1295.80,0.00,307.80,1.00,13.60,25.10,26.08,36.35,1.00,2.00,25.72,35.00,873.50,0.00,-9999.00,2.31,26.80,824.60,-9999.00,-9999.00,-9999.00,-9999.00,-9999.00,-9999.00,-9999.00,0,0,1
2023-08-19T16:14:10,40.762089,-111.910378,1295.40,0.00,307.80,1.00,13.60,25.10,26.08,36.32,1.00,2.00,25.72,35.00,873.30,0.00,-9999.00,2.31,26.80,824.50,-9999.00,-9999.00,-9999.00,-9999.00,-9999.00,-9999.00,-9999.00,0,0,1
2023-08-19T16:14:15,40.762104,-111.910385,1295.20,0.00,307.80,1.00,13.60,25.10,26.06,36.27,1.00,2.00,25.72,35.00,873.30,0.00,-9999.00,2.30,26.90,824.60,-9999.00,-9999.00,-9999.00,-9999.00,-9999.00,-9999.00,-9999.00,0,0,1
2023-08-19T16:14:20,40.762112,-111.910378,1295.80,0.00,307.80,1.00,13.60,25.11,26.06,36.25,1.00,2.00,25.78,35.00,873.30,0.00,-9999.00,2.30,26.90,824.40,-9999.00,-9999.00,-9999.00,-9999.00,-9999.00,-9999.00,-9999.00,0,0,1
2023-08-19T16:14:25,40.762119,-111.910370,1296.50,0.00,307.80,1.00,13.60,25.11,26.06,36.22,2.00,2.00,25.72,35.00,873.50,0.00,-9999.00,2.29,27.00,824.70,-9999.00,-9999.00,-9999.00,-9999.00,-9999.00,-9999.00,-9999.00,0,0,1
2023-08-19T16:14:30,40.762127,-111.910362,1297.20,0.00,307.80,1.00,13.61,25.11,26.06,36.20,1.00,2.00,25.78,35.00,873.30,0.00,-9999.00,2.29,27.00,824.50,-9999.00,-9999.00,-9999.00,-9999.00,-9999.00,-9999.00,-9999.00,0,0,1
2023-08-19T16:14:35,40.762131,-111.910355,1298.30,0.00,307.80,1.00,13.61,25.11,26.06,36.19,1.00,2.00,25.78,35.00,873.30,0.00,-9999.00,2.30,27.10,824.50,-9999.00,-9999.00,-9999.00,-9999.00,-9999.00,-9999.00,-9999.00,0,0,1
2023-08-19T16:14:40,40.762138,-111.910355,1299.10,0.00,307.80,1.00,13.61,25.12,26.06,36.21,1.00,2.00,25.78,35.00,873.40,0.00,-9999.00,2.30,27.10,824.50,-9999.00,-9999.00,-9999.00,-9999.00,-9999.00,-9999.00,-9999.00,0,0,1
2023-08-19T16:14:45,40.762146,-111.910355,1300.00,0.00,307.80,1.00,13.61,25.12,26.06,36.23,1.00,2.00,25.78,35.00,873.30,0.00,-9999.00,2.31,27.20,824.50,-9999.00,-9999.00,-9999.00,-9999.00,-9999.00,-9999.00,-9999.00,0,0,1
2023-08-19T16:14:50,40.762146,-111.910362,1300.60,0.00,307.80,1.00,13.60,25.12,26.10,36.21,1.00,2.00,25.78,35.00,873.40,0.00,-9999.00,2.30,27.20,824.50,-9999.00,-9999.00,-9999.00,-9999.00,-9999.00,-9999.00,-9999.00,0,0,1
2023-08-19T16:14:55,40.762146,-111.910362,1301.20,0.00,307.80,1.00,13.61,25.12,26.11,36.26,1.00,2.00,25.78,35.00,873.20,0.00,-9999.00,2.30,27.30,824.40,-9999.00,-9999.00,-9999.00,-9999.00,-9999.00,-9999.00,-9999.00,0,0,1
2023-08-19T16:15:00,40.762146,-111.910362,1301.90,0.00,307.80,1.00,13.60,25.13,26.06,36.19,1.00,2.00,25.78,35.00,873.40,0.00,-9999.00,2.31,27.30,824.50,-9999.00,-9999.00,-9999.00,-9999.00,-9999.00,-9999.00,-9999.00,0,0,1
2023-08-19T16:15:05,40.762146,-111.910355,1302.30,0.00,307.80,1.00,13.60,25.13,26.06,36.19,1.00,2.00,25.78,35.00,873.30,0.00,-9999.00,2.30,27.40,824.50,-9999.00,-9999.00,-9999.00,-9999.00,-9999.00,-9999.00,-9999.00,0,0,1
2023-08-19T16:15:10,40.762146,-111.910339,1303.20,0.00,307.80,1.00,13.61,25.13,26.06,36.17,1.00,2.00,25.78,36.00,873.20,0.00,-9999.00,2.30,27.40,824.40,-9999.00,-9999.00,-9999.00,-9999.00,-9999.00,-9999.00,-9999.00,0,0,1
2023-08-19T16:15:15,40.762146,-111.910332,1303.70,0.00,307.80,1.00,13.61,25.13,26.06,36.17,1.00,2.00,25.78,36.00,873.40,0.00,-9999.00,2.29,27.50,824.40,-9999.00,-9999.00,-9999.00,-9999.00,-9999.00,-9999.00,-9999.00,0,0,1
2023-08-19T16:15:20,40.762146,-111.910332,1304.00,0.00,307.80,1.00,13.60,25.14,26.06,36.15,1.00,2.00,25.78,36.00,873.30,0.00,-9999.00,2.29,27.50,824.40,-9999.00,-9999.00,-9999.00,-9999.00,-9999.00,-9999.00,-9999.00,0,0,1
2023-08-19T16:15:25,40.762146,-111.910316,1304.20,0.00,307.80,1.00,13.60,25.14,26.06,36.15,1.00,2.00,25.78,36.00,873.50,0.00,-9999.00,2.29,27.50,824.50,-9999.00,-9999.00,-9999.00,-9999.00,-9999.00,-9999.00,-9999.00,0,0,1
2023-08-19T16:15:30,40.762146,-111.910309,1304.20,0.00,307.80,1.00,13.60,25.14,26.06,36.13,1.00,2.00,25.78,36.00,873.40,0.00,-9999.00,2.31,27.60,824.40,-9999.00,-9999.00,-9999.00,-9999.00,-9999.00,-9999.00,-9999.00,0,0,1
2023-08-19T16:15:35,40.762150,-111.910301,1304.40,0.00,307.80,1.00,13.60,25.15,26.06,36.13,1.00,2.00,25.78,36.00,873.50,0.00,-9999.00,2.28,27.60,824.40,-9999.00,-9999.00,-9999.00,-9999.00,-9999.00,-9999.00,-9999.00,0,0,1
2023-08-19T16:15:40,40.762142,-111.910301,1304.40,0.00,307.80,1.00,13.61,25.15,26.06,36.13,2.00,2.00,25.78,36.00,873.30,0.00,-9999.00,2.29,27.70,824.40,-9999.00,-9999.00,-9999.00,-9999.00,-9999.00,-9999.00,-9999.00,0,0,1
2023-08-19T16:15:45,40.762138,-111.910301,1304.60,0.00,307.80,1.00,13.61,25.15,26.06,36.13,1.00,2.00,25.78,36.00,873.20,0.00,-9999.00,2.29,27.70,824.50,-9999.00,-9999.00,-9999.00,-9999.00,-9999.00,-9999.00,-9999.00,0,0,1
2023-08-19T16:15:50,40.762135,-111.910294,1304.80,0.00,307.80,1.00,13.60,25.15,26.06,36.19,1.00,2.00,25.78,36.00,873.30,0.00,-9999.00,2.30,27.80,824.40,-9999.00,-9999.00,-9999.00,-9999.00,-9999.00,-9999.00,-9999.00,0,0,1
2023-08-19T16:15:55,40.762131,-111.910278,1305.20,0.00,307.80,1.00,13.60,25.16,26.06,36.25,1.00,2.00,25.78,36.00,873.20,0.00,-9999.00,2.29,27.80,824.40,-9999.00,-9999.00,-9999.00,-9999.00,-9999.00,-9999.00,-9999.00,0,0,1
2023-08-19T16:16:00,40.762127,-111.910271,1305.80,0.00,307.80,1.00,13.60,25.16,26.06,36.27,1.00,2.00,25.78,36.00,873.50,0.00,-9999.00,2.30,27.90,824.40,-9999.00,-9999.00,-9999.00,-9999.00,-9999.00,-9999.00,-9999.00,0,0,1
2023-08-19T16:16:05,40.762127,-111.910271,1306.10,0.00,307.80,1.00,13.60,25.16,26.06,36.29,1.00,2.00,25.89,36.00,873.20,0.00,-9999.00,2.31,27.90,824.50,-9999.00,-9999.00,-9999.00,-9999.00,-9999.00,-9999.00,-9999.00,0,0,1
2023-08-19T16:16:10,40.762123,-111.910271,1306.00,0.00,307.80,1.00,13.61,25.17,26.06,36.29,1.00,2.00,25.78,36.00,873.30,0.00,-9999.00,2.29,28.00,824.40,-9999.00,-9999.00,-9999.00,-9999.00,-9999.00,-9999.00,-9999.00,0,0,1
2023-08-19T16:16:15,40.762127,-111.910263,1305.30,0.00,307.80,1.00,13.61,25.17,26.06,36.29,1.00,2.00,25.89,36.00,873.20,0.00,-9999.00,2.30,28.00,824.40,-9999.00,-9999.00,-9999.00,-9999.00,-9999.00,-9999.00,-9999.00,0,0,1
2023-08-19T16:16:20,40.762127,-111.910255,1304.50,0.00,307.80,1.00,13.60,25.17,26.06,36.31,1.00,2.00,25.89,36.00,873.20,0.00,-9999.00,2.30,28.00,824.40,-9999.00,-9999.00,-9999.00,-9999.00,-9999.00,-9999.00,-9999.00,0,0,1
2023-08-19T16:16:25,40.762127,-111.910263,1303.80,0.00,307.80,1.00,13.61,25.17,26.06,36.35,1.00,2.00,25.89,36.00,873.40,0.00,-9999.00,2.29,28.10,824.50,-9999.00,-9999.00,-9999.00,-9999.00,-9999.00,-9999.00,-9999.00,0,0,1
2023-08-19T16:16:30,40.762123,-111.910263,1302.80,0.00,307.80,1.00,13.61,25.18,26.06,36.38,1.00,2.00,25.89,36.00,873.30,0.00,-9999.00,2.30,28.10,824.40,-9999.00,-9999.00,-9999.00,-9999.00,-9999.00,-9999.00,-9999.00,0,0,1
2023-08-19T16:16:35,40.762115,-111.910271,1301.10,0.00,307.80,1.00,13.60,25.18,26.06,36.41,1.00,2.00,25.89,36.00,873.50,0.00,-9999.00,2.30,28.20,824.30,-9999.00,-9999.00,-9999.00,-9999.00,-9999.00,-9999.00,-9999.00,0,0,1
2023-08-19T16:16:40,40.762108,-111.910271,1299.50,0.00,307.80,1.00,13.61,25.18,26.06,36.43,1.00,2.00,25.89,36.00,873.40,0.00,-9999.00,2.31,28.20,824.40,-9999.00,-9999.00,-9999.00,-9999.00,-9999.00,-9999.00,-9999.00,0,0,1
2023-08-19T16:16:45,40.762104,-111.910278,1297.70,0.00,307.80,1.00,13.61,25.19,26.04,36.45,2.00,2.00,25.89,36.00,873.50,0.00,-9999.00,2.30,28.20,824.40,-9999.00,-9999.00,-9999.00,-9999.00,-9999.00,-9999.00,-9999.00,0,0,1
2023-08-19T16:16:50,40.762100,-111.910286,1296.80,0.00,307.80,1.00,13.61,25.19,26.04,36.45,2.00,2.00,25.89,36.00,873.30,0.00,-9999.00,2.30,28.30,824.30,-9999.00,-9999.00,-9999.00,-9999.00,-9999.00,-9999.00,-9999.00,0,0,1
2023-08-19T16:16:55,40.762100,-111.910286,1296.70,0.00,307.80,1.00,13.61,25.19,26.04,36.45,1.00,2.00,25.89,36.00,873.50,0.00,-9999.00,2.31,28.30,824.40,-9999.00,-9999.00,-9999.00,-9999.00,-9999.00,-9999.00,-9999.00,0,0,1
2023-08-19T16:17:00,40.762104,-111.910278,1296.00,0.00,307.80,1.00,13.61,25.20,26.09,36.48,1.00,2.00,25.89,36.00,873.40,0.00,-9999.00,2.30,28.40,824.30,-9999.00,-9999.00,-9999.00,-9999.00,-9999.00,-9999.00,-9999.00,0,0,1
2023-08-19T16:17:05,40.762108,-111.910271,1296.00,0.00,307.80,1.00,13.60,25.20,26.02,36.45,2.00,2.00,25.89,36.00,873.30,0.00,-9999.00,2.30,28.40,824.40,-9999.00,-9999.00,-9999.00,-9999.00,-9999.00,-9999.00,-9999.00,0,0,1
2023-08-19T16:17:10,40.762112,-111.910263,1295.60,0.00,307.80,1.00,13.60,25.20,26.02,36.45,2.00,2.00,25.89,36.00,873.30,0.00,-9999.00,2.31,28.50,824.40,-9999.00,-9999.00,-9999.00,-9999.00,-9999.00,-9999.00,-9999.00,0,0,1
2023-08-19T16:17:15,40.762119,-111.910255,1295.60,0.00,307.80,1.00,13.60,25.21,26.02,36.45,1.00,2.00,25.89,36.00,873.50,0.00,-9999.00,2.31,28.50,824.30,-9999.00,-9999.00,-9999.00,-9999.00,-9999.00,-9999.00,-9999.00,0,0,1
2023-08-19T16:17:20,40.762123,-111.910255,1295.30,0.00,307.80,1.00,13.61,25.21,26.02,36.45,2.00,2.00,25.89,36.00,873.20,0.00,-9999.00,2.31,28.50,824.30,-9999.00,-9999.00,-9999.00,-9999.00,-9999.00,-9999.00,-9999.00,0,0,1
2023-08-21T18:00:40,-9999.000000,-9999.000000,-9999.00,-9999.00,-9999.00,0.00,13.60,25.47,27.04,40.93,-9999.00,-9999.00,-9999.00,-9999.00,-9999.00,-9999.00,-9999.00,-9999.00,-9999.00,-9999.00,-9999.00,-9999.00,-9999.00,-9999.00,-9999.00,-9999.00,-9999.00,0,0,1
2023-08-21T18:00:45,-9999.000000,-9999.000000,-9999.00,-9999.00,-9999.00,0.00,13.62,25.47,27.05,40.93,-9999.00,-9999.00,-9999.00,-9999.00,-9999.00,-9999.00,-9999.00,2.28,25.60,825.80,-9999.00,-9999.00,-9999.00,-9999.00,-9999.00,-9999.00,-9999.00,0,0,1
2023-08-21T18:00:50,-9999.000000,-9999.000000,-9999.00,-9999.00,-9999.00,0.00,13.62,25.47,27.07,40.95,-9999.00,-9999.00,-9999.00,-9999.00,-9999.00,-9999.00,-9999.00,2.28,25.60,825.90,-9999.00,-9999.00,-9999.00,-9999.00,-9999.00,-9999.00,-9999.00,0,0,1
2023-08-21T18:00:55,-9999.000000,-9999.000000,-9999.00,-9999.00,-9999.00,0.00,13.62,25.48,27.08,40.95,-9999.00,-9999.00,-9999.00,-9999.00,-9999.00,-9999.00,-9999.00,2.31,25.60,825.90,-9999.00,-9999.00,-9999.00,-9999.00,-9999.00,-9999.00,-9999.00,0,0,1
2023-08-21T18:01:00,-9999.000000,-9999.000000,-9999.00,-9999.00,-9999.00,0.00,13.61,25.48,27.09,40.92,-9999.00,-9999.00,-9999.00,-9999.00,-9999.00,-9999.00,-9999.00,2.31,25.70,825.70,-9999.00,-9999.00,-9999.00,-9999.00,-9999.00,-9999.00,-9999.00,0,0,1
2023-08-21T18:01:05,40.762398,-111.910095,1302.70,0.00,0.00,1.00,13.62,25.48,27.08,40.90,-9999.00,-9999.00,-9999.00,-9999.00,-9999.00,-9999.00,-9999.00,2.30,25.70,825.70,-9999.00,-9999.00,-9999.00,-9999.00,-9999.00,-9999.00,-9999.00,0,0,1
2023-08-21T18:01:10,40.762371,-111.910072,1303.20,0.00,0.00,1.00,13.62,25.48,27.08,40.89,-9999.00,-9999.00,-9999.00,-9999.00,-9999.00,-9999.00,-9999.00,2.31,25.80,825.70,-9999.00,-9999.00,-9999.00,-9999.00,-9999.00,-9999.00,-9999.00,0,0,1
2023-08-21T18:01:15,40.762348,-111.910072,1302.70,0.00,0.00,1.00,13.62,25.48,27.08,40.92,-9999.00,-9999.00,-9999.00,-9999.00,-9999.00,-9999.00,-9999.00,2.31,25.80,825.70,-9999.00,-9999.00,-9999.00,-9999.00,-9999.00,-9999.00,-9999.00,0,0,1
2023-08-21T18:01:20,40.762325,-111.910080,1299.30,0.00,0.00,1.00,13.62,25.48,27.11,40.98,-9999.00,-9999.00,-9999.00,-9999.00,-9999.00,-9999.00,-9999.00,2.29,25.90,825.60,-9999.00,-9999.00,-9999.00,-9999.00,-9999.00,-9999.00,-9999.00,0,0,1
2023-08-21T18:01:25,40.762302,-111.910080,1294.60,0.00,0.00,1.00,13.62,25.49,27.11,41.00,-9999.00,-9999.00,-9999.00,-9999.00,-9999.00,-9999.00,-9999.00,2.31,26.00,825.60,-9999.00,-9999.00,-9999.00,-9999.00,-9999.00,-9999.00,-9999.00,0,0,1
2023-08-21T18:01:30,40.762295,-111.910080,1290.70,0.00,0.00,1.00,13.61,25.49,27.11,41.00,-9999.00,-9999.00,-9999.00,-9999.00,-9999.00,-9999.00,-9999.00,2.29,26.00,825.70,-9999.00,-9999.00,-9999.00,-9999.00,-9999.00,-9999.00,-9999.00,0,0,1
2023-08-21T18:01:35,40.762287,-111.910080,1288.00,0.00,0.00,1.00,13.62,25.49,27.11,40.96,-9999.00,-9999.00,-9999.00,-9999.00,-9999.00,-9999.00,-9999.00,2.30,26.00,825.70,-9999.00,-9999.00,-9999.00,-9999.00,-9999.00,-9999.00,-9999.00,0,0,1
2023-08-21T18:01:40,40.762287,-111.910080,1287.90,0.00,0.00,1.00,13.60,25.49,27.11,40.98,5.00,2.00,26.11,37.00,874.40,0.00,-9999.00,2.31,26.10,825.50,-9999.00,-9999.00,-9999.00,-9999.00,-9999.00,-9999.00,-9999.00,0,0,1
2023-08-21T18:01:45,40.762276,-111.910080,1286.60,0.00,0.00,1.00,13.60,25.49,27.11,41.01,4.00,2.00,26.11,38.00,874.40,0.00,-9999.00,2.31,26.20,825.60,-9999.00,-9999.00,-9999.00,-9999.00,-9999.00,-9999.00,-9999.00,0,0,1
2023-08-21T18:01:50,40.762260,-111.910072,1286.10,0.00,0.00,1.00,13.60,25.49,27.11,41.04,3.00,2.00,26.11,38.00,874.40,0.00,-9999.00,2.29,26.20,825.70,-9999.00,-9999.00,-9999.00,-9999.00,-9999.00,-9999.00,-9999.00,0,0,1
2023-08-21T18:01:55,40.762253,-111.910065,1287.20,0.00,0.00,1.00,13.60,25.50,27.11,41.02,3.00,2.00,26.11,39.00,874.50,0.00,-9999.00,2.30,26.30,825.70,-9999.00,-9999.00,-9999.00,-9999.00,-9999.00,-9999.00,-9999.00,0,0,1
2023-08-21T18:02:00,40.762245,-111.910072,1290.00,0.00,0.00,1.00,13.60,25.50,27.11,40.99,3.00,2.00,26.11,39.00,874.30,0.00,-9999.00,2.28,26.30,825.50,-9999.00,-9999.00,-9999.00,-9999.00,-9999.00,-9999.00,-9999.00,0,0,1
2023-08-21T18:02:05,40.762241,-111.910080,1291.80,0.00,0.00,1.00,13.61,25.50,27.11,40.96,3.00,2.00,26.22,39.00,874.40,0.00,-9999.00,2.31,26.40,825.50,-9999.00,-9999.00,-9999.00,-9999.00,-9999.00,-9999.00,-9999.00,0,0,1
2023-08-21T18:02:10,40.762234,-111.910095,1293.20,0.00,0.00,1.00,13.60,25.50,27.11,40.96,2.00,2.00,26.22,40.00,874.40,0.00,-9999.00,2.29,26.40,825.60,-9999.00,-9999.00,-9999.00,-9999.00,-9999.00,-9999.00,-9999.00,0,0,1
2023-08-21T18:02:15,40.762215,-111.910118,1293.70,0.00,0.00,1.00,13.60,25.50,27.11,40.98,2.00,2.00,26.22,40.00,874.40,0.00,-9999.00,2.31,26.50,825.60,-9999.00,-9999.00,-9999.00,-9999.00,-9999.00,-9999.00,-9999.00,0,0,1
2023-08-21T18:02:20,40.762203,-111.910133,1293.70,0.00,0.00,1.00,13.60,25.51,27.16,41.05,2.00,2.00,26.22,40.00,874.40,0.00,-9999.00,2.31,26.60,825.50,-9999.00,-9999.00,-9999.00,-9999.00,-9999.00,-9999.00,-9999.00,0,0,1
2023-08-21T18:02:25,40.762203,-111.910133,1293.70,0.00,0.00,1.00,13.60,25.51,27.13,40.97,3.00,2.00,26.22,40.00,874.50,0.00,-9999.00,2.29,26.60,825.50,-9999.00,-9999.00,-9999.00,-9999.00,-9999.00,-9999.00,-9999.00,0,0,1
2023-08-21T18:02:30,40.762203,-111.910126,1294.00,0.00,0.00,1.00,13.60,25.51,27.13,40.86,2.00,2.00,26.22,40.00,874.40,0.00,-9999.00,2.30,26.60,825.60,-9999.00,-9999.00,-9999.00,-9999.00,-9999.00,-9999.00,-9999.00,0,0,1
2023-08-21T18:02:35,40.762203,-111.910110,1294.50,0.00,0.00,1.00,13.61,25.51,27.13,40.86,2.00,2.00,26.22,40.00,874.40,0.00,-9999.00,2.31,26.70,825.60,-9999.00,-9999.00,-9999.00,-9999.00,-9999.00,-9999.00,-9999.00,0,0,1
2023-08-21T18:02:40,40.762234,-111.910118,1293.70,0.67,359.30,1.00,13.61,25.51,27.13,41.00,2.00,2.00,26.22,40.00,874.20,0.00,-9999.00,2.29,26.80,825.40,-9999.00,-9999.00,-9999.00,-9999.00,-9999.00,-9999.00,-9999.00,0,0,1
2023-08-21T18:02:45,40.762272,-111.910110,1295.30,1.18,338.40,1.00,13.60,25.52,27.13,40.98,2.00,2.00,26.22,40.00,874.30,0.00,-9999.00,2.30,26.80,825.50,-9999.00,-9999.00,-9999.00,-9999.00,-9999.00,-9999.00,-9999.00,0,0,1
2023-08-21T18:02:50,40.762257,-111.910080,1295.10,0.00,332.00,1.00,13.61,25.52,27.13,41.02,2.00,2.00,26.22,41.00,874.50,0.00,-9999.00,2.29,26.80,825.60,-9999.00,-9999.00,-9999.00,-9999.00,-9999.00,-9999.00,-9999.00,0,0,1
2023-08-21T18:02:55,40.762218,-111.910049,1294.50,2.52,143.90,1.00,13.60,25.52,27.13,41.04,2.00,2.00,26.22,41.00,874.50,0.00,-9999.00,2.29,26.90,825.60,-9999.00,-9999.00,-9999.00,-9999.00,-9999.00,-9999.00,-9999.00,0,0,1
2023-08-21T18:03:00,40.761990,-111.910042,1293.60,6.53,158.80,1.00,13.61,25.52,27.11,41.00,2.00,2.00,26.22,41.00,874.20,0.00,-9999.00,2.29,27.00,825.40,-9999.00,-9999.00,-9999.00,-9999.00,-9999.00,-9999.00,-9999.00,0,0,1
2023-08-21T18:03:05,40.761635,-111.910095,1293.20,7.05,171.70,1.00,13.60,25.53,27.11,40.98,3.00,2.00,26.22,41.00,874.30,0.00,-9999.00,2.31,27.00,825.30,-9999.00,-9999.00,-9999.00,-9999.00,-9999.00,-9999.00,-9999.00,0,0,1
2023-08-21T18:03:10,40.761333,-111.910095,1292.70,6.07,175.30,1.00,13.60,25.53,27.13,41.04,3.00,2.00,26.22,41.00,874.50,0.00,-9999.00,2.30,27.00,825.40,-9999.00,-9999.00,-9999.00,-9999.00,-9999.00,-9999.00,-9999.00,0,0,1
2023-08-21T18:03:15,40.761135,-111.910225,1292.30,5.35,247.70,1.00,13.61,25.53,27.13,41.08,2.00,2.00,26.22,41.00,874.30,0.00,-9999.00,2.29,27.10,825.40,-9999.00,-9999.00,-9999.00,-9999.00,-9999.00,-9999.00,-9999.00,0,0,1
2023-08-21T18:03:20,40.761204,-111.910515,1294.10,5.20,335.30,1.00,13.60,25.53,27.13,41.08,2.00,2.00,26.22,41.00,874.30,0.00,-9999.00,2.32,27.20,825.30,-9999.00,-9999.00,-9999.00,-9999.00,-9999.00,-9999.00,-9999.00,0,0,1
2023-08-21T18:03:25,40.761494,-111.910561,1295.80,6.74,3.00,1.00,13.60,25.54,27.15,40.67,2.00,2.00,26.22,41.00,874.30,0.00,-9999.00,2.29,27.20,825.40,-9999.00,-9999.00,-9999.00,-9999.00,-9999.00,-9999.00,-9999.00,0,0,1
2023-08-21T18:03:30,40.761822,-111.910553,1296.90,7.10,0.50,1.00,13.60,25.54,27.16,40.74,3.00,2.00,26.22,41.00,874.20,0.00,-9999.00,2.30,27.30,825.50,-9999.00,-9999.00,-9999.00,-9999.00,-9999.00,-9999.00,-9999.00,0,0,1
2023-08-21T18:03:35,40.762089,-111.910568,1297.10,4.27,357.00,1.00,13.60,25.54,27.17,40.80,2.00,2.00,26.22,41.00,874.30,0.00,-9999.00,2.29,27.30,825.40,-9999.00,-9999.00,-9999.00,-9999.00,-9999.00,-9999.00,-9999.00,0,0,1
2023-08-21T18:03:40,40.762245,-111.910591,1296.80,2.26,354.50,1.00,13.61,25.54,27.19,40.80,2.00,2.00,26.22,41.00,874.50,0.00,-9999.00,2.31,27.40,825.30,-9999.00,-9999.00,-9999.00,-9999.00,-9999.00,-9999.00,-9999.00,0,0,1
2023-08-21T18:03:45,40.762325,-111.910606,1297.60,1.65,355.70,1.00,13.61,25.55,27.21,40.73,2.00,2.00,26.22,41.00,874.30,0.00,-9999.00,2.29,27.40,825.40,-9999.00,-9999.00,-9999.00,-9999.00,-9999.00,-9999.00,-9999.00,0,0,1
2023-08-21T18:03:50,40.762409,-111.910606,1298.10,2.42,357.70,1.00,13.61,25.55,27.21,40.61,2.00,2.00,26.22,42.00,874.20,0.00,-9999.00,2.31,27.40,825.50,-9999.00,-9999.00,-9999.00,-9999.00,-9999.00,-9999.00,-9999.00,0,0,1
2023-08-21T18:03:55,40.762547,-111.910606,1298.00,3.19,357.30,1.00,13.60,25.55,27.24,40.61,2.00,2.00,26.22,42.00,874.50,0.00,-9999.00,2.28,27.50,825.50,-9999.00,-9999.00,-9999.00,-9999.00,-9999.00,-9999.00,-9999.00,0,0,1
2023-08-21T18:04:00,40.762661,-111.910599,1297.40,2.31,345.00,1.00,13.61,25.55,27.25,43.60,3.00,2.00,26.22,42.00,874.20,0.00,-9999.00,2.29,27.60,825.20,-9999.00,-9999.00,-9999.00,-9999.00,-9999.00,-9999.00,-9999.00,0,0,1
2023-08-21T18:04:05,40.762718,-111.910553,1295.80,1.34,20.20,1.00,13.61,25.56,27.27,46.13,3.00,2.00,26.28,42.00,874.40,0.00,-9999.00,2.30,27.60,825.10,-9999.00,-9999.00,-9999.00,-9999.00,-9999.00,-9999.00,-9999.00,0,0,1
2023-08-21T18:04:10,40.762733,-111.910477,1294.20,1.13,20.20,1.00,13.60,25.56,27.29,47.28,3.00,2.00,26.28,42.00,874.30,0.00,-9999.00,2.30,27.60,825.20,-9999.00,-9999.00,-9999.00,-9999.00,-9999.00,-9999.00,-9999.00,0,0,1
2023-08-21T18:04:15,40.762730,-111.910439,1292.80,0.51,20.20,1.00,13.61,25.56,27.29,47.49,2.00,2.00,26.28,43.00,874.50,0.00,-9999.00,2.29,27.70,825.10,-9999.00,-9999.00,-9999.00,-9999.00,-9999.00,-9999.00,-9999.00,0,0,1
2023-08-21T18:04:20,40.762730,-111.910431,1292.60,0.00,20.20,1.00,13.61,25.57,27.31,47.71,4.00,2.00,26.28,44.00,874.50,0.00,-9999.00,2.31,27.70,824.90,-9999.00,-9999.00,-9999.00,-9999.00,-9999.00,-9999.00,-9999.00,0,0,1
2023-08-21T18:04:25,40.762730,-111.910431,1292.60,0.00,20.20,1.00,13.60,25.57,27.32,47.96,6.00,2.00,26.28,44.00,874.40,0.00,-9999.00,2.29,27.80,824.90,-9999.00,-9999.00,-9999.00,-9999.00,-9999.00,-9999.00,-9999.00,0,0,1
2023-08-21T18:04:30,40.762730,-111.910431,1292.60,0.00,20.20,1.00,13.61,25.57,27.36,48.03,4.00,2.00,26.28,45.00,874.20,0.00,-9999.00,2.30,27.80,825.10,-9999.00,-9999.00,-9999.00,-9999.00,-9999.00,-9999.00,-9999.00,0,0,1
2023-08-21T18:04:35,40.762730,-111.910431,1292.60,0.00,20.20,1.00,13.60,25.58,27.31,48.16,5.00,2.00,26.28,45.00,874.20,0.00,-9999.00,2.29,27.90,825.00,-9999.00,-9999.00,-9999.00,-9999.00,-9999.00,-9999.00,-9999.00,0,0,1
2023-08-21T18:04:40,40.762730,-111.910431,1292.60,0.00,20.20,1.00,13.60,25.58,27.31,48.29,4.00,2.00,26.28,45.00,874.30,0.00,-9999.00,2.30,27.90,824.90,-9999.00,-9999.00,-9999.00,-9999.00,-9999.00,-9999.00,-9999.00,0,0,1
2023-08-21T18:04:45,40.762730,-111.910431,1292.60,0.00,20.20,1.00,13.60,25.58,27.31,48.41,3.00,2.00,26.28,46.00,874.20,0.00,-9999.00,2.29,28.00,824.90,-9999.00,-9999.00,-9999.00,-9999.00,-9999.00,-9999.00,-9999.00,0,0,1
2023-08-21T18:04:50,40.762730,-111.910431,1292.60,0.00,20.20,1.00,13.61,25.59,27.31,48.57,3.00,2.00,26.28,46.00,874.20,0.00,-9999.00,2.29,28.00,825.00,-9999.00,-9999.00,-9999.00,-9999.00,-9999.00,-9999.00,-9999.00,0,0,1
2023-08-21T18:04:55,40.762730,-111.910431,1292.60,0.00,20.20,1.00,13.61,25.59,27.31,48.59,3.00,2.00,26.28,46.00,874.40,0.00,-9999.00,2.30,28.00,825.00,-9999.00,-9999.00,-9999.00,-9999.00,-9999.00,-9999.00,-9999.00,0,0,1
2023-08-21T18:05:00,40.762730,-111.910423,1292.70,0.00,20.20,1.00,13.61,25.59,27.29,48.61,3.00,2.00,26.28,46.00,874.30,0.00,-9999.00,2.29,28.10,824.90,-9999.00,-9999.00,-9999.00,-9999.00,-9999.00,-9999.00,-9999.00,0,0,1
2023-08-21T18:05:05,40.762730,-111.910423,1292.70,0.00,20.20,1.00,13.61,25.60,27.29,48.63,3.00,2.00,26.28,47.00,874.30,0.00,-9999.00,2.30,28.10,824.90,-9999.00,-9999.00,-9999.00,-9999.00,-9999.00,-9999.00,-9999.00,0,0,1
2023-08-21T18:05:10,40.762730,-111.910423,1292.70,0.00,20.20,1.00,13.60,25.60,27.29,48.73,3.00,2.00,26.28,47.00,874.50,0.00,-9999.00,2.29,28.20,825.00,-9999.00,-9999.00,-9999.00,-9999.00,-9999.00,-9999.00,-9999.00,0,0,1
2023-08-21T18:05:15,40.762730,-111.910416,1292.80,0.00,20.20,1.00,13.61,25.61,27.29,48.73,3.00,2.00,26.28,47.00,874.30,0.00,-9999.00,2.30,28.20,825.00,-9999.00,-9999.00,-9999.00,-9999.00,-9999.00,-9999.00,-9999.00,0,0,1
2023-08-21T18:05:20,40.762730,-111.910416,1292.80,0.00,20.20,1.00,13.60,25.61,27.27,48.73,2.00,2.00,26.39,47.00,874.50,0.00,-9999.00,2.30,28.30,824.90,-9999.00,-9999.00,-9999.00,-9999.00,-9999.00,-9999.00,-9999.00,0,0,1
2023-08-21T18:05:25,40.762730,-111.910416,1292.80,0.00,20.20,1.00,13.61,25.61,27.27,48.89,3.00,2.00,26.39,47.00,874.40,0.00,-9999.00,2.30,28.30,824.90,-9999.00,-9999.00,-9999.00,-9999.00,-9999.00,-9999.00,-9999.00,0,0,1
2023-08-21T18:05:30,40.762730,-111.910416,1292.80,0.00,20.20,1.00,13.60,25.62,27.25,48.91,3.00,2.00,26.39,47.00,874.30,0.00,-9999.00,2.29,28.40,825.00,-9999.00,-9999.00,-9999.00,-9999.00,-9999.00,-9999.00,-9999.00,0,0,1
2023-08-21T18:05:35,40.762730,-111.910416,1292.80,0.00,20.20,1.00,13.60,25.62,27.26,48.87,3.00,2.00,26.39,47.00,874.20,0.00,-9999.00,2.29,28.40,825.00,-9999.00,-9999.00,-9999.00,-9999.00,-9999.00,-9999.00,-9999.00,0,0,1
2023-08-21T18:05:40,40.762726,-111.910423,1292.70,0.51,20.20,1.00,13.60,25.63,27.24,48.89,3.00,2.00,26.39,47.00,874.20,0.00,-9999.00,2.29,28.50,824.80,-9999.00,-9999.00,-9999.00,-9999.00,-9999.00,-9999.00,-9999.00,0,0,1
2023-08-21T18:05:45,40.762737,-111.910439,1292.80,0.00,20.20,1.00,13.60,25.63,27.23,49.12,3.00,2.00,26.39,47.00,874.50,0.00,-9999.00,2.29,28.50,824.90,-9999.00,-9999.00,-9999.00,-9999.00,-9999.00,-9999.00,-9999.00,0,0,1
2023-08-21T18:05:50,40.762737,-111.910431,1292.80,0.00,20.20,1.00,13.60,25.63,27.23,49.16,3.00,2.00,26.39,47.00,874.20,0.00,-9999.00,2.30,28.50,825.00,-9999.00,-9999.00,-9999.00,-9999.00,-9999.00,-9999.00,-9999.00,0,0,1
2023-08-21T18:05:55,40.762737,-111.910431,1292.80,0.00,20.20,1.00,13.61,25.64,27.21,49.16,3.00,2.00,26.39,47.00,874.20,0.00,-9999.00,2.30,28.60,824.90,-9999.00,-9999.00,-9999.00,-9999.00,-9999.00,-9999.00,-9999.00,0,0,1
2023-08-21T18:06:00,40.762737,-111.910431,1292.80,0.00,20.20,1.00,13.60,25.64,27.21,49.10,2.00,2.00,26.39,47.00,874.20,0.00,-9999.00,2.30,28.60,824.80,-9999.00,-9999.00,-9999.00,-9999.00,-9999.00,-9999.00,-9999.00,0,0,1
2023-08-21T18:06:05,40.762737,-111.910431,1292.80,0.00,20.20,1.00,13.61,25.65,27.19,49.07,3.00,2.00,26.39,47.00,874.20,0.00,-9999.00,2.29,28.70,824.80,-9999.00,-9999.00,-9999.00,-9999.00,-9999.00,-9999.00,-9999.00,0,0,1
2023-08-21T18:06:10,40.762745,-111.910431,1292.80,0.00,20.20,1.00,13.60,25.65,27.18,49.04,3.00,2.00,26.39,47.00,874.30,0.00,-9999.00,2.29,28.70,824.90,-9999.00,-9999.00,-9999.00,-9999.00,-9999.00,-9999.00,-9999.00,0,0,1
2023-08-21T18:06:15,40.762745,-111.910431,1292.80,0.00,20.20,1.00,13.60,25.66,27.17,49.02,3.00,2.00,26.39,48.00,874.40,0.00,-9999.00,2.29,28.70,825.00,-9999.00,-9999.00,-9999.00,-9999.00,-9999.00,-9999.00,-9999.00,0,0,1
2023-08-21T18:06:20,40.762745,-111.910431,1292.80,0.00,20.20,1.00,13.60,25.66,27.17,49.13,3.00,2.00,26.39,48.00,874.30,0.00,-9999.00,2.30,28.80,824.70,-9999.00,-9999.00,-9999.00,-9999.00,-9999.00,-9999.00,-9999.00,0,0,1
2023-08-21T18:06:25,40.762745,-111.910431,1292.80,0.00,20.20,1.00,13.60,25.67,27.16,49.18,3.00,2.00,26.39,48.00,874.30,0.00,-9999.00,2.29,28.80,824.80,-9999.00,-9999.00,-9999.00,-9999.00,-9999.00,-9999.00,-9999.00,0,0,1
2023-08-21T18:06:30,40.762745,-111.910431,1292.80,0.00,20.20,1.00,13.60,25.67,27.15,49.22,3.00,2.00,26.39,48.00,874.40,0.00,-9999.00,2.31,28.90,824.90,-9999.00,-9999.00,-9999.00,-9999.00,-9999.00,-9999.00,-9999.00,0,0,1
2023-08-21T18:06:35,40.762745,-111.910431,1292.80,0.00,20.20,1.00,13.60,25.67,27.21,49.25,3.00,2.00,26.50,48.00,874.30,0.00,-9999.00,2.31,28.90,824.90,-9999.00,-9999.00,-9999.00,-9999.00,-9999.00,-9999.00,-9999.00,0,0,1
2023-08-21T18:06:40,40.762745,-111.910431,1292.90,0.00,20.20,1.00,13.60,25.68,27.18,49.34,3.00,2.00,26.50,48.00,874.30,0.00,-9999.00,2.29,29.00,824.70,-9999.00,-9999.00,-9999.00,-9999.00,-9999.00,-9999.00,-9999.00,0,0,1
2023-08-21T18:06:45,40.762745,-111.910431,1292.90,0.00,20.20,1.00,13.61,25.68,27.15,49.28,3.00,2.00,26.50,48.00,874.30,0.00,-9999.00,2.29,29.00,824.70,-9999.00,-9999.00,-9999.00,-9999.00,-9999.00,-9999.00,-9999.00,0,0,1
2023-08-21T18:06:50,40.762745,-111.910431,1292.90,0.00,20.20,1.00,13.60,25.69,27.13,49.22,3.00,2.00,26.50,48.00,874.30,0.00,-9999.00,2.30,29.00,824.80,-9999.00,-9999.00,-9999.00,-9999.00,-9999.00,-9999.00,-9999.00,0,0,1
2023-08-21T18:06:55,40.762745,-111.910431,1292.90,0.00,20.20,1.00,13.60,25.69,27.13,49.24,3.00,2.00,26.50,48.00,874.20,0.00,-9999.00,2.30,29.10,824.90,-9999.00,-9999.00,-9999.00,-9999.00,-9999.00,-9999.00,-9999.00,0,0,1
2023-08-21T18:07:00,40.762745,-111.910431,1292.90,0.00,20.20,1.00,13.61,25.70,27.13,49.26,3.00,2.00,26.50,48.00,874.20,0.00,-9999.00,2.30,29.10,824.70,-9999.00,-9999.00,-9999.00,-9999.00,-9999.00,-9999.00,-9999.00,0,0,1
2023-08-21T18:07:05,40.762745,-111.910431,1292.90,0.00,20.20,1.00,13.60,25.70,27.11,49.26,2.00,2.00,26.50,48.00,874.40,0.00,-9999.00,2.30,29.10,824.70,-9999.00,-9999.00,-9999.00,-9999.00,-9999.00,-9999.00,-9999.00,0,0,1
2023-08-21T18:07:10,40.762745,-111.910431,1292.90,0.00,20.20,1.00,13.60,25.71,27.11,49.34,2.00,2.00,26.50,48.00,874.30,0.00,-9999.00,2.30,29.20,824.80,-9999.00,-9999.00,-9999.00,-9999.00,-9999.00,-9999.00,-9999.00,0,0,1
2023-08-21T18:07:15,40.762745,-111.910431,1292.90,0.00,20.20,1.00,13.60,25.71,27.09,49.40,3.00,2.00,26.50,48.00,874.10,0.00,-9999.00,2.29,29.20,824.80,-9999.00,-9999.00,-9999.00,-9999.00,-9999.00,-9999.00,-9999.00,0,0,1
2023-08-21T18:07:20,40.762745,-111.910431,1292.90,0.00,20.20,1.00,13.60,25.72,27.09,49.42,3.00,2.00,26.50,48.00,874.10,0.00,-9999.00,2.32,29.30,824.70,-9999.00,-9999.00,-9999.00,-9999.00,-9999.00,-9999.00,-9999.00,0,0,1
2023-08-21T18:07:25,40.762745,-111.910431,1292.90,0.00,20.20,1.00,13.60,25.72,27.07,49.50,3.00,2.00,26.50,48.00,874.30,0.00,-9999.00,2.29,29.30,824.70,-9999.00,-9999.00,-9999.00,-9999.00,-9999.00,-9999.00,-9999.00,0,0,1
2023-08-21T18:07:30,40.762745,-111.910431,1292.90,0.00,20.20,1.00,13.60,25.73,27.07,49.54,3.00,2.00,26.50,48.00,874.10,0.00,-9999.00,2.31,29.30,824.80,-9999.00,-9999.00,-9999.00,-9999.00,-9999.00,-9999.00,-9999.00,0,0,1
2023-08-21T18:07:35,40.762745,-111.910431,1292.90,0.00,20.20,1.00,13.61,25.73,27.06,49.56,3.00,2.00,26.50,48.00,874.20,0.00,-9999.00,2.30,29.40,824.80,-9999.00,-9999.00,-9999.00,-9999.00,-9999.00,-9999.00,-9999.00,0,0,1
2023-08-21T18:07:40,40.762745,-111.910431,1292.90,0.00,20.20,1.00,13.60,25.74,27.05,49.56,3.00,2.00,26.50,48.00,874.30,0.00,-9999.00,2.29,29.40,824.70,-9999.00,-9999.00,-9999.00,-9999.00,-9999.00,-9999.00,-9999.00,0,0,1
2023-08-21T18:07:45,40.762745,-111.910431,1292.90,0.00,20.20,1.00,13.61,25.74,27.03,49.60,2.00,2.00,26.50,48.00,874.20,0.00,-9999.00,2.31,29.50,824.70,-9999.00,-9999.00,-9999.00,-9999.00,-9999.00,-9999.00,-9999.00,0,0,1
2023-08-21T18:07:50,40.762749,-111.910431,1293.00,0.00,20.20,1.00,13.60,25.75,27.03,49.72,2.00,2.00,26.50,48.00,874.30,0.00,-9999.00,2.31,29.50,824.80,-9999.00,-9999.00,-9999.00,-9999.00,-9999.00,-9999.00,-9999.00,0,0,1
2023-08-21T18:07:55,40.762753,-111.910416,1293.20,0.00,20.20,1.00,13.60,25.75,27.01,49.78,3.00,2.00,26.50,48.00,874.40,0.00,-9999.00,2.30,29.50,824.80,-9999.00,-9999.00,-9999.00,-9999.00,-9999.00,-9999.00,-9999.00,0,0,1
2023-08-21T18:08:00,40.762756,-111.910408,1293.30,0.00,20.20,1.00,13.61,25.76,26.99,49.85,2.00,2.00,26.50,48.00,874.20,0.00,-9999.00,2.31,29.60,824.60,-9999.00,-9999.00,-9999.00,-9999.00,-9999.00,-9999.00,-9999.00,0,0,1
2023-08-21T18:08:05,40.762756,-111.910408,1293.30,0.00,20.20,1.00,13.61,25.76,26.97,49.94,2.00,2.00,26.50,48.00,874.10,0.00,-9999.00,2.31,29.60,824.60,-9999.00,-9999.00,-9999.00,-9999.00,-9999.00,-9999.00,-9999.00,0,0,1
2023-08-21T18:08:10,40.762756,-111.910408,1293.30,0.00,20.20,1.00,13.60,25.77,26.97,49.94,2.00,2.00,26.50,48.00,874.10,0.00,-9999.00,2.30,29.60,824.70,-9999.00,-9999.00,-9999.00,-9999.00,-9999.00,-9999.00,-9999.00,0,0,1
2023-08-21T18:08:15,40.762756,-111.910400,1293.40,0.00,20.20,1.00,13.60,25.77,26.95,49.97,3.00,2.00,26.50,48.00,874.10,0.00,-9999.00,2.30,29.70,824.80,-9999.00,-9999.00,-9999.00,-9999.00,-9999.00,-9999.00,-9999.00,0,0,1
2023-08-21T18:08:20,40.762764,-111.910400,1293.50,0.00,20.20,1.00,13.60,25.78,26.94,50.02,3.00,2.00,26.50,48.00,874.40,0.00,-9999.00,2.30,29.70,824.60,-9999.00,-9999.00,-9999.00,-9999.00,-9999.00,-9999.00,-9999.00,0,0,1
2023-08-21T18:08:25,40.762768,-111.910393,1293.60,0.00,20.20,1.00,13.60,25.78,26.93,50.10,2.00,2.00,26.50,47.00,874.30,0.00,-9999.00,2.29,29.80,824.60,-9999.00,-9999.00,-9999.00,-9999.00,-9999.00,-9999.00,-9999.00,0,0,1
2023-08-21T18:08:30,40.762768,-111.910393,1293.70,0.00,20.20,1.00,13.60,25.79,26.91,50.15,3.00,2.00,26.50,47.00,874.20,0.00,-9999.00,2.33,29.80,824.70,-9999.00,-9999.00,-9999.00,-9999.00,-9999.00,-9999.00,-9999.00,0,0,1
2023-08-21T18:08:35,40.762772,-111.910393,1293.80,0.00,20.20,1.00,13.61,25.80,26.91,50.20,3.00,2.00,26.61,47.00,874.20,0.00,-9999.00,2.31,29.80,824.70,-9999.00,-9999.00,-9999.00,-9999.00,-9999.00,-9999.00,-9999.00,0,0,1
2023-08-21T18:08:40,40.762779,-111.910393,1293.80,0.00,20.20,1.00,13.60,25.80,26.89,50.23,3.00,2.00,26.50,47.00,874.20,0.00,-9999.00,2.30,29.90,824.60,-9999.00,-9999.00,-9999.00,-9999.00,-9999.00,-9999.00,-9999.00,0,0,1
2023-08-21T18:08:45,40.762787,-111.910385,1293.80,0.00,20.20,1.00,13.61,25.81,26.89,50.36,2.00,2.00,26.61,47.00,874.20,0.00,-9999.00,2.31,29.90,824.60,-9999.00,-9999.00,-9999.00,-9999.00,-9999.00,-9999.00,-9999.00,0,0,1
2023-08-21T18:08:50,40.762791,-111.910385,1293.90,0.00,20.20,1.00,13.61,25.81,26.85,50.41,2.00,2.00,26.61,47.00,874.00,0.00,-9999.00,2.29,29.90,824.70,-9999.00,-9999.00,-9999.00,-9999.00,-9999.00,-9999.00,-9999.00,0,0,1
2023-08-21T18:08:55,40.762821,-111.910362,1294.10,0.00,20.20,1.00,13.60,25.82,26.83,50.42,2.00,2.00,26.61,47.00,874.40,0.00,-9999.00,2.30,30.00,824.80,-9999.00,-9999.00,-9999.00,-9999.00,-9999.00,-9999.00,-9999.00,0,0,1
2023-08-21T18:09:00,40.762844,-111.910347,1294.20,0.00,20.20,1.00,13.60,25.82,26.81,50.45,3.00,2.00,26.61,47.00,874.30,0.00,-9999.00,2.30,30.00,824.60,-9999.00,-9999.00,-9999.00,-9999.00,-9999.00,-9999.00,-9999.00,0,0,1
2023-08-21T18:09:05,40.762856,-111.910347,1294.10,0.00,20.20,1.00,13.60,25.83,26.79,50.49,2.00,2.00,26.61,47.00,874.30,0.00,-9999.00,2.33,30.00,824.60,-9999.00,-9999.00,-9999.00,-9999.00,-9999.00,-9999.00,-9999.00,0,0,1
2023-08-21T18:09:10,40.762863,-111.910339,1294.10,0.00,20.20,1.00,13.61,25.83,26.77,50.55,3.00,2.00,26.61,47.00,874.10,0.00,-9999.00,2.30,30.10,824.70,-9999.00,-9999.00,-9999.00,-9999.00,-9999.00,-9999.00,-9999.00,0,0,1
2023-08-21T18:09:15,40.762890,-111.910316,1293.70,0.00,20.20,1.00,13.61,25.84,26.75,50.61,2.00,2.00,26.61,47.00,874.20,0.00,-9999.00,2.31,30.10,824.70,-9999.00,-9999.00,-9999.00,-9999.00,-9999.00,-9999.00,-9999.00,0,0,1
2023-08-21T18:09:20,40.762897,-111.910316,1293.70,0.00,20.20,1.00,13.60,25.84,26.76,50.71,3.00,2.00,26.61,47.00,874.10,0.00,-9999.00,2.30,30.20,824.60,-9999.00,-9999.00,-9999.00,-9999.00,-9999.00,-9999.00,-9999.00,0,0,1
