Timestamp,Latitude,Longitude,Elevation,GPS_Speed,GPS_Direction,GPS_RMC_Valid,Battery_Voltage,Bus_Box_Temperature,Bus_Top_Temperature,Bus_Top_Relative_Humidity,ES642_PM2.5_Concentration,ES642_Air_Flow_Rate,ES642_Internal_Air_Temperature,ES642_Internal_Relative_Humidity,ES642_Internal_Air_Pressure,ES642_Error_Code,2B_Ozone_Concentration,2B_Air_Flow_Rate,2B_Internal_Air_Temperature,2B_Internal_Air_Pressure,2B405_NO_Concentration,2B405_NO2_Concentration,2B405_NOX_Concentration,2B405_Internal_Air_Temperature,2B405_Internal_Air_Pressure,2B405_Air_Flow_Rate,2B405_Cell_O3_Flow_Rate,PM2.5_Data_Flagged,Ozone_Data_Flagged,GPS_Data_Flagged
UTC,ddeg,ddeg,m,m/s,deg,binary,volts,degC,degC,%,ug/m3,L/min,degC,%,hpa,code,ppbv,L/min,degC,hpa,ppbv,ppbv,ppbv,degC,hpa,L/min,mL/min,binary,binary,binary
2022-05-24T16:18:10,-9999.000000,-9999.000000,-9999.00,-9999.00,-9999.00,-9999.00,13.72,20.13,20.46,16.37,-9999.00,-9999.00,-9999.00,-9999.00,-9999.00,-9999.00,-9999.00,-9999.00,-9999.00,-9999.00,-9999.00,-9999.00,-9999.00,-9999.00,-9999.00,-9999.00,-9999.00,0,0,0
2022-05-24T16:18:15,-9999.000000,-9999.000000,-9999.00,-9999.00,-9999.00,-9999.00,13.74,20.13,20.47,16.37,-9999.00,-9999.00,-9999.00,-9999.00,-9999.00,-9999.00,-9999.00,2.08,20.60,826.80,-9999.00,-9999.00,-9999.00,-9999.00,-9999.00,-9999.00,-9999.00,0,0,0
2022-05-24T16:18:20,-9999.000000,-9999.000000,-9999.00,-9999.00,-9999.00,-9999.00,13.73,20.13,20.47,16.37,-9999.00,-9999.00,-9999.00,-9999.00,-9999.00,-9999.00,-9999.00,2.08,20.60,826.70,-9999.00,-9999.00,-9999.00,-9999.00,-9999.00,-9999.00,-9999.00,0,0,0
2022-05-24T16:18:25,-9999.000000,-9999.000000,-9999.00,-9999.00,-9999.00,-9999.00,13.74,20.13,20.47,16.37,-9999.00,-9999.00,-9999.00,-9999.00,-9999.00,-9999.00,-9999.00,2.09,20.70,827.00,-9999.00,-9999.00,-9999.00,-9999.00,-9999.00,-9999.00,-9999.00,0,0,0
2022-05-24T16:18:30,-9999.000000,-9999.000000,-9999.00,-9999.00,-9999.00,-9999.00,13.74,20.13,20.47,16.35,-9999.00,-9999.00,-9999.00,-9999.00,-9999.00,-9999.00,-9999.00,2.08,20.70,827.20,-9999.00,-9999.00,-9999.00,-9999.00,-9999.00,-9999.00,-9999.00,0,0,0
2022-05-24T16:18:35,-9999.000000,-9999.000000,-9999.00,-9999.00,-9999.00,-9999.00,13.74,20.13,20.48,16.35,-9999.00,-9999.00,-9999.00,-9999.00,-9999.00,-9999.00,-9999.00,2.07,20.80,826.40,-9999.00,-9999.00,-9999.00,-9999.00,-9999.00,-9999.00,-9999.00,0,0,0
2022-05-24T16:18:40,-9999.000000,-9999.000000,-9999.00,-9999.00,-9999.00,-9999.00,13.74,20.13,20.48,16.39,-9999.00,-9999.00,-9999.00,-9999.00,-9999.00,-9999.00,-9999.00,2.08,20.40,826.50,-9999.00,-9999.00,-9999.00,-9999.00,-9999.00,-9999.00,-9999.00,0,0,0
2022-05-24T16:18:45,-9999.000000,-9999.000000,-9999.00,-9999.00,-9999.00,-9999.00,13.73,20.14,20.48,16.39,-9999.00,-9999.00,-9999.00,-9999.00,-9999.00,-9999.00,-9999.00,2.10,20.90,826.90,-9999.00,-9999.00,-9999.00,-9999.00,-9999.00,-9999.00,-9999.00,0,0,0
2022-05-24T16:18:50,-9999.000000,-9999.000000,-9999.00,-9999.00,-9999.00,-9999.00,13.74,20.14,20.48,16.40,-9999.00,-9999.00,-9999.00,-9999.00,-9999.00,-9999.00,-9999.00,2.09,20.90,826.90,-9999.00,-9999.00,-9999.00,-9999.00,-9999.00,-9999.00,-9999.00,0,0,0
2022-05-24T16:18:55,-9999.000000,-9999.000000,-9999.00,-9999.00,-9999.00,-9999.00,13.74,20.14,20.47,16.42,-9999.00,-9999.00,-9999.00,-9999.00,-9999.00,-9999.00,-9999.00,2.10,21.00,826.30,-9999.00,-9999.00,-9999.00,-9999.00,-9999.00,-9999.00,-9999.00,0,0,0
2022-05-24T16:19:00,-9999.000000,-9999.000000,-9999.00,-9999.00,-9999.00,-9999.00,13.74,20.14,20.48,16.45,-9999.00,-9999.00,-9999.00,-9999.00,-9999.00,-9999.00,-9999.00,2.10,21.00,826.30,-9999.00,-9999.00,-9999.00,-9999.00,-9999.00,-9999.00,-9999.00,0,0,0
2022-05-24T16:19:05,-9999.000000,-9999.000000,-9999.00,-9999.00,-9999.00,-9999.00,13.73,20.14,20.52,16.49,-9999.00,-9999.00,-9999.00,-9999.00,-9999.00,-9999.00,-9999.00,2.06,21.00,826.80,-9999.00,-9999.00,-9999.00,-9999.00,-9999.00,-9999.00,-9999.00,0,0,0
2022-05-24T16:19:10,-9999.000000,-9999.000000,-9999.00,-9999.00,-9999.00,-9999.00,13.73,20.14,20.50,16.50,5.00,2.00,19.78,22.00,873.40,0.00,-9999.00,2.09,20.80,826.80,-9999.00,-9999.00,-9999.00,-9999.00,-9999.00,-9999.00,-9999.00,0,0,0
2022-05-24T16:19:15,-9999.000000,-9999.000000,-9999.00,-9999.00,-9999.00,-9999.00,13.73,20.14,20.48,16.47,4.00,2.00,19.78,22.00,873.40,0.00,-9999.00,2.09,21.20,826.10,-9999.00,-9999.00,-9999.00,-9999.00,-9999.00,-9999.00,-9999.00,0,0,0
2022-05-24T16:19:20,-9999.000000,-9999.000000,-9999.00,-9999.00,-9999.00,-9999.00,13.73,20.14,20.50,16.59,4.00,2.00,19.78,22.00,873.50,0.00,-9999.00,2.09,21.30,826.20,-9999.00,-9999.00,-9999.00,-9999.00,-9999.00,-9999.00,-9999.00,0,0,0
2022-05-24T16:19:25,-9999.000000,-9999.000000,-9999.00,-9999.00,-9999.00,-9999.00,13.73,20.14,20.50,16.76,4.00,2.00,19.78,22.00,873.50,0.00,-9999.00,2.09,21.30,826.80,-9999.00,-9999.00,-9999.00,-9999.00,-9999.00,-9999.00,-9999.00,0,0,0
2022-05-24T16:19:30,-9999.000000,-9999.000000,-9999.00,-9999.00,-9999.00,-9999.00,13.73,20.14,20.48,16.82,4.00,2.00,19.89,22.00,873.60,0.00,-9999.00,2.10,21.30,826.70,-9999.00,-9999.00,-9999.00,-9999.00,-9999.00,-9999.00,-9999.00,0,0,0
2022-05-24T16:19:35,-9999.000000,-9999.000000,-9999.00,-9999.00,-9999.00,-9999.00,13.73,20.14,20.48,16.82,3.00,2.00,19.78,22.00,873.40,0.00,-9999.00,2.10,21.40,826.20,-9999.00,-9999.00,-9999.00,-9999.00,-9999.00,-9999.00,-9999.00,0,0,0
2022-05-24T16:19:40,-9999.000000,-9999.000000,-9999.00,-9999.00,-9999.00,-9999.00,13.74,20.14,20.50,16.81,3.00,2.00,19.78,22.00,873.40,0.00,-9999.00,2.09,21.50,826.10,-9999.00,-9999.00,-9999.00,-9999.00,-9999.00,-9999.00,-9999.00,0,0,0
2022-05-24T16:19:45,-9999.000000,-9999.000000,-9999.00,-9999.00,-9999.00,-9999.00,13.73,20.14,20.50,16.82,5.00,2.00,19.78,22.00,873.60,0.00,-9999.00,2.10,21.50,826.60,-9999.00,-9999.00,-9999.00,-9999.00,-9999.00,-9999.00,-9999.00,0,0,0
2022-05-24T16:19:50,-9999.000000,-9999.000000,-9999.00,-9999.00,-9999.00,-9999.00,13.73,20.14,20.50,16.80,4.00,2.00,19.89,22.00,873.40,0.00,-9999.00,2.11,21.50,826.60,-9999.00,-9999.00,-9999.00,-9999.00,-9999.00,-9999.00,-9999.00,0,0,0
2022-05-24T16:19:55,-9999.000000,-9999.000000,-9999.00,-9999.00,-9999.00,-9999.00,13.73,20.14,20.50,16.77,4.00,2.00,19.78,22.00,873.50,0.00,-9999.00,2.10,21.60,826.00,-9999.00,-9999.00,-9999.00,-9999.00,-9999.00,-9999.00,-9999.00,0,0,0
2022-05-24T16:20:00,-9999.000000,-9999.000000,-9999.00,-9999.00,-9999.00,-9999.00,13.73,20.14,20.50,16.74,5.00,2.00,19.78,22.00,873.50,0.00,-9999.00,2.10,21.70,826.10,-9999.00,-9999.00,-9999.00,-9999.00,-9999.00,-9999.00,-9999.00,0,0,0
2022-05-24T16:20:05,-9999.000000,-9999.000000,-9999.00,-9999.00,-9999.00,-9999.00,13.74,20.14,20.50,16.72,5.00,2.00,19.89,22.00,873.40,0.00,-9999.00,2.10,21.70,826.60,-9999.00,-9999.00,-9999.00,-9999.00,-9999.00,-9999.00,-9999.00,0,0,0
2022-05-24T16:20:10,-9999.000000,-9999.000000,-9999.00,-9999.00,-9999.00,-9999.00,13.73,20.14,20.50,16.72,4.00,2.00,19.78,22.00,873.30,0.00,-9999.00,2.10,21.80,826.50,-9999.00,-9999.00,-9999.00,-9999.00,-9999.00,-9999.00,-9999.00,0,0,0
2022-05-24T16:20:15,-9999.000000,-9999.000000,-9999.00,-9999.00,-9999.00,-9999.00,13.73,20.14,20.50,16.75,4.00,2.00,19.89,22.00,873.70,0.00,-9999.00,2.12,21.80,826.00,-9999.00,-9999.00,-9999.00,-9999.00,-9999.00,-9999.00,-9999.00,0,0,0
2022-05-24T16:20:20,-9999.000000,-9999.000000,-9999.00,-9999.00,-9999.00,-9999.00,13.73,20.14,20.49,16.80,5.00,2.00,19.89,22.00,873.50,0.00,-9999.00,2.10,21.90,825.90,-9999.00,-9999.00,-9999.00,-9999.00,-9999.00,-9999.00,-9999.00,0,0,0
2022-05-24T16:20:25,-9999.000000,-9999.000000,-9999.00,-9999.00,-9999.00,-9999.00,13.74,20.14,20.48,16.83,4.00,2.00,19.89,22.00,873.40,0.00,-9999.00,2.11,21.90,826.50,-9999.00,-9999.00,-9999.00,-9999.00,-9999.00,-9999.00,-9999.00,0,0,0
2022-05-24T16:20:30,-9999.000000,-9999.000000,-9999.00,-9999.00,-9999.00,-9999.00,13.73,20.14,20.48,16.88,5.00,2.00,19.89,22.00,873.50,0.00,-9999.00,2.12,21.90,826.50,-9999.00,-9999.00,-9999.00,-9999.00,-9999.00,-9999.00,-9999.00,0,0,0
2022-05-24T16:20:35,-9999.000000,-9999.000000,-9999.00,-9999.00,-9999.00,-9999.00,13.74,20.14,20.50,16.93,6.00,2.00,19.89,22.00,873.50,0.00,-9999.00,2.09,22.00,826.00,-9999.00,-9999.00,-9999.00,-9999.00,-9999.00,-9999.00,-9999.00,0,0,0
2022-05-24T16:20:40,-9999.000000,-9999.000000,-9999.00,-9999.00,-9999.00,-9999.00,13.73,20.14,20.50,16.96,5.00,2.00,19.89,22.00,873.60,0.00,-9999.00,2.10,22.10,825.90,-9999.00,-9999.00,-9999.00,-9999.00,-9999.00,-9999.00,-9999.00,0,0,0
2022-05-24T16:20:45,-9999.000000,-9999.000000,-9999.00,-9999.00,-9999.00,-9999.00,13.74,20.14,20.50,17.02,5.00,2.00,19.89,22.00,873.50,0.00,-9999.00,2.11,22.10,826.40,-9999.00,-9999.00,-9999.00,-9999.00,-9999.00,-9999.00,-9999.00,0,0,0
2022-05-24T16:20:50,-9999.000000,-9999.000000,-9999.00,-9999.00,-9999.00,-9999.00,13.73,20.14,20.50,17.04,4.00,2.00,19.89,22.00,873.50,0.00,-9999.00,2.10,22.10,826.40,-9999.00,-9999.00,-9999.00,-9999.00,-9999.00,-9999.00,-9999.00,0,0,0
2022-05-24T16:20:55,-9999.000000,-9999.000000,-9999.00,-9999.00,-9999.00,-9999.00,13.73,20.14,20.50,17.08,4.00,2.00,19.89,21.00,873.40,0.00,-9999.00,2.11,22.20,825.90,-9999.00,-9999.00,-9999.00,-9999.00,-9999.00,-9999.00,-9999.00,0,0,0
2022-05-24T16:21:00,-9999.000000,-9999.000000,-9999.00,-9999.00,-9999.00,-9999.00,13.74,20.15,20.50,17.08,5.00,2.00,19.89,22.00,873.60,0.00,-9999.00,2.11,22.30,825.80,-9999.00,-9999.00,-9999.00,-9999.00,-9999.00,-9999.00,-9999.00,0,0,0
2022-05-24T16:21:05,-9999.000000,-9999.000000,-9999.00,-9999.00,-9999.00,-9999.00,13.73,20.15,20.53,17.13,4.00,2.00,19.89,21.00,873.40,0.00,-9999.00,2.11,22.30,826.40,-9999.00,-9999.00,-9999.00,-9999.00,-9999.00,-9999.00,-9999.00,0,0,0
2022-05-24T16:21:10,-9999.000000,-9999.000000,-9999.00,-9999.00,-9999.00,-9999.00,13.73,20.15,20.50,17.04,4.00,2.00,19.89,21.00,873.30,0.00,-9999.00,2.11,22.30,826.40,-9999.00,-9999.00,-9999.00,-9999.00,-9999.00,-9999.00,-9999.00,0,0,0
2022-05-24T16:21:15,-9999.000000,-9999.000000,-9999.00,-9999.00,-9999.00,-9999.00,13.74,20.15,20.50,16.92,4.00,2.00,19.89,21.00,873.40,0.00,-9999.00,2.12,22.40,825.80,-9999.00,-9999.00,-9999.00,-9999.00,-9999.00,-9999.00,-9999.00,0,0,0
2022-05-24T16:21:20,-9999.000000,-9999.000000,-9999.00,-9999.00,-9999.00,-9999.00,13.74,20.15,20.50,16.78,4.00,2.00,19.89,21.00,873.50,0.00,-9999.00,2.11,22.40,826.00,-9999.00,-9999.00,-9999.00,-9999.00,-9999.00,-9999.00,-9999.00,0,0,0
2022-05-24T16:21:25,-9999.000000,-9999.000000,-9999.00,-9999.00,-9999.00,-9999.00,13.74,20.15,20.50,16.74,4.00,2.00,19.89,21.00,873.50,0.00,-9999.00,2.11,22.50,826.50,-9999.00,-9999.00,-9999.00,-9999.00,-9999.00,-9999.00,-9999.00,0,0,0
2022-05-24T16:21:30,-9999.000000,-9999.000000,-9999.00,-9999.00,-9999.00,-9999.00,13.73,20.15,20.50,16.71,5.00,2.00,19.89,21.00,873.50,0.00,-9999.00,2.10,22.50,826.40,-9999.00,-9999.00,-9999.00,-9999.00,-9999.00,-9999.00,-9999.00,0,0,0
2022-05-24T16:21:35,-9999.000000,-9999.000000,-9999.00,-9999.00,-9999.00,-9999.00,13.73,20.15,20.50,16.68,4.00,2.00,19.89,21.00,873.60,0.00,-9999.00,2.10,22.60,825.80,-9999.00,-9999.00,-9999.00,-9999.00,-9999.00,-9999.00,-9999.00,0,0,0
2022-05-24T16:21:40,-9999.000000,-9999.000000,-9999.00,-9999.00,-9999.00,-9999.00,13.74,20.15,20.50,16.58,5.00,2.00,19.89,21.00,873.40,0.00,-9999.00,2.11,22.60,825.90,-9999.00,-9999.00,-9999.00,-9999.00,-9999.00,-9999.00,-9999.00,0,0,0
2022-05-24T16:21:45,-9999.000000,-9999.000000,-9999.00,-9999.00,-9999.00,-9999.00,13.73,20.15,20.50,16.56,5.00,2.00,19.89,21.00,873.60,0.00,-9999.00,2.12,22.70,826.40,-9999.00,-9999.00,-9999.00,-9999.00,-9999.00,-9999.00,-9999.00,0,0,0
2022-05-24T16:21:50,-9999.000000,-9999.000000,-9999.00,-9999.00,-9999.00,-9999.00,13.74,20.15,20.50,16.53,4.00,2.00,19.89,21.00,873.70,0.00,-9999.00,2.12,22.70,826.30,-9999.00,-9999.00,-9999.00,-9999.00,-9999.00,-9999.00,-9999.00,0,0,0
2022-05-24T16:21:55,-9999.000000,-9999.000000,-9999.00,-9999.00,-9999.00,-9999.00,13.73,20.15,20.50,16.54,4.00,2.00,19.89,21.00,873.70,0.00,-9999.00,2.11,22.80,825.80,-9999.00,-9999.00,-9999.00,-9999.00,-9999.00,-9999.00,-9999.00,0,0,0
2022-05-24T16:22:00,-9999.000000,-9999.000000,-9999.00,-9999.00,-9999.00,-9999.00,13.74,20.15,20.50,16.54,4.00,2.00,19.89,21.00,873.40,0.00,-9999.00,2.13,22.80,825.80,-9999.00,-9999.00,-9999.00,-9999.00,-9999.00,-9999.00,-9999.00,0,0,0
2022-05-24T16:22:05,-9999.000000,-9999.000000,-9999.00,-9999.00,-9999.00,-9999.00,13.74,20.15,20.51,16.53,4.00,2.00,19.89,21.00,873.40,0.00,-9999.00,2.11,22.80,826.30,-9999.00,-9999.00,-9999.00,-9999.00,-9999.00,-9999.00,-9999.00,0,0,0
2022-05-24T16:22:10,-9999.000000,-9999.000000,-9999.00,-9999.00,-9999.00,-9999.00,13.73,20.16,20.50,16.54,5.00,2.00,19.89,21.00,873.40,0.00,-9999.00,2.13,22.90,826.30,-9999.00,-9999.00,-9999.00,-9999.00,-9999.00,-9999.00,-9999.00,0,0,0
2022-05-24T16:22:15,-9999.000000,-9999.000000,-9999.00,-9999.00,-9999.00,-9999.00,13.73,20.16,20.51,16.54,4.00,2.00,19.89,21.00,873.60,0.00,-9999.00,2.13,23.00,825.80,-9999.00,-9999.00,-9999.00,-9999.00,-9999.00,-9999.00,-9999.00,0,0,0
2022-05-24T16:22:20,-9999.000000,-9999.000000,-9999.00,-9999.00,-9999.00,-9999.00,13.73,20.16,20.50,16.54,4.00,2.00,19.89,21.00,873.50,0.00,-9999.00,2.11,23.00,825.90,-9999.00,-9999.00,-9999.00,-9999.00,-9999.00,-9999.00,-9999.00,0,0,0
2022-05-24T16:22:25,-9999.000000,-9999.000000,-9999.00,-9999.00,-9999.00,-9999.00,13.73,20.16,20.50,16.53,4.00,2.00,19.89,21.00,873.60,0.00,-9999.00,2.11,23.00,826.30,-9999.00,-9999.00,-9999.00,-9999.00,-9999.00,-9999.00,-9999.00,0,0,0
2022-05-24T16:22:30,-9999.000000,-9999.000000,-9999.00,-9999.00,-9999.00,-9999.00,13.74,20.16,20.50,16.52,3.00,2.00,19.89,21.00,873.60,0.00,-9999.00,2.11,23.10,826.30,-9999.00,-9999.00,-9999.00,-9999.00,-9999.00,-9999.00,-9999.00,0,0,0
2022-05-24T16:22:35,-9999.000000,-9999.000000,-9999.00,-9999.00,-9999.00,-9999.00,13.73,20.16,20.52,16.50,4.00,2.00,19.89,21.00,873.50,0.00,-9999.00,2.11,23.10,825.80,-9999.00,-9999.00,-9999.00,-9999.00,-9999.00,-9999.00,-9999.00,0,0,0
2022-05-24T16:22:40,-9999.000000,-9999.000000,-9999.00,-9999.00,-9999.00,-9999.00,13.73,20.16,20.52,16.47,4.00,2.00,19.89,21.00,873.40,0.00,-9999.00,2.12,23.20,825.70,-9999.00,-9999.00,-9999.00,-9999.00,-9999.00,-9999.00,-9999.00,0,0,0
2022-05-24T16:22:45,-9999.000000,-9999.000000,-9999.00,-9999.00,-9999.00,-9999.00,13.74,20.16,20.52,16.45,4.00,2.00,19.89,21.00,873.60,0.00,-9999.00,2.12,23.20,826.20,-9999.00,-9999.00,-9999.00,-9999.00,-9999.00,-9999.00,-9999.00,0,0,0
2022-05-24T16:22:50,-9999.000000,-9999.000000,-9999.00,-9999.00,-9999.00,-9999.00,13.74,20.16,20.52,16.44,4.00,2.00,19.89,21.00,873.40,0.00,-9999.00,2.12,23.20,826.30,-9999.00,-9999.00,-9999.00,-9999.00,-9999.00,-9999.00,-9999.00,0,0,0
2022-05-24T16:22:55,-9999.000000,-9999.000000,-9999.00,-9999.00,-9999.00,-9999.00,13.74,20.16,20.52,16.44,4.00,2.00,19.89,21.00,873.50,0.00,-9999.00,2.11,23.30,825.70,-9999.00,-9999.00,-9999.00,-9999.00,-9999.00,-9999.00,-9999.00,0,0,0
2022-05-24T16:23:00,-9999.000000,-9999.000000,-9999.00,-9999.00,-9999.00,-9999.00,13.73,20.17,20.59,16.44,4.00,2.00,19.89,21.00,873.50,0.00,-9999.00,2.13,23.30,825.80,-9999.00,-9999.00,-9999.00,-9999.00,-9999.00,-9999.00,-9999.00,0,0,0
2022-05-24T16:23:05,-9999.000000,-9999.000000,-9999.00,-9999.00,-9999.00,-9999.00,13.73,20.17,20.57,16.54,4.00,2.00,19.89,21.00,873.50,0.00,-9999.00,2.13,23.40,826.20,-9999.00,-9999.00,-9999.00,-9999.00,-9999.00,-9999.00,-9999.00,0,0,0
2022-05-24T16:23:10,-9999.000000,-9999.000000,-9999.00,-9999.00,-9999.00,-9999.00,13.73,20.17,20.53,16.52,4.00,2.00,19.89,21.00,873.60,0.00,-9999.00,2.12,23.40,826.30,-9999.00,-9999.00,-9999.00,-9999.00,-9999.00,-9999.00,-9999.00,0,0,0
2022-05-24T16:23:15,-9999.000000,-9999.000000,-9999.00,-9999.00,-9999.00,-9999.00,13.74,20.17,20.52,16.52,3.00,2.00,19.89,21.00,873.60,0.00,-9999.00,2.12,23.50,825.80,-9999.00,-9999.00,-9999.00,-9999.00,-9999.00,-9999.00,-9999.00,0,0,0
2022-05-24T16:23:20,-9999.000000,-9999.000000,-9999.00,-9999.00,-9999.00,-9999.00,13.73,20.17,20.52,16.49,3.00,2.00,19.89,21.00,873.60,0.00,-9999.00,2.13,23.50,825.70,-9999.00,-9999.00,-9999.00,-9999.00,-9999.00,-9999.00,-9999.00,0,0,0
2022-05-24T16:23:25,-9999.000000,-9999.000000,-9999.00,-9999.00,-9999.00,-9999.00,13.73,20.17,20.52,16.54,4.00,2.00,19.89,21.00,873.30,0.00,-9999.00,2.12,23.50,826.20,-9999.00,-9999.00,-9999.00,-9999.00,-9999.00,-9999.00,-9999.00,0,0,0
2022-05-24T16:23:30,-9999.000000,-9999.000000,-9999.00,-9999.00,-9999.00,-9999.00,13.73,20.17,20.53,16.54,4.00,2.00,19.89,21.00,873.40,0.00,-9999.00,2.12,23.60,826.20,-9999.00,-9999.00,-9999.00,-9999.00,-9999.00,-9999.00,-9999.00,0,0,0
2022-05-24T16:23:35,-9999.000000,-9999.000000,-9999.00,-9999.00,-9999.00,-9999.00,13.73,20.17,20.52,16.54,4.00,2.00,19.89,21.00,873.30,0.00,-9999.00,2.12,23.60,825.70,-9999.00,-9999.00,-9999.00,-9999.00,-9999.00,-9999.00,-9999.00,0,0,0
2022-05-24T16:23:40,-9999.000000,-9999.000000,-9999.00,-9999.00,-9999.00,-9999.00,13.74,20.18,20.52,16.51,4.00,2.00,19.89,21.00,873.40,0.00,-9999.00,2.12,23.70,825.70,-9999.00,-9999.00,-9999.00,-9999.00,-9999.00,-9999.00,-9999.00,0,0,0
2022-05-24T16:23:45,-9999.000000,-9999.000000,-9999.00,-9999.00,-9999.00,-9999.00,13.72,20.18,20.52,16.52,4.00,2.00,19.89,21.00,873.50,0.00,-9999.00,2.12,23.70,826.20,-9999.00,-9999.00,-9999.00,-9999.00,-9999.00,-9999.00,-9999.00,0,0,0
2022-05-24T16:23:50,-9999.000000,-9999.000000,-9999.00,-9999.00,-9999.00,-9999.00,13.73,20.18,20.52,16.52,3.00,2.00,19.89,21.00,873.40,0.00,-9999.00,2.12,23.70,826.20,-9999.00,-9999.00,-9999.00,-9999.00,-9999.00,-9999.00,-9999.00,0,0,0
2022-05-24T16:23:55,-9999.000000,-9999.000000,-9999.00,-9999.00,-9999.00,-9999.00,13.73,20.18,20.52,16.50,4.00,2.00,19.89,21.00,873.60,0.00,-9999.00,2.12,23.80,825.70,-9999.00,-9999.00,-9999.00,-9999.00,-9999.00,-9999.00,-9999.00,0,0,0
2022-05-24T16:24:00,-9999.000000,-9999.000000,-9999.00,-9999.00,-9999.00,-9999.00,13.73,20.18,20.52,16.55,3.00,2.00,19.89,21.00,873.50,0.00,-9999.00,2.13,23.80,825.70,-9999.00,-9999.00,-9999.00,-9999.00,-9999.00,-9999.00,-9999.00,0,0,0
2022-05-24T16:24:05,-9999.000000,-9999.000000,-9999.00,-9999.00,-9999.00,-9999.00,13.73,20.18,20.52,16.64,3.00,2.00,19.89,21.00,873.30,0.00,14.10,2.13,23.90,826.20,-9999.00,-9999.00,-9999.00,-9999.00,-9999.00,-9999.00,-9999.00,0,0,0
2022-05-24T16:24:10,-9999.000000,-9999.000000,-9999.00,-9999.00,-9999.00,-9999.00,13.73,20.19,20.52,16.73,4.00,2.00,20.00,21.00,873.40,0.00,11.90,2.12,23.90,826.10,-9999.00,-9999.00,-9999.00,-9999.00,-9999.00,-9999.00,-9999.00,0,0,0
2022-05-24T16:24:15,-9999.000000,-9999.000000,-9999.00,-9999.00,-9999.00,-9999.00,13.73,20.19,20.52,16.79,4.00,2.00,20.00,21.00,873.40,0.00,13.70,2.13,24.00,825.60,-9999.00,-9999.00,-9999.00,-9999.00,-9999.00,-9999.00,-9999.00,0,0,0
2022-05-24T16:24:20,-9999.000000,-9999.000000,-9999.00,-9999.00,-9999.00,-9999.00,13.74,20.19,20.52,16.83,4.00,2.00,19.89,21.00,873.30,0.00,14.90,2.13,24.00,825.70,-9999.00,-9999.00,-9999.00,-9999.00,-9999.00,-9999.00,-9999.00,0,0,0
2022-05-24T16:24:25,-9999.000000,-9999.000000,-9999.00,-9999.00,-9999.00,-9999.00,13.74,20.19,20.55,16.92,3.00,2.00,19.89,21.00,873.40,0.00,15.60,2.12,24.00,826.10,-9999.00,-9999.00,-9999.00,-9999.00,-9999.00,-9999.00,-9999.00,0,0,0
2022-05-24T16:24:30,-9999.000000,-9999.000000,-9999.00,-9999.00,-9999.00,-9999.00,13.73,20.19,20.54,16.97,3.00,2.00,19.89,21.00,873.40,0.00,14.80,2.12,24.10,826.10,-9999.00,-9999.00,-9999.00,-9999.00,-9999.00,-9999.00,-9999.00,0,0,0
2022-05-24T16:24:35,-9999.000000,-9999.000000,-9999.00,-9999.00,-9999.00,-9999.00,13.74,20.19,20.55,17.03,3.00,2.00,19.89,21.00,873.60,0.00,11.70,2.13,24.10,825.60,-9999.00,-9999.00,-9999.00,-9999.00,-9999.00,-9999.00,-9999.00,0,0,0
2022-05-24T16:24:40,-9999.000000,-9999.000000,-9999.00,-9999.00,-9999.00,-9999.00,13.73,20.20,20.54,17.08,3.00,2.00,19.89,21.00,873.40,0.00,12.30,2.13,24.10,825.60,-9999.00,-9999.00,-9999.00,-9999.00,-9999.00,-9999.00,-9999.00,0,0,0
2022-05-24T16:24:45,-9999.000000,-9999.000000,-9999.00,-9999.00,-9999.00,-9999.00,13.74,20.20,20.55,17.12,3.00,2.00,19.89,21.00,873.50,0.00,14.20,2.13,24.20,826.10,-9999.00,-9999.00,-9999.00,-9999.00,-9999.00,-9999.00,-9999.00,0,0,0
2022-05-24T16:24:50,-9999.000000,-9999.000000,-9999.00,-9999.00,-9999.00,-9999.00,13.74,20.20,20.54,17.14,3.00,2.00,20.00,21.00,873.50,0.00,13.60,2.12,24.20,826.20,-9999.00,-9999.00,-9999.00,-9999.00,-9999.00,-9999.00,-9999.00,0,0,0
2022-05-24T16:24:55,-9999.000000,-9999.000000,-9999.00,-9999.00,-9999.00,-9999.00,13.73,20.20,20.55,17.18,3.00,2.00,19.89,21.00,873.40,0.00,13.30,2.12,24.30,825.70,-9999.00,-9999.00,-9999.00,-9999.00,-9999.00,-9999.00,-9999.00,0,0,0
2022-05-24T16:25:00,-9999.000000,-9999.000000,-9999.00,-9999.00,-9999.00,-9999.00,13.72,20.20,20.61,17.19,3.00,2.00,20.00,21.00,873.30,0.00,12.90,2.12,24.30,825.60,-9999.00,-9999.00,-9999.00,-9999.00,-9999.00,-9999.00,-9999.00,0,0,0
2022-05-24T16:25:05,-9999.000000,-9999.000000,-9999.00,-9999.00,-9999.00,-9999.00,13.73,20.21,20.56,17.22,3.00,2.00,20.00,21.00,873.40,0.00,15.40,2.13,24.30,826.10,-9999.00,-9999.00,-9999.00,-9999.00,-9999.00,-9999.00,-9999.00,0,0,0
2022-05-24T16:25:10,-9999.000000,-9999.000000,-9999.00,-9999.00,-9999.00,-9999.00,13.73,20.21,20.55,17.16,3.00,2.00,20.00,21.00,873.30,0.00,12.70,2.14,24.40,826.00,-9999.00,-9999.00,-9999.00,-9999.00,-9999.00,-9999.00,-9999.00,0,0,0
2022-05-24T16:25:15,-9999.000000,-9999.000000,-9999.00,-9999.00,-9999.00,-9999.00,13.74,20.21,20.54,17.14,3.00,2.00,20.00,21.00,873.60,0.00,13.90,2.13,24.40,825.60,-9999.00,-9999.00,-9999.00,-9999.00,-9999.00,-9999.00,-9999.00,0,0,0
2022-05-24T16:25:20,-9999.000000,-9999.000000,-9999.00,-9999.00,-9999.00,-9999.00,13.73,20.21,20.55,17.08,3.00,2.00,20.00,21.00,873.40,0.00,12.40,2.13,24.40,825.60,-9999.00,-9999.00,-9999.00,-9999.00,-9999.00,-9999.00,-9999.00,0,0,0
2022-05-24T16:25:25,-9999.000000,-9999.000000,-9999.00,-9999.00,-9999.00,-9999.00,13.74,20.21,20.54,17.06,4.00,2.00,20.00,21.00,873.50,0.00,15.80,2.12,24.50,826.00,-9999.00,-9999.00,-9999.00,-9999.00,-9999.00,-9999.00,-9999.00,0,0,0
2022-05-24T16:25:30,-9999.000000,-9999.000000,-9999.00,-9999.00,-9999.00,-9999.00,13.73,20.22,20.55,17.04,4.00,2.00,20.00,21.00,873.40,0.00,12.00,2.14,24.50,826.00,-9999.00,-9999.00,-9999.00,-9999.00,-9999.00,-9999.00,-9999.00,0,0,0
2022-05-24T16:25:35,-9999.000000,-9999.000000,-9999.00,-9999.00,-9999.00,-9999.00,13.74,20.22,20.54,16.92,4.00,2.00,20.00,21.00,873.60,0.00,14.90,2.14,24.60,825.60,-9999.00,-9999.00,-9999.00,-9999.00,-9999.00,-9999.00,-9999.00,0,0,0
2022-05-24T16:25:40,-9999.000000,-9999.000000,-9999.00,-9999.00,-9999.00,-9999.00,13.74,20.22,20.55,16.78,4.00,2.00,20.00,21.00,873.50,0.00,15.10,2.13,24.60,825.60,-9999.00,-9999.00,-9999.00,-9999.00,-9999.00,-9999.00,-9999.00,0,0,0
2022-05-24T16:25:45,-9999.000000,-9999.000000,-9999.00,-9999.00,-9999.00,-9999.00,13.74,20.22,20.54,16.70,4.00,2.00,20.00,21.00,873.60,0.00,12.90,2.12,24.60,826.00,-9999.00,-9999.00,-9999.00,-9999.00,-9999.00,-9999.00,-9999.00,0,0,0
2022-05-24T16:25:50,-9999.000000,-9999.000000,-9999.00,-9999.00,-9999.00,-9999.00,13.74,20.23,20.54,16.65,3.00,2.00,20.00,21.00,873.60,0.00,15.50,2.14,24.60,826.00,-9999.00,-9999.00,-9999.00,-9999.00,-9999.00,-9999.00,-9999.00,0,0,0
2022-05-24T16:25:55,-9999.000000,-9999.000000,-9999.00,-9999.00,-9999.00,-9999.00,13.74,20.23,20.54,16.78,4.00,2.00,20.00,21.00,873.40,0.00,13.50,2.14,24.70,825.60,-9999.00,-9999.00,-9999.00,-9999.00,-9999.00,-9999.00,-9999.00,0,0,0
2022-05-24T16:26:00,-9999.000000,-9999.000000,-9999.00,-9999.00,-9999.00,-9999.00,13.74,20.23,20.55,16.80,4.00,2.00,20.00,21.00,873.60,0.00,13.40,2.14,24.70,825.50,-9999.00,-9999.00,-9999.00,-9999.00,-9999.00,-9999.00,-9999.00,0,0,0
2022-05-24T16:26:05,-9999.000000,-9999.000000,-9999.00,-9999.00,-9999.00,-9999.00,13.74,20.23,20.54,16.80,3.00,2.00,20.00,21.00,873.50,0.00,14.00,2.13,24.80,826.00,-9999.00,-9999.00,-9999.00,-9999.00,-9999.00,-9999.00,-9999.00,0,0,0
2022-05-24T16:26:10,-9999.000000,-9999.000000,-9999.00,-9999.00,-9999.00,-9999.00,13.73,20.24,20.54,16.79,3.00,2.00,20.00,21.00,873.40,0.00,12.20,2.15,24.80,826.00,-9999.00,-9999.00,-9999.00,-9999.00,-9999.00,-9999.00,-9999.00,0,0,0
2022-05-24T16:26:15,-9999.000000,-9999.000000,-9999.00,-9999.00,-9999.00,-9999.00,13.74,20.24,20.55,16.80,3.00,2.00,20.00,21.00,873.40,0.00,14.60,2.14,24.80,825.60,-9999.00,-9999.00,-9999.00,-9999.00,-9999.00,-9999.00,-9999.00,0,0,0
2022-05-24T16:26:20,-9999.000000,-9999.000000,-9999.00,-9999.00,-9999.00,-9999.00,13.73,20.24,20.54,16.80,3.00,2.00,20.00,21.00,873.50,0.00,13.90,2.12,24.90,825.60,-9999.00,-9999.00,-9999.00,-9999.00,-9999.00,-9999.00,-9999.00,0,0,0
2022-05-24T16:26:25,-9999.000000,-9999.000000,-9999.00,-9999.00,-9999.00,-9999.00,13.73,20.24,20.54,16.82,3.00,2.00,20.00,21.00,873.60,0.00,12.30,2.13,24.90,825.90,-9999.00,-9999.00,-9999.00,-9999.00,-9999.00,-9999.00,-9999.00,0,0,0
2022-05-24T16:26:30,-9999.000000,-9999.000000,-9999.00,-9999.00,-9999.00,-9999.00,13.74,20.25,20.54,16.86,3.00,2.00,20.00,21.00,873.50,0.00,11.20,2.14,24.90,825.90,-9999.00,-9999.00,-9999.00,-9999.00,-9999.00,-9999.00,-9999.00,0,0,0
2022-05-24T16:26:35,-9999.000000,-9999.000000,-9999.00,-9999.00,-9999.00,-9999.00,13.73,20.25,20.55,16.90,3.00,2.00,20.00,21.00,873.60,0.00,14.20,2.13,25.00,825.60,-9999.00,-9999.00,-9999.00,-9999.00,-9999.00,-9999.00,-9999.00,0,0,0
2022-05-24T16:26:40,-9999.000000,-9999.000000,-9999.00,-9999.00,-9999.00,-9999.00,13.74,20.25,20.54,16.92,4.00,2.00,20.00,21.00,873.30,0.00,13.20,2.14,25.00,825.50,-9999.00,-9999.00,-9999.00,-9999.00,-9999.00,-9999.00,-9999.00,0,0,0
2022-05-24T16:26:45,-9999.000000,-9999.000000,-9999.00,-9999.00,-9999.00,-9999.00,13.74,20.25,20.54,16.92,3.00,2.00,20.00,21.00,873.50,0.00,13.90,2.14,25.00,826.00,-9999.00,-9999.00,-9999.00,-9999.00,-9999.00,-9999.00,-9999.00,0,0,0
2022-05-24T16:26:50,-9999.000000,-9999.000000,-9999.00,-9999.00,-9999.00,-9999.00,13.74,20.26,20.54,16.89,3.00,2.00,20.00,21.00,873.30,0.00,14.30,2.13,25.10,825.90,-9999.00,-9999.00,-9999.00,-9999.00,-9999.00,-9999.00,-9999.00,0,0,0
2022-05-24T16:26:55,-9999.000000,-9999.000000,-9999.00,-9999.00,-9999.00,-9999.00,13.74,20.26,20.55,16.84,4.00,2.00,20.00,21.00,873.50,0.00,16.60,2.15,25.10,825.60,-9999.00,-9999.00,-9999.00,-9999.00,-9999.00,-9999.00,-9999.00,0,0,0
2022-05-24T16:27:00,-9999.000000,-9999.000000,-9999.00,-9999.00,-9999.00,-9999.00,13.73,20.26,20.54,16.92,4.00,2.00,20.00,21.00,873.30,0.00,14.40,2.13,25.20,825.50,-9999.00,-9999.00,-9999.00,-9999.00,-9999.00,-9999.00,-9999.00,0,0,0
2022-05-24T16:27:05,-9999.000000,-9999.000000,-9999.00,-9999.00,-9999.00,-9999.00,13.74,20.27,20.58,16.96,4.00,2.00,20.00,21.00,873.50,0.00,11.90,2.14,25.20,825.90,-9999.00,-9999.00,-9999.00,-9999.00,-9999.00,-9999.00,-9999.00,0,0,0
2022-05-24T16:27:10,-9999.000000,-9999.000000,-9999.00,-9999.00,-9999.00,-9999.00,13.73,20.27,20.59,16.97,4.00,2.00,20.00,21.00,873.30,0.00,16.00,2.13,25.20,825.90,-9999.00,-9999.00,-9999.00,-9999.00,-9999.00,-9999.00,-9999.00,0,0,0
2022-05-24T16:27:15,-9999.000000,-9999.000000,-9999.00,-9999.00,-9999.00,-9999.00,13.74,20.27,20.54,16.92,3.00,2.00,20.00,21.00,873.30,0.00,14.80,2.14,25.30,825.50,-9999.00,-9999.00,-9999.00,-9999.00,-9999.00,-9999.00,-9999.00,0,0,0
2022-05-24T16:27:20,-9999.000000,-9999.000000,-9999.00,-9999.00,-9999.00,-9999.00,13.74,20.27,20.55,16.92,3.00,2.00,20.00,21.00,873.30,0.00,13.10,2.14,25.30,825.50,-9999.00,-9999.00,-9999.00,-9999.00,-9999.00,-9999.00,-9999.00,0,0,0
2022-05-24T16:27:25,-9999.000000,-9999.000000,-9999.00,-9999.00,-9999.00,-9999.00,13.74,20.28,20.54,16.80,3.00,2.00,20.00,21.00,873.40,0.00,9.90,2.15,25.30,825.90,-9999.00,-9999.00,-9999.00,-9999.00,-9999.00,-9999.00,-9999.00,0,0,0
2022-05-24T16:27:30,-9999.000000,-9999.000000,-9999.00,-9999.00,-9999.00,-9999.00,13.73,20.28,20.55,16.70,4.00,2.00,20.00,21.00,873.60,0.00,12.80,2.15,25.30,825.90,-9999.00,-9999.00,-9999.00,-9999.00,-9999.00,-9999.00,-9999.00,0,0,0
2022-05-24T16:27:35,-9999.000000,-9999.000000,-9999.00,-9999.00,-9999.00,-9999.00,13.74,20.28,20.54,16.70,3.00,2.00,20.00,21.00,873.40,0.00,13.10,2.14,25.40,825.50,-9999.00,-9999.00,-9999.00,-9999.00,-9999.00,-9999.00,-9999.00,0,0,0
2022-05-24T16:27:40,-9999.000000,-9999.000000,-9999.00,-9999.00,-9999.00,-9999.00,13.73,20.29,20.55,16.69,3.00,2.00,20.00,21.00,873.40,0.00,13.90,2.13,25.40,825.50,-9999.00,-9999.00,-9999.00,-9999.00,-9999.00,-9999.00,-9999.00,0,0,0
2022-05-24T16:27:45,-9999.000000,-9999.000000,-9999.00,-9999.00,-9999.00,-9999.00,13.74,20.29,20.54,16.70,4.00,2.00,20.00,21.00,873.40,0.00,9.20,2.15,25.40,825.90,-9999.00,-9999.00,-9999.00,-9999.00,-9999.00,-9999.00,-9999.00,0,0,0
2022-05-24T16:27:50,-9999.000000,-9999.000000,-9999.00,-9999.00,-9999.00,-9999.00,13.74,20.29,20.57,16.68,3.00,2.00,20.00,21.00,873.40,0.00,11.70,2.15,25.50,825.90,-9999.00,-9999.00,-9999.00,-9999.00,-9999.00,-9999.00,-9999.00,0,0,0
2022-05-24T16:27:55,-9999.000000,-9999.000000,-9999.00,-9999.00,-9999.00,-9999.00,13.73,20.30,20.56,16.64,3.00,2.00,20.00,21.00,873.60,0.00,16.10,2.14,25.50,825.50,-9999.00,-9999.00,-9999.00,-9999.00,-9999.00,-9999.00,-9999.00,0,0,0
2022-05-24T16:28:00,-9999.000000,-9999.000000,-9999.00,-9999.00,-9999.00,-9999.00,13.74,20.30,20.56,16.63,3.00,2.00,20.00,21.00,873.50,0.00,14.90,2.15,25.50,825.50,-9999.00,-9999.00,-9999.00,-9999.00,-9999.00,-9999.00,-9999.00,0,0,0
2022-05-24T16:28:05,-9999.000000,-9999.000000,-9999.00,-9999.00,-9999.00,-9999.00,13.74,20.30,20.56,16.60,4.00,2.00,20.00,21.00,873.40,0.00,12.90,2.13,25.60,825.90,-9999.00,-9999.00,-9999.00,-9999.00,-9999.00,-9999.00,-9999.00,0,0,0
2022-05-24T16:28:10,-9999.000000,-9999.000000,-9999.00,-9999.00,-9999.00,-9999.00,13.73,20.30,20.57,16.60,4.00,2.00,20.00,21.00,873.60,0.00,12.40,2.14,25.60,825.90,-9999.00,-9999.00,-9999.00,-9999.00,-9999.00,-9999.00,-9999.00,0,0,0
2022-05-24T16:28:15,-9999.000000,-9999.000000,-9999.00,-9999.00,-9999.00,-9999.00,13.74,20.31,20.57,16.60,3.00,2.00,20.00,21.00,873.40,0.00,13.70,2.14,25.60,825.50,-9999.00,-9999.00,-9999.00,-9999.00,-9999.00,-9999.00,-9999.00,0,0,0
2022-05-24T16:28:20,-9999.000000,-9999.000000,-9999.00,-9999.00,-9999.00,-9999.00,13.74,20.31,20.56,16.59,3.00,2.00,20.00,21.00,873.60,0.00,14.20,2.14,25.70,825.60,-9999.00,-9999.00,-9999.00,-9999.00,-9999.00,-9999.00,-9999.00,0,0,0
2022-05-24T16:28:25,-9999.000000,-9999.000000,-9999.00,-9999.00,-9999.00,-9999.00,13.74,20.31,20.57,16.60,3.00,2.00,20.11,21.00,873.50,0.00,12.80,2.15,25.70,825.90,-9999.00,-9999.00,-9999.00,-9999.00,-9999.00,-9999.00,-9999.00,0,0,0
2022-05-24T16:28:30,-9999.000000,-9999.000000,-9999.00,-9999.00,-9999.00,-9999.00,13.74,20.32,20.56,16.67,3.00,2.00,20.11,21.00,873.40,0.00,13.90,2.14,25.70,825.90,-9999.00,-9999.00,-9999.00,-9999.00,-9999.00,-9999.00,-9999.00,0,0,0
2022-05-24T16:28:35,-9999.000000,-9999.000000,-9999.00,-9999.00,-9999.00,-9999.00,13.73,20.32,20.57,16.75,3.00,2.00,20.11,21.00,873.60,0.00,12.40,2.14,25.80,825.50,-9999.00,-9999.00,-9999.00,-9999.00,-9999.00,-9999.00,-9999.00,0,0,0
2022-05-24T16:28:40,-9999.000000,-9999.000000,-9999.00,-9999.00,-9999.00,-9999.00,13.74,20.32,20.57,16.83,4.00,2.00,20.11,21.00,873.40,0.00,9.90,2.15,25.80,825.50,-9999.00,-9999.00,-9999.00,-9999.00,-9999.00,-9999.00,-9999.00,0,0,0
2022-05-24T16:28:45,-9999.000000,-9999.000000,-9999.00,-9999.00,-9999.00,-9999.00,13.72,20.33,20.57,16.93,4.00,2.00,20.11,21.00,873.30,0.00,15.50,2.16,25.80,825.90,-9999.00,-9999.00,-9999.00,-9999.00,-9999.00,-9999.00,-9999.00,0,0,0
2022-05-24T16:28:50,-9999.000000,-9999.000000,-9999.00,-9999.00,-9999.00,-9999.00,13.73,20.33,20.56,16.96,3.00,2.00,20.11,21.00,873.40,0.00,12.20,2.15,25.80,825.80,-9999.00,-9999.00,-9999.00,-9999.00,-9999.00,-9999.00,-9999.00,0,0,0
2022-05-24T16:28:55,-9999.000000,-9999.000000,-9999.00,-9999.00,-9999.00,-9999.00,13.73,20.33,20.57,16.95,3.00,2.00,20.11,21.00,873.40,0.00,13.80,2.15,25.90,825.50,-9999.00,-9999.00,-9999.00,-9999.00,-9999.00,-9999.00,-9999.00,0,0,0
2022-05-24T16:29:00,-9999.000000,-9999.000000,-9999.00,-9999.00,-9999.00,-9999.00,13.74,20.34,20.57,16.96,3.00,2.00,20.11,21.00,873.60,0.00,12.70,2.15,25.90,825.50,-9999.00,-9999.00,-9999.00,-9999.00,-9999.00,-9999.00,-9999.00,0,0,0
2022-05-24T16:29:05,-9999.000000,-9999.000000,-9999.00,-9999.00,-9999.00,-9999.00,13.73,20.34,20.57,16.94,4.00,2.00,20.11,21.00,873.40,0.00,12.90,2.15,25.90,825.80,-9999.00,-9999.00,-9999.00,-9999.00,-9999.00,-9999.00,-9999.00,0,0,0
2022-05-24T16:29:10,-9999.000000,-9999.000000,-9999.00,-9999.00,-9999.00,-9999.00,13.74,20.35,20.61,16.90,3.00,2.00,20.11,21.00,873.50,0.00,14.10,2.16,26.00,825.80,-9999.00,-9999.00,-9999.00,-9999.00,-9999.00,-9999.00,-9999.00,0,0,0
2022-05-24T16:29:15,-9999.000000,-9999.000000,-9999.00,-9999.00,-9999.00,-9999.00,13.74,20.35,20.61,16.90,3.00,2.00,20.11,21.00,873.50,0.00,13.80,2.13,26.00,825.50,-9999.00,-9999.00,-9999.00,-9999.00,-9999.00,-9999.00,-9999.00,0,0,0
2022-05-24T16:29:20,-9999.000000,-9999.000000,-9999.00,-9999.00,-9999.00,-9999.00,13.73,20.35,20.57,16.82,3.00,2.00,20.11,21.00,873.60,0.00,13.90,2.15,26.00,825.40,-9999.00,-9999.00,-9999.00,-9999.00,-9999.00,-9999.00,-9999.00,0,0,0
2022-05-24T16:29:25,-9999.000000,-9999.000000,-9999.00,-9999.00,-9999.00,-9999.00,13.73,20.36,20.56,16.80,3.00,2.00,20.11,21.00,873.40,0.00,12.70,2.14,26.10,825.90,-9999.00,-9999.00,-9999.00,-9999.00,-9999.00,-9999.00,-9999.00,0,0,0
2022-05-24T16:29:30,-9999.000000,-9999.000000,-9999.00,-9999.00,-9999.00,-9999.00,13.74,20.36,20.57,16.80,3.00,2.00,20.11,21.00,873.40,0.00,11.90,2.15,26.10,825.80,-9999.00,-9999.00,-9999.00,-9999.00,-9999.00,-9999.00,-9999.00,0,0,0
2022-05-24T16:29:35,-9999.000000,-9999.000000,-9999.00,-9999.00,-9999.00,-9999.00,13.74,20.36,20.56,16.86,3.00,2.00,20.11,21.00,873.50,0.00,13.50,2.14,26.10,825.50,-9999.00,-9999.00,-9999.00,-9999.00,-9999.00,-9999.00,-9999.00,0,0,0
2022-05-24T16:29:40,-9999.000000,-9999.000000,-9999.00,-9999.00,-9999.00,-9999.00,13.74,20.37,20.57,16.88,3.00,2.00,20.11,21.00,873.40,0.00,12.20,2.15,26.20,825.50,-9999.00,-9999.00,-9999.00,-9999.00,-9999.00,-9999.00,-9999.00,0,0,0
2022-05-24T16:29:45,-9999.000000,-9999.000000,-9999.00,-9999.00,-9999.00,-9999.00,13.74,20.37,20.56,16.88,4.00,2.00,20.11,21.00,873.60,0.00,13.70,2.15,26.20,825.80,-9999.00,-9999.00,-9999.00,-9999.00,-9999.00,-9999.00,-9999.00,0,0,0
2022-05-24T16:29:50,-9999.000000,-9999.000000,-9999.00,-9999.00,-9999.00,-9999.00,13.74,20.37,20.57,16.85,4.00,2.00,20.11,21.00,873.60,0.00,12.90,2.15,26.20,825.80,-9999.00,-9999.00,-9999.00,-9999.00,-9999.00,-9999.00,-9999.00,0,0,0
2022-05-24T16:29:55,-9999.000000,-9999.000000,-9999.00,-9999.00,-9999.00,-9999.00,13.73,20.38,20.57,16.86,4.00,2.00,20.11,21.00,873.40,0.00,14.00,2.15,26.30,825.50,-9999.00,-9999.00,-9999.00,-9999.00,-9999.00,-9999.00,-9999.00,0,0,0
2022-05-24T16:30:00,-9999.000000,-9999.000000,-9999.00,-9999.00,-9999.00,-9999.00,13.73,20.38,20.57,16.86,3.00,2.00,20.11,21.00,873.40,0.00,14.00,2.14,26.30,825.50,-9999.00,-9999.00,-9999.00,-9999.00,-9999.00,-9999.00,-9999.00,0,0,0
2022-05-24T16:30:05,-9999.000000,-9999.000000,-9999.00,-9999.00,-9999.00,-9999.00,13.74,20.39,20.57,16.88,3.00,2.00,20.11,21.00,873.60,0.00,15.80,2.17,26.30,825.80,-9999.00,-9999.00,-9999.00,-9999.00,-9999.00,-9999.00,-9999.00,0,0,0
2022-05-24T16:30:10,-9999.000000,-9999.000000,-9999.00,-9999.00,-9999.00,-9999.00,13.74,20.39,20.57,16.87,3.00,2.00,20.11,21.00,873.30,0.00,13.00,2.14,26.30,825.80,-9999.00,-9999.00,-9999.00,-9999.00,-9999.00,-9999.00,-9999.00,0,0,0
2022-05-24T16:30:15,-9999.000000,-9999.000000,-9999.00,-9999.00,-9999.00,-9999.00,13.74,20.39,20.57,16.90,2.00,2.00,20.11,21.00,873.70,0.00,14.10,2.16,26.40,825.40,-9999.00,-9999.00,-9999.00,-9999.00,-9999.00,-9999.00,-9999.00,0,0,0
2022-05-24T16:30:20,-9999.000000,-9999.000000,-9999.00,-9999.00,-9999.00,-9999.00,13.74,20.40,20.56,16.90,2.00,2.00,20.11,21.00,873.40,0.00,14.20,2.15,26.40,825.40,-9999.00,-9999.00,-9999.00,-9999.00,-9999.00,-9999.00,-9999.00,0,0,0
2022-05-24T16:30:25,-9999.000000,-9999.000000,-9999.00,-9999.00,-9999.00,-9999.00,13.74,20.40,20.57,16.95,3.00,2.00,20.11,21.00,873.40,0.00,12.40,2.15,26.40,825.80,-9999.00,-9999.00,-9999.00,-9999.00,-9999.00,-9999.00,-9999.00,0,0,0
2022-05-24T16:30:30,-9999.000000,-9999.000000,-9999.00,-9999.00,-9999.00,-9999.00,13.74,20.40,20.56,17.00,3.00,2.00,20.11,21.00,873.60,0.00,12.60,2.16,26.40,825.80,-9999.00,-9999.00,-9999.00,-9999.00,-9999.00,-9999.00,-9999.00,0,0,0
2022-05-24T16:30:35,-9999.000000,-9999.000000,-9999.00,-9999.00,-9999.00,-9999.00,13.74,20.41,20.57,17.02,3.00,2.00,20.22,21.00,873.50,0.00,14.00,2.16,26.50,825.50,-9999.00,-9999.00,-9999.00,-9999.00,-9999.00,-9999.00,-9999.00,0,0,0
2022-05-24T16:30:40,-9999.000000,-9999.000000,-9999.00,-9999.00,-9999.00,-9999.00,13.74,20.41,20.56,17.02,3.00,2.00,20.22,21.00,873.50,0.00,15.70,2.15,26.50,825.50,-9999.00,-9999.00,-9999.00,-9999.00,-9999.00,-9999.00,-9999.00,0,0,0
2022-05-24T16:30:45,-9999.000000,-9999.000000,-9999.00,-9999.00,-9999.00,-9999.00,13.74,20.42,20.57,17.00,3.00,2.00,20.22,21.00,873.40,0.00,10.70,2.14,26.50,825.90,-9999.00,-9999.00,-9999.00,-9999.00,-9999.00,-9999.00,-9999.00,0,0,0
2022-05-24T16:30:50,-9999.000000,-9999.000000,-9999.00,-9999.00,-9999.00,-9999.00,13.73,20.42,20.56,17.00,2.00,2.00,20.22,21.00,873.60,0.00,13.20,2.15,26.50,825.80,-9999.00,-9999.00,-9999.00,-9999.00,-9999.00,-9999.00,-9999.00,0,0,0
2022-05-24T16:30:55,-9999.000000,-9999.000000,-9999.00,-9999.00,-9999.00,-9999.00,13.21,20.42,20.57,17.00,3.00,2.00,20.22,21.00,873.30,0.00,12.90,2.15,26.60,825.50,-9999.00,-9999.00,-9999.00,-9999.00,-9999.00,-9999.00,-9999.00,0,0,0
2022-05-24T16:31:00,-9999.000000,-9999.000000,-9999.00,-9999.00,-9999.00,-9999.00,13.21,20.43,20.56,17.01,3.00,2.00,20.22,21.00,873.40,0.00,13.20,2.15,26.60,825.40,-9999.00,-9999.00,-9999.00,-9999.00,-9999.00,-9999.00,-9999.00,0,0,0
2022-05-24T16:31:05,-9999.000000,-9999.000000,-9999.00,-9999.00,-9999.00,-9999.00,13.21,20.43,20.57,17.06,4.00,2.00,20.22,21.00,873.50,0.00,13.60,2.15,26.60,825.80,-9999.00,-9999.00,-9999.00,-9999.00,-9999.00,-9999.00,-9999.00,0,0,0
2022-05-24T16:31:10,-9999.000000,-9999.000000,-9999.00,-9999.00,-9999.00,-9999.00,13.21,20.44,20.59,17.10,4.00,2.00,20.22,21.00,873.50,0.00,12.50,2.15,26.70,825.90,-9999.00,-9999.00,-9999.00,-9999.00,-9999.00,-9999.00,-9999.00,0,0,0
2022-05-24T16:31:15,-9999.000000,-9999.000000,-9999.00,-9999.00,-9999.00,-9999.00,13.21,20.44,20.61,17.14,3.00,2.00,20.22,21.00,873.50,0.00,11.30,2.15,26.70,825.40,-9999.00,-9999.00,-9999.00,-9999.00,-9999.00,-9999.00,-9999.00,0,0,0
2022-05-24T16:31:20,-9999.000000,-9999.000000,-9999.00,-9999.00,-9999.00,-9999.00,13.21,20.44,20.59,17.10,3.00,2.00,20.22,21.00,873.30,0.00,15.00,2.15,26.70,825.40,-9999.00,-9999.00,-9999.00,-9999.00,-9999.00,-9999.00,-9999.00,0,0,0
2022-05-24T16:31:25,-9999.000000,-9999.000000,-9999.00,-9999.00,-9999.00,-9999.00,13.21,20.45,20.59,17.10,3.00,2.00,20.22,21.00,873.60,0.00,14.80,2.17,26.70,825.80,-9999.00,-9999.00,-9999.00,-9999.00,-9999.00,-9999.00,-9999.00,0,0,0
2022-05-24T16:31:30,-9999.000000,-9999.000000,-9999.00,-9999.00,-9999.00,-9999.00,13.21,20.45,20.59,17.12,3.00,2.00,20.22,21.00,873.40,0.00,13.90,2.15,26.80,825.70,-9999.00,-9999.00,-9999.00,-9999.00,-9999.00,-9999.00,-9999.00,0,0,0
2022-05-24T16:31:35,-9999.000000,-9999.000000,-9999.00,-9999.00,-9999.00,-9999.00,13.21,20.46,20.58,17.14,3.00,2.00,20.22,21.00,873.40,0.00,12.90,2.14,26.80,825.40,-9999.00,-9999.00,-9999.00,-9999.00,-9999.00,-9999.00,-9999.00,0,0,0
2022-05-24T16:31:40,-9999.000000,-9999.000000,-9999.00,-9999.00,-9999.00,-9999.00,13.21,20.46,20.59,17.15,3.00,2.00,20.22,21.00,873.30,0.00,12.30,2.16,26.80,825.40,-9999.00,-9999.00,-9999.00,-9999.00,-9999.00,-9999.00,-9999.00,0,0,0
2022-05-24T16:31:45,-9999.000000,-9999.000000,-9999.00,-9999.00,-9999.00,-9999.00,13.21,20.46,20.58,17.16,3.00,2.00,20.22,21.00,873.50,0.00,13.40,2.15,26.90,825.80,-9999.00,-9999.00,-9999.00,-9999.00,-9999.00,-9999.00,-9999.00,0,0,0
2022-05-24T16:31:50,-9999.000000,-9999.000000,-9999.00,-9999.00,-9999.00,-9999.00,13.21,20.47,20.59,17.16,4.00,2.00,20.22,21.00,873.40,0.00,11.40,2.15,26.90,825.70,-9999.00,-9999.00,-9999.00,-9999.00,-9999.00,-9999.00,-9999.00,0,0,0
2022-05-24T16:31:55,-9999.000000,-9999.000000,-9999.00,-9999.00,-9999.00,-9999.00,13.21,20.47,20.58,17.12,3.00,2.00,20.22,21.00,873.60,0.00,13.30,2.15,26.90,825.50,-9999.00,-9999.00,-9999.00,-9999.00,-9999.00,-9999.00,-9999.00,0,0,0
2022-05-24T16:32:00,-9999.000000,-9999.000000,-9999.00,-9999.00,-9999.00,-9999.00,13.21,20.48,20.58,17.10,3.00,2.00,20.22,21.00,873.40,0.00,12.90,2.16,26.90,825.40,-9999.00,-9999.00,-9999.00,-9999.00,-9999.00,-9999.00,-9999.00,0,0,0
2022-05-24T16:32:05,-9999.000000,-9999.000000,-9999.00,-9999.00,-9999.00,-9999.00,13.21,20.48,20.59,17.08,3.00,2.00,20.22,21.00,873.40,0.00,12.60,2.14,27.00,825.80,-9999.00,-9999.00,-9999.00,-9999.00,-9999.00,-9999.00,-9999.00,0,0,0
2022-05-24T16:32:10,-9999.000000,-9999.000000,-9999.00,-9999.00,-9999.00,-9999.00,13.21,20.49,20.58,17.08,4.00,2.00,20.22,21.00,873.40,0.00,12.30,2.15,27.00,825.80,-9999.00,-9999.00,-9999.00,-9999.00,-9999.00,-9999.00,-9999.00,0,0,0
2022-05-24T16:32:15,-9999.000000,-9999.000000,-9999.00,-9999.00,-9999.00,-9999.00,13.21,20.49,20.59,17.08,4.00,2.00,20.22,21.00,873.40,0.00,16.90,2.16,27.00,825.40,-9999.00,-9999.00,-9999.00,-9999.00,-9999.00,-9999.00,-9999.00,0,0,0
2022-05-24T16:32:20,-9999.000000,-9999.000000,-9999.00,-9999.00,-9999.00,-9999.00,13.21,20.49,20.59,17.08,4.00,2.00,20.22,21.00,873.40,0.00,13.70,2.17,27.00,825.50,-9999.00,-9999.00,-9999.00,-9999.00,-9999.00,-9999.00,-9999.00,0,0,0
2022-05-24T16:32:25,-9999.000000,-9999.000000,-9999.00,-9999.00,-9999.00,-9999.00,13.21,20.50,20.59,17.08,3.00,2.00,20.22,21.00,873.40,0.00,11.70,2.15,27.10,825.80,-9999.00,-9999.00,-9999.00,-9999.00,-9999.00,-9999.00,-9999.00,0,0,0
2022-05-24T16:32:30,-9999.000000,-9999.000000,-9999.00,-9999.00,-9999.00,-9999.00,13.21,20.50,20.58,17.06,4.00,2.00,20.22,21.00,873.40,0.00,11.50,2.15,27.10,825.80,-9999.00,-9999.00,-9999.00,-9999.00,-9999.00,-9999.00,-9999.00,0,0,0
2022-05-24T16:32:35,-9999.000000,-9999.000000,-9999.00,-9999.00,-9999.00,-9999.00,13.20,20.51,20.58,17.01,3.00,2.00,20.22,21.00,873.70,0.00,15.40,2.16,27.10,825.40,-9999.00,-9999.00,-9999.00,-9999.00,-9999.00,-9999.00,-9999.00,0,0,0
2022-05-24T16:32:40,-9999.000000,-9999.000000,-9999.00,-9999.00,-9999.00,-9999.00,13.21,20.51,20.58,17.04,4.00,2.00,20.22,21.00,873.50,0.00,10.40,2.17,27.10,825.40,-9999.00,-9999.00,-9999.00,-9999.00,-9999.00,-9999.00,-9999.00,0,0,0
2022-05-24T16:32:45,-9999.000000,-9999.000000,-9999.00,-9999.00,-9999.00,-9999.00,13.20,20.51,20.59,17.04,4.00,2.00,20.22,21.00,873.40,0.00,13.60,2.17,27.20,825.80,-9999.00,-9999.00,-9999.00,-9999.00,-9999.00,-9999.00,-9999.00,0,0,0
2022-05-24T16:32:50,-9999.000000,-9999.000000,-9999.00,-9999.00,-9999.00,-9999.00,13.21,20.52,20.58,17.02,3.00,2.00,20.28,21.00,873.40,0.00,12.70,2.17,27.20,825.80,-9999.00,-9999.00,-9999.00,-9999.00,-9999.00,-9999.00,-9999.00,0,0,0
2022-05-24T16:32:55,-9999.000000,-9999.000000,-9999.00,-9999.00,-9999.00,-9999.00,14.22,20.52,20.59,17.00,4.00,2.00,20.28,21.00,873.50,0.00,12.60,2.16,27.20,825.40,-9999.00,-9999.00,-9999.00,-9999.00,-9999.00,-9999.00,-9999.00,0,0,0
2022-05-24T16:33:00,-9999.000000,-9999.000000,-9999.00,-9999.00,-9999.00,-9999.00,13.74,20.53,20.59,17.02,3.00,2.00,20.28,21.00,873.60,0.00,10.90,2.16,27.30,825.50,-9999.00,-9999.00,-9999.00,-9999.00,-9999.00,-9999.00,-9999.00,0,0,1
2022-05-24T16:33:05,-9999.000000,-9999.000000,-9999.00,-9999.00,-9999.00,-9999.00,13.74,20.53,20.60,17.02,3.00,2.00,20.28,21.00,873.40,0.00,9.10,2.16,27.30,825.70,-9999.00,-9999.00,-9999.00,-9999.00,-9999.00,-9999.00,-9999.00,0,0,1
2022-05-24T16:33:10,-9999.000000,-9999.000000,-9999.00,-9999.00,-9999.00,-9999.00,13.74,20.54,20.63,17.05,4.00,2.00,20.28,21.00,873.50,0.00,11.70,2.17,27.30,825.70,-9999.00,-9999.00,-9999.00,-9999.00,-9999.00,-9999.00,-9999.00,0,0,1
2022-05-24T16:33:15,-9999.000000,-9999.000000,-9999.00,-9999.00,-9999.00,-9999.00,13.74,20.54,20.61,16.98,4.00,2.00,20.28,21.00,873.50,0.00,12.90,2.15,27.30,825.40,-9999.00,-9999.00,-9999.00,-9999.00,-9999.00,-9999.00,-9999.00,0,0,1
2022-05-24T16:33:20,-9999.000000,-9999.000000,-9999.00,-9999.00,-9999.00,-9999.00,13.73,20.55,20.61,17.06,4.00,2.00,20.28,21.00,873.30,0.00,10.40,2.16,27.40,825.40,-9999.00,-9999.00,-9999.00,-9999.00,-9999.00,-9999.00,-9999.00,0,0,1
2022-05-24T16:33:25,-9999.000000,-9999.000000,-9999.00,-9999.00,-9999.00,-9999.00,13.73,20.55,20.60,17.10,4.00,2.00,20.28,21.00,873.40,0.00,12.70,2.16,27.40,825.80,-9999.00,-9999.00,-9999.00,-9999.00,-9999.00,-9999.00,-9999.00,0,0,1
2022-05-24T16:33:30,-9999.000000,-9999.000000,-9999.00,-9999.00,-9999.00,-9999.00,13.74,20.55,20.61,17.04,4.00,2.00,20.28,21.00,873.70,0.00,11.10,2.17,27.40,825.80,-9999.00,-9999.00,-9999.00,-9999.00,-9999.00,-9999.00,-9999.00,0,0,1
2022-05-24T16:33:35,-9999.000000,-9999.000000,-9999.00,-9999.00,-9999.00,-9999.00,13.73,20.56,20.61,16.98,3.00,2.00,20.28,21.00,873.40,0.00,11.50,2.15,27.40,825.40,-9999.00,-9999.00,-9999.00,-9999.00,-9999.00,-9999.00,-9999.00,0,0,1
2022-05-24T16:33:40,-9999.000000,-9999.000000,-9999.00,-9999.00,-9999.00,-9999.00,13.74,20.56,20.61,16.96,4.00,2.00,20.28,21.00,873.60,0.00,13.60,2.15,27.50,825.40,-9999.00,-9999.00,-9999.00,-9999.00,-9999.00,-9999.00,-9999.00,0,0,1
2022-05-24T16:33:45,-9999.000000,-9999.000000,-9999.00,-9999.00,-9999.00,-9999.00,13.72,20.57,20.61,16.96,3.00,2.00,20.28,21.00,873.30,0.00,12.50,2.17,27.50,825.70,-9999.00,-9999.00,-9999.00,-9999.00,-9999.00,-9999.00,-9999.00,0,0,1
2022-05-24T16:33:50,-9999.000000,-9999.000000,-9999.00,-9999.00,-9999.00,-9999.00,13.72,20.57,20.61,16.98,4.00,2.00,20.28,21.00,873.40,0.00,12.60,2.16,27.50,825.80,-9999.00,-9999.00,-9999.00,-9999.00,-9999.00,-9999.00,-9999.00,0,0,1
2022-05-24T16:33:55,-9999.000000,-9999.000000,-9999.00,-9999.00,-9999.00,-9999.00,13.73,20.58,20.61,17.00,4.00,2.00,20.28,20.00,873.60,0.00,11.10,2.16,27.50,825.40,-9999.00,-9999.00,-9999.00,-9999.00,-9999.00,-9999.00,-9999.00,0,0,1
2022-05-24T16:34:00,-9999.000000,-9999.000000,-9999.00,-9999.00,-9999.00,-9999.00,13.74,20.58,20.60,17.02,4.00,2.00,20.28,20.00,873.70,0.00,10.90,2.17,27.50,825.40,-9999.00,-9999.00,-9999.00,-9999.00,-9999.00,-9999.00,-9999.00,0,0,1
2022-05-24T16:34:05,-9999.000000,-9999.000000,-9999.00,-9999.00,-9999.00,-9999.00,13.73,20.59,20.61,17.05,4.00,2.00,20.28,20.00,873.40,0.00,14.00,2.16,27.60,825.80,-9999.00,-9999.00,-9999.00,-9999.00,-9999.00,-9999.00,-9999.00,0,0,1
2022-05-24T16:34:10,-9999.000000,-9999.000000,-9999.00,-9999.00,-9999.00,-9999.00,13.73,20.59,20.60,17.10,3.00,2.00,20.28,20.00,873.70,0.00,19.60,2.15,27.60,825.80,-9999.00,-9999.00,-9999.00,-9999.00,-9999.00,-9999.00,-9999.00,0,0,1
2022-05-24T16:34:15,-9999.000000,-9999.000000,-9999.00,-9999.00,-9999.00,-9999.00,13.73,20.60,20.61,17.12,4.00,2.00,20.28,20.00,873.50,0.00,15.60,2.17,27.60,825.40,-9999.00,-9999.00,-9999.00,-9999.00,-9999.00,-9999.00,-9999.00,0,0,1
2022-05-24T16:34:20,-9999.000000,-9999.000000,-9999.00,-9999.00,-9999.00,-9999.00,13.73,20.60,20.60,17.18,3.00,2.00,20.28,20.00,873.50,0.00,12.70,2.16,27.60,825.40,-9999.00,-9999.00,-9999.00,-9999.00,-9999.00,-9999.00,-9999.00,0,0,1
2022-05-24T16:34:25,-9999.000000,-9999.000000,-9999.00,-9999.00,-9999.00,-9999.00,13.73,20.60,20.61,17.19,3.00,2.00,20.28,20.00,873.30,0.00,14.10,2.17,27.70,825.80,-9999.00,-9999.00,-9999.00,-9999.00,-9999.00,-9999.00,-9999.00,0,0,1
2022-05-24T16:34:30,-9999.000000,-9999.000000,-9999.00,-9999.00,-9999.00,-9999.00,13.73,20.61,20.61,17.20,3.00,2.00,20.28,20.00,873.30,0.00,15.00,2.17,27.70,825.70,-9999.00,-9999.00,-9999.00,-9999.00,-9999.00,-9999.00,-9999.00,0,0,1
2022-05-24T16:34:35,-9999.000000,-9999.000000,-9999.00,-9999.00,-9999.00,-9999.00,13.74,20.61,20.61,17.20,3.00,2.00,20.28,20.00,873.40,0.00,13.70,2.14,27.70,825.40,-9999.00,-9999.00,-9999.00,-9999.00,-9999.00,-9999.00,-9999.00,0,0,1
2022-05-24T16:34:40,-9999.000000,-9999.000000,-9999.00,-9999.00,-9999.00,-9999.00,13.74,20.62,20.61,17.20,3.00,2.00,20.28,20.00,873.60,0.00,12.50,2.17,27.70,825.40,-9999.00,-9999.00,-9999.00,-9999.00,-9999.00,-9999.00,-9999.00,0,0,1
2022-05-24T16:34:45,-9999.000000,-9999.000000,-9999.00,-9999.00,-9999.00,-9999.00,13.74,20.62,20.61,17.20,3.00,2.00,20.39,20.00,873.40,0.00,12.10,2.17,27.80,825.80,-9999.00,-9999.00,-9999.00,-9999.00,-9999.00,-9999.00,-9999.00,0,0,1
2022-05-24T16:34:50,-9999.000000,-9999.000000,-9999.00,-9999.00,-9999.00,-9999.00,13.73,20.63,20.61,17.20,3.00,2.00,20.28,20.00,873.30,0.00,10.80,2.16,27.80,825.80,-9999.00,-9999.00,-9999.00,-9999.00,-9999.00,-9999.00,-9999.00,0,0,1
2022-05-24T16:34:55,-9999.000000,-9999.000000,-9999.00,-9999.00,-9999.00,-9999.00,13.74,20.63,20.60,17.18,3.00,2.00,20.28,20.00,873.60,0.00,12.20,2.16,27.80,825.40,-9999.00,-9999.00,-9999.00,-9999.00,-9999.00,-9999.00,-9999.00,0,0,1
2022-05-24T16:35:00,-9999.000000,-9999.000000,-9999.00,-9999.00,-9999.00,-9999.00,13.73,20.64,20.61,17.18,4.00,2.00,20.39,20.00,873.40,0.00,12.60,2.17,27.80,825.40,-9999.00,-9999.00,-9999.00,-9999.00,-9999.00,-9999.00,-9999.00,0,0,1
2022-05-24T16:35:05,-9999.000000,-9999.000000,-9999.00,-9999.00,-9999.00,-9999.00,13.74,20.64,20.61,17.18,3.00,2.00,20.39,20.00,873.60,0.00,11.00,2.16,27.90,825.70,-9999.00,-9999.00,-9999.00,-9999.00,-9999.00,-9999.00,-9999.00,0,0,1
2022-05-24T16:35:10,-9999.000000,-9999.000000,-9999.00,-9999.00,-9999.00,-9999.00,13.73,20.65,20.67,17.18,3.00,2.00,20.39,20.00,873.40,0.00,9.00,2.17,27.90,825.80,-9999.00,-9999.00,-9999.00,-9999.00,-9999.00,-9999.00,-9999.00,0,0,1
2022-05-24T16:35:15,-9999.000000,-9999.000000,-9999.00,-9999.00,-9999.00,-9999.00,13.73,20.65,20.67,17.23,3.00,2.00,20.39,20.00,873.60,0.00,13.10,2.18,27.90,825.40,-9999.00,-9999.00,-9999.00,-9999.00,-9999.00,-9999.00,-9999.00,0,0,1
2022-05-24T16:35:20,-9999.000000,-9999.000000,-9999.00,-9999.00,-9999.00,-9999.00,13.73,20.66,20.63,17.17,4.00,2.00,20.39,20.00,873.40,0.00,12.60,2.16,27.90,825.30,-9999.00,-9999.00,-9999.00,-9999.00,-9999.00,-9999.00,-9999.00,0,0,1
2022-05-24T16:35:25,-9999.000000,-9999.000000,-9999.00,-9999.00,-9999.00,-9999.00,13.74,20.66,20.63,17.16,4.00,2.00,20.39,20.00,873.40,0.00,11.10,2.17,27.90,825.80,-9999.00,-9999.00,-9999.00,-9999.00,-9999.00,-9999.00,-9999.00,0,0,1
2022-05-24T16:35:30,-9999.000000,-9999.000000,-9999.00,-9999.00,-9999.00,-9999.00,13.73,20.66,20.62,17.14,4.00,2.00,20.39,20.00,873.60,0.00,11.40,2.16,28.00,825.80,-9999.00,-9999.00,-9999.00,-9999.00,-9999.00,-9999.00,-9999.00,0,0,1
2022-05-24T16:35:35,-9999.000000,-9999.000000,-9999.00,-9999.00,-9999.00,-9999.00,13.73,20.67,20.63,17.12,3.00,2.00,20.39,20.00,873.60,0.00,13.20,2.15,28.00,825.40,-9999.00,-9999.00,-9999.00,-9999.00,-9999.00,-9999.00,-9999.00,0,0,1
2022-05-24T16:35:40,-9999.000000,-9999.000000,-9999.00,-9999.00,-9999.00,-9999.00,13.73,20.67,20.63,17.10,3.00,2.00,20.39,20.00,873.30,0.00,11.30,2.16,28.00,825.30,-9999.00,-9999.00,-9999.00,-9999.00,-9999.00,-9999.00,-9999.00,0,0,1
2022-05-24T16:35:45,-9999.000000,-9999.000000,-9999.00,-9999.00,-9999.00,-9999.00,13.74,20.68,20.63,17.10,3.00,2.00,20.39,20.00,873.50,0.00,10.00,2.17,28.00,825.70,-9999.00,-9999.00,-9999.00,-9999.00,-9999.00,-9999.00,-9999.00,0,0,1
2022-05-24T16:35:50,-9999.000000,-9999.000000,-9999.00,-9999.00,-9999.00,-9999.00,13.73,20.68,20.62,17.10,3.00,2.00,20.39,20.00,873.50,0.00,11.00,2.16,28.10,825.80,-9999.00,-9999.00,-9999.00,-9999.00,-9999.00,-9999.00,-9999.00,0,0,1
2022-05-24T16:35:55,-9999.000000,-9999.000000,-9999.00,-9999.00,-9999.00,-9999.00,13.73,20.69,20.63,17.10,3.00,2.00,20.39,20.00,873.30,0.00,11.70,2.17,28.10,825.30,-9999.00,-9999.00,-9999.00,-9999.00,-9999.00,-9999.00,-9999.00,0,0,1
2022-05-24T16:36:00,-9999.000000,-9999.000000,-9999.00,-9999.00,-9999.00,-9999.00,13.74,20.69,20.63,17.10,4.00,2.00,20.39,20.00,873.30,0.00,9.70,2.16,28.10,825.40,-9999.00,-9999.00,-9999.00,-9999.00,-9999.00,-9999.00,-9999.00,0,0,1
2022-05-24T16:36:05,-9999.000000,-9999.000000,-9999.00,-9999.00,-9999.00,-9999.00,13.73,20.70,20.63,17.12,3.00,2.00,20.39,20.00,873.40,0.00,14.10,2.16,28.10,825.80,-9999.00,-9999.00,-9999.00,-9999.00,-9999.00,-9999.00,-9999.00,0,0,1
2022-05-24T16:36:10,-9999.000000,-9999.000000,-9999.00,-9999.00,-9999.00,-9999.00,13.74,20.70,20.62,17.12,3.00,2.00,20.39,20.00,873.50,0.00,11.60,2.17,28.10,825.70,-9999.00,-9999.00,-9999.00,-9999.00,-9999.00,-9999.00,-9999.00,0,0,1
2022-05-24T16:36:15,-9999.000000,-9999.000000,-9999.00,-9999.00,-9999.00,-9999.00,13.73,20.71,20.63,17.12,3.00,2.00,20.39,20.00,873.30,0.00,12.60,2.17,28.20,825.40,-9999.00,-9999.00,-9999.00,-9999.00,-9999.00,-9999.00,-9999.00,0,0,1
2022-05-24T16:36:20,-9999.000000,-9999.000000,-9999.00,-9999.00,-9999.00,-9999.00,13.74,20.71,20.63,17.12,3.00,2.00,20.39,20.00,873.50,0.00,10.10,2.16,28.20,825.30,-9999.00,-9999.00,-9999.00,-9999.00,-9999.00,-9999.00,-9999.00,0,0,1
2022-05-24T16:36:25,-9999.000000,-9999.000000,-9999.00,-9999.00,-9999.00,-9999.00,13.74,20.72,20.62,17.14,3.00,2.00,20.39,20.00,873.50,0.00,10.60,2.16,28.20,825.80,-9999.00,-9999.00,-9999.00,-9999.00,-9999.00,-9999.00,-9999.00,0,0,1
2022-05-24T16:36:30,-9999.000000,-9999.000000,-9999.00,-9999.00,-9999.00,-9999.00,13.74,20.72,20.65,17.65,4.00,2.00,20.39,20.00,873.60,0.00,11.60,2.16,28.20,825.70,-9999.00,-9999.00,-9999.00,-9999.00,-9999.00,-9999.00,-9999.00,0,0,1
2022-05-24T16:36:35,-9999.000000,-9999.000000,-9999.00,-9999.00,-9999.00,-9999.00,13.74,20.73,20.65,19.38,4.00,2.00,20.39,20.00,873.40,0.00,12.30,2.17,28.30,825.40,-9999.00,-9999.00,-9999.00,-9999.00,-9999.00,-9999.00,-9999.00,0,0,1
2022-05-24T16:36:40,40.765705,-111.908501,1275.20,-9999.00,-9999.00,-9999.00,13.73,20.73,20.65,19.48,3.00,2.00,20.39,20.00,873.60,0.00,12.40,2.17,28.30,825.30,-9999.00,-9999.00,-9999.00,-9999.00,-9999.00,-9999.00,-9999.00,0,0,1
2022-05-24T16:36:45,40.765694,-111.908524,1278.10,-9999.00,-9999.00,-9999.00,13.74,20.74,20.64,18.70,4.00,2.00,20.39,20.00,873.30,0.00,11.20,2.17,28.30,825.80,-9999.00,-9999.00,-9999.00,-9999.00,-9999.00,-9999.00,-9999.00,0,0,1
2022-05-24T16:36:50,40.765697,-111.908531,1280.00,-9999.00,-9999.00,-9999.00,13.74,20.74,20.65,20.67,4.00,2.00,20.50,20.00,873.40,0.00,10.30,2.16,28.30,825.80,-9999.00,-9999.00,-9999.00,-9999.00,-9999.00,-9999.00,-9999.00,0,0,1
2022-05-24T16:36:55,40.765705,-111.908569,1278.90,-9999.00,-9999.00,-9999.00,13.73,20.75,20.65,20.97,4.00,2.00,20.50,20.00,873.40,0.00,10.50,2.16,28.40,825.30,-9999.00,-9999.00,-9999.00,-9999.00,-9999.00,-9999.00,-9999.00,0,0,1
2022-05-24T16:37:00,40.765709,-111.908615,1278.40,-9999.00,-9999.00,-9999.00,13.73,20.75,20.65,22.41,4.00,2.00,20.50,20.00,873.30,0.00,13.00,2.16,28.40,825.30,-9999.00,-9999.00,-9999.00,-9999.00,-9999.00,-9999.00,-9999.00,0,0,1
2022-05-24T16:37:05,40.765701,-111.908615,1279.50,-9999.00,-9999.00,-9999.00,13.74,20.76,20.64,22.63,5.00,2.00,20.50,20.00,873.40,0.00,10.70,2.17,28.40,825.70,-9999.00,-9999.00,-9999.00,-9999.00,-9999.00,-9999.00,-9999.00,0,0,1
2022-05-24T16:37:10,40.765701,-111.908646,1281.80,-9999.00,-9999.00,-9999.00,13.74,20.76,20.67,21.55,5.00,2.00,20.50,20.00,873.50,0.00,8.80,2.16,28.40,825.70,-9999.00,-9999.00,-9999.00,-9999.00,-9999.00,-9999.00,-9999.00,0,0,1
2022-05-24T16:37:15,40.765701,-111.908684,1283.40,-9999.00,-9999.00,-9999.00,13.74,20.76,20.69,20.90,5.00,2.00,20.50,20.00,873.40,0.00,8.00,2.16,28.40,825.40,-9999.00,-9999.00,-9999.00,-9999.00,-9999.00,-9999.00,-9999.00,0,0,1
2022-05-24T16:37:20,40.765701,-111.908684,1284.90,-9999.00,-9999.00,-9999.00,13.73,20.77,20.64,20.55,5.00,2.00,20.50,20.00,873.50,0.00,9.30,2.17,28.40,825.40,-9999.00,-9999.00,-9999.00,-9999.00,-9999.00,-9999.00,-9999.00,0,0,1
2022-05-24T16:37:25,40.765705,-111.908707,1285.10,-9999.00,-9999.00,-9999.00,13.74,20.77,20.65,20.68,6.00,2.00,20.50,20.00,873.40,0.00,9.50,2.16,28.50,825.70,-9999.00,-9999.00,-9999.00,-9999.00,-9999.00,-9999.00,-9999.00,0,0,1
2022-05-24T16:37:30,40.765701,-111.908730,1286.30,-9999.00,-9999.00,-9999.00,13.74,20.78,20.65,20.80,5.00,2.00,20.50,21.00,873.30,0.00,12.10,2.17,28.50,825.70,-9999.00,-9999.00,-9999.00,-9999.00,-9999.00,-9999.00,-9999.00,0,0,1
2022-05-24T16:37:35,40.765705,-111.908775,1287.80,-9999.00,-9999.00,-9999.00,13.73,20.78,20.65,20.81,6.00,2.00,20.50,21.00,873.60,0.00,8.40,2.17,28.50,825.30,-9999.00,-9999.00,-9999.00,-9999.00,-9999.00,-9999.00,-9999.00,0,0,1
2022-05-24T16:37:40,40.765705,-111.908791,1288.90,-9999.00,-9999.00,-9999.00,13.74,20.79,20.64,20.99,6.00,2.00,20.50,21.00,873.50,0.00,11.00,2.17,28.50,825.40,-9999.00,-9999.00,-9999.00,-9999.00,-9999.00,-9999.00,-9999.00,0,0,1
2022-05-24T16:37:45,40.765705,-111.908806,1289.90,-9999.00,-9999.00,-9999.00,13.73,20.79,20.65,22.06,5.00,2.00,20.50,21.00,873.40,0.00,14.10,2.17,28.60,825.80,-9999.00,-9999.00,-9999.00,-9999.00,-9999.00,-9999.00,-9999.00,0,0,1
2022-05-24T16:37:50,40.765697,-111.908760,1291.10,-9999.00,-9999.00,-9999.00,13.73,20.80,20.64,24.48,6.00,2.00,20.50,21.00,873.40,0.00,11.70,2.16,28.60,825.80,-9999.00,-9999.00,-9999.00,-9999.00,-9999.00,-9999.00,-9999.00,0,0,1
2022-05-24T16:37:55,40.765697,-111.908768,1291.10,-9999.00,-9999.00,-9999.00,13.73,20.80,20.65,24.49,5.00,2.00,20.50,21.00,873.30,0.00,11.80,2.16,28.60,825.30,-9999.00,-9999.00,-9999.00,-9999.00,-9999.00,-9999.00,-9999.00,0,0,1
2022-05-24T16:38:00,40.765697,-111.908760,1291.10,-9999.00,-9999.00,-9999.00,13.73,20.81,20.64,23.48,6.00,2.00,20.50,21.00,873.60,0.00,12.00,2.16,28.60,825.30,-9999.00,-9999.00,-9999.00,-9999.00,-9999.00,-9999.00,-9999.00,0,0,1
2022-05-24T16:38:05,40.765701,-111.908760,1291.10,-9999.00,-9999.00,-9999.00,13.74,20.81,20.66,23.36,6.00,2.00,20.50,21.00,873.40,0.00,10.80,2.17,28.60,825.70,-9999.00,-9999.00,-9999.00,-9999.00,-9999.00,-9999.00,-9999.00,0,0,1
2022-05-24T16:38:10,40.765705,-111.908752,1291.20,-9999.00,-9999.00,-9999.00,13.74,20.82,20.66,23.50,8.00,2.00,20.50,21.00,873.40,0.00,11.00,2.16,28.70,825.70,-9999.00,-9999.00,-9999.00,-9999.00,-9999.00,-9999.00,-9999.00,0,0,1
2022-05-24T16:38:15,40.765717,-111.908714,1291.30,-9999.00,-9999.00,-9999.00,13.74,20.82,20.66,23.85,6.00,2.00,20.50,21.00,873.40,0.00,11.80,2.16,28.70,825.20,-9999.00,-9999.00,-9999.00,-9999.00,-9999.00,-9999.00,-9999.00,0,0,1
2022-05-24T16:38:20,40.765732,-111.908623,1291.80,-9999.00,-9999.00,-9999.00,13.74,20.83,20.67,24.15,7.00,2.00,20.50,21.00,873.30,0.00,12.00,2.17,28.70,825.30,-9999.00,-9999.00,-9999.00,-9999.00,-9999.00,-9999.00,-9999.00,0,0,1
2022-05-24T16:38:25,40.765739,-111.908524,1292.30,-9999.00,-9999.00,-9999.00,13.74,20.83,20.67,24.43,6.00,2.00,20.50,21.00,873.50,0.00,14.70,2.18,28.70,825.70,-9999.00,-9999.00,-9999.00,-9999.00,-9999.00,-9999.00,-9999.00,0,0,1
2022-05-24T16:38:30,40.765770,-111.908455,1293.00,-9999.00,-9999.00,-9999.00,13.74,20.84,20.67,24.28,7.00,2.00,20.50,21.00,873.30,0.00,10.80,2.17,28.70,825.70,-9999.00,-9999.00,-9999.00,-9999.00,-9999.00,-9999.00,-9999.00,0,0,1
2022-05-24T16:38:35,40.765793,-111.908417,1294.00,-9999.00,-9999.00,-9999.00,13.74,20.84,20.66,24.08,6.00,2.00,20.50,21.00,873.60,0.00,9.90,2.18,28.80,825.30,-9999.00,-9999.00,-9999.00,-9999.00,-9999.00,-9999.00,-9999.00,0,0,1
2022-05-24T16:38:40,40.765812,-111.908363,1295.30,-9999.00,-9999.00,-9999.00,13.74,20.85,20.66,23.81,6.00,2.00,20.50,21.00,873.40,0.00,10.20,2.17,28.80,825.30,-9999.00,-9999.00,-9999.00,-9999.00,-9999.00,-9999.00,-9999.00,0,0,1
2022-05-24T16:38:45,40.765820,-111.908295,1296.50,-9999.00,-9999.00,-9999.00,13.73,20.85,20.67,23.75,7.00,2.00,20.50,21.00,873.50,0.00,9.50,2.16,28.80,825.70,-9999.00,-9999.00,-9999.00,-9999.00,-9999.00,-9999.00,-9999.00,0,0,1
2022-05-24T16:38:50,40.765812,-111.908226,1297.80,-9999.00,-9999.00,-9999.00,13.72,20.86,20.67,23.74,7.00,2.00,20.61,21.00,873.40,0.00,10.90,2.18,28.80,825.80,-9999.00,-9999.00,-9999.00,-9999.00,-9999.00,-9999.00,-9999.00,0,0,1
2022-05-24T16:38:55,40.765797,-111.908134,1299.20,-9999.00,-9999.00,-9999.00,13.73,20.86,20.66,23.57,8.00,2.00,20.61,22.00,873.40,0.00,10.70,2.17,28.80,825.30,-9999.00,-9999.00,-9999.00,-9999.00,-9999.00,-9999.00,-9999.00,0,0,1
2022-05-24T16:39:00,40.765751,-111.908180,1300.50,-9999.00,-9999.00,-9999.00,13.73,20.87,20.66,23.37,7.00,2.00,20.50,22.00,873.50,0.00,11.40,2.18,28.90,825.30,-9999.00,-9999.00,-9999.00,-9999.00,-9999.00,-9999.00,-9999.00,0,0,1
2022-05-24T16:39:05,40.765732,-111.908165,1301.40,-9999.00,-9999.00,-9999.00,13.73,20.87,20.66,23.22,7.00,2.00,20.61,22.00,873.40,0.00,9.70,2.16,28.90,825.70,-9999.00,-9999.00,-9999.00,-9999.00,-9999.00,-9999.00,-9999.00,0,0,1
2022-05-24T16:39:10,40.765663,-111.908051,1302.00,-9999.00,-9999.00,-9999.00,13.73,20.88,20.70,23.09,10.00,2.00,20.61,22.00,873.30,0.00,9.70,2.17,28.90,825.70,-9999.00,-9999.00,-9999.00,-9999.00,-9999.00,-9999.00,-9999.00,0,0,1
2022-05-24T16:39:15,40.765640,-111.908020,1302.30,-9999.00,-9999.00,-9999.00,13.73,20.88,20.67,22.90,7.00,2.00,20.61,22.00,873.50,0.00,9.30,2.16,28.90,825.30,-9999.00,-9999.00,-9999.00,-9999.00,-9999.00,-9999.00,-9999.00,0,0,1
2022-05-24T16:39:20,40.765636,-111.908005,1302.40,-9999.00,-9999.00,-9999.00,13.73,20.89,20.66,22.76,8.00,2.00,20.61,22.00,873.50,0.00,8.90,2.15,28.90,825.40,-9999.00,-9999.00,-9999.00,-9999.00,-9999.00,-9999.00,-9999.00,0,0,1
2022-05-24T16:39:25,40.765633,-111.907997,1302.40,-9999.00,-9999.00,-9999.00,13.73,20.89,20.67,22.60,6.00,2.00,20.61,22.00,873.40,0.00,9.50,2.17,29.00,825.70,-9999.00,-9999.00,-9999.00,-9999.00,-9999.00,-9999.00,-9999.00,0,0,1
2022-05-24T16:39:30,40.765625,-111.907959,1302.30,-9999.00,-9999.00,-9999.00,13.74,20.90,20.66,22.40,5.00,2.00,20.61,22.00,873.40,0.00,8.10,2.17,29.00,825.70,-9999.00,-9999.00,-9999.00,-9999.00,-9999.00,-9999.00,-9999.00,0,0,1
2022-05-24T16:39:35,40.765614,-111.907906,1302.40,-9999.00,-9999.00,-9999.00,13.74,20.90,20.67,22.28,6.00,2.00,20.61,22.00,873.40,0.00,10.20,2.17,29.00,825.30,-9999.00,-9999.00,-9999.00,-9999.00,-9999.00,-9999.00,-9999.00,0,0,1
2022-05-24T16:39:40,40.765583,-111.907799,1302.00,-9999.00,-9999.00,-9999.00,13.74,20.91,20.67,22.38,8.00,2.00,20.61,22.00,873.40,0.00,9.50,2.17,29.00,825.40,-9999.00,-9999.00,-9999.00,-9999.00,-9999.00,-9999.00,-9999.00,0,0,1
2022-05-24T16:39:45,40.765572,-111.907768,1302.20,-9999.00,-9999.00,-9999.00,13.74,20.91,20.66,23.44,8.00,2.00,20.61,22.00,873.60,0.00,8.60,2.17,29.00,825.70,-9999.00,-9999.00,-9999.00,-9999.00,-9999.00,-9999.00,-9999.00,0,0,1
2022-05-24T16:39:50,40.765568,-111.907753,1302.30,-9999.00,-9999.00,-9999.00,13.74,20.92,20.67,23.52,7.00,2.00,20.61,22.00,873.40,0.00,9.60,2.17,29.00,825.80,-9999.00,-9999.00,-9999.00,-9999.00,-9999.00,-9999.00,-9999.00,0,0,1
2022-05-24T16:39:55,40.765564,-111.907730,1302.40,-9999.00,-9999.00,-9999.00,13.74,20.92,20.66,23.04,8.00,2.00,20.61,22.00,873.40,0.00,10.10,2.17,29.10,825.30,-9999.00,-9999.00,-9999.00,-9999.00,-9999.00,-9999.00,-9999.00,0,0,1
2022-05-24T16:40:00,40.765568,-111.907753,1302.50,-9999.00,-9999.00,-9999.00,13.74,20.93,20.66,22.92,7.00,2.00,20.61,22.00,873.50,0.00,9.10,2.16,29.10,825.30,-9999.00,-9999.00,-9999.00,-9999.00,-9999.00,-9999.00,-9999.00,0,0,1
2022-05-24T16:40:05,40.765575,-111.907784,1302.60,-9999.00,-9999.00,-9999.00,13.74,20.94,20.66,22.84,7.00,2.00,20.61,22.00,873.30,0.00,12.10,2.17,29.10,825.70,-9999.00,-9999.00,-9999.00,-9999.00,-9999.00,-9999.00,-9999.00,0,0,1
2022-05-24T16:40:10,40.765579,-111.907822,1302.70,-9999.00,-9999.00,-9999.00,13.74,20.94,20.66,22.91,8.00,2.00,20.61,22.00,873.60,0.00,10.80,2.17,29.10,825.70,-9999.00,-9999.00,-9999.00,-9999.00,-9999.00,-9999.00,-9999.00,0,0,1
2022-05-24T16:40:15,40.765602,-111.907875,1302.10,-9999.00,-9999.00,-9999.00,13.74,20.95,20.67,22.93,7.00,2.00,20.61,22.00,873.50,0.00,11.00,2.17,29.20,825.30,-9999.00,-9999.00,-9999.00,-9999.00,-9999.00,-9999.00,-9999.00,0,0,1
2022-05-24T16:40:20,40.765621,-111.907974,1301.90,-9999.00,-9999.00,-9999.00,13.73,20.95,20.67,22.92,7.00,2.00,20.61,22.00,873.30,0.00,9.60,2.17,29.20,825.20,-9999.00,-9999.00,-9999.00,-9999.00,-9999.00,-9999.00,-9999.00,0,0,1
2022-05-24T16:40:25,40.765648,-111.908234,1300.20,-9999.00,-9999.00,-9999.00,13.74,20.96,20.66,22.94,7.00,2.00,20.61,22.00,873.50,0.00,9.80,2.16,29.20,825.80,-9999.00,-9999.00,-9999.00,-9999.00,-9999.00,-9999.00,-9999.00,0,0,1
2022-05-24T16:40:30,40.765671,-111.908455,1297.90,-9999.00,-9999.00,-9999.00,13.73,20.96,20.66,22.94,7.00,2.00,20.61,22.00,873.50,0.00,12.20,2.18,29.20,825.70,-9999.00,-9999.00,-9999.00,-9999.00,-9999.00,-9999.00,-9999.00,0,0,1
2022-05-24T16:40:35,40.765675,-111.908554,1296.50,-9999.00,-9999.00,-9999.00,13.73,20.97,20.69,22.91,7.00,2.00,20.61,22.00,873.50,0.00,13.50,2.18,29.20,825.40,-9999.00,-9999.00,-9999.00,-9999.00,-9999.00,-9999.00,-9999.00,0,0,1
2022-05-24T16:40:40,40.765667,-111.908630,1295.50,-9999.00,-9999.00,-9999.00,13.74,20.97,20.68,22.85,7.00,2.00,20.61,22.00,873.40,0.00,10.70,2.16,29.20,825.20,-9999.00,-9999.00,-9999.00,-9999.00,-9999.00,-9999.00,-9999.00,0,0,1
2022-05-24T16:40:45,40.765659,-111.908699,1294.60,-9999.00,-9999.00,-9999.00,13.74,20.98,20.68,22.83,7.00,2.00,20.72,22.00,873.70,0.00,12.40,2.17,29.30,825.70,-9999.00,-9999.00,-9999.00,-9999.00,-9999.00,-9999.00,-9999.00,0,0,1
2022-05-24T16:40:50,40.765667,-111.908798,1293.90,-9999.00,-9999.00,-9999.00,13.74,20.98,20.68,22.81,6.00,2.00,20.61,22.00,873.60,0.00,11.20,2.18,29.30,825.80,-9999.00,-9999.00,-9999.00,-9999.00,-9999.00,-9999.00,-9999.00,0,0,1
2022-05-24T16:40:55,40.765663,-111.908821,1293.60,-9999.00,-9999.00,-9999.00,13.74,20.99,20.69,22.74,6.00,2.00,20.72,22.00,873.50,0.00,10.70,2.19,29.30,825.30,-9999.00,-9999.00,-9999.00,-9999.00,-9999.00,-9999.00,-9999.00,0,0,1
2022-05-24T16:41:00,40.765656,-111.908798,1293.50,-9999.00,-9999.00,-9999.00,13.74,20.99,20.68,22.56,7.00,2.00,20.72,22.00,873.50,0.00,10.60,2.18,29.30,825.30,-9999.00,-9999.00,-9999.00,-9999.00,-9999.00,-9999.00,-9999.00,0,0,1
2022-05-24T16:41:05,40.765659,-111.908829,1293.50,-9999.00,-9999.00,-9999.00,13.74,21.00,20.71,22.49,6.00,2.00,20.72,22.00,873.40,0.00,9.30,2.17,29.30,825.80,-9999.00,-9999.00,-9999.00,-9999.00,-9999.00,-9999.00,-9999.00,0,0,1
2022-05-24T16:41:10,40.765663,-111.908852,1293.30,-9999.00,-9999.00,-9999.00,13.74,21.00,20.70,22.26,6.00,2.00,20.72,22.00,873.50,0.00,11.10,2.17,29.40,825.70,-9999.00,-9999.00,-9999.00,-9999.00,-9999.00,-9999.00,-9999.00,0,0,1
2022-05-24T16:41:15,40.765671,-111.908875,1293.10,-9999.00,-9999.00,-9999.00,13.74,21.01,20.68,22.12,7.00,2.00,20.72,22.00,873.40,0.00,9.40,2.16,29.40,825.30,-9999.00,-9999.00,-9999.00,-9999.00,-9999.00,-9999.00,-9999.00,0,0,1
2022-05-24T16:41:20,40.765663,-111.908859,1292.80,-9999.00,-9999.00,-9999.00,13.74,21.01,20.68,22.00,7.00,2.00,20.72,22.00,873.60,0.00,10.30,2.17,29.40,825.30,-9999.00,-9999.00,-9999.00,-9999.00,-9999.00,-9999.00,-9999.00,0,0,1
2022-05-24T16:41:25,40.765663,-111.908867,1292.80,-9999.00,-9999.00,-9999.00,13.74,21.02,20.68,21.91,6.00,2.00,20.72,22.00,873.40,0.00,8.30,2.18,29.40,825.80,-9999.00,-9999.00,-9999.00,-9999.00,-9999.00,-9999.00,-9999.00,0,0,1
2022-05-24T16:41:30,40.765663,-111.908867,1292.80,-9999.00,-9999.00,-9999.00,13.74,21.02,20.68,21.74,6.00,2.00,20.72,22.00,873.50,0.00,9.60,2.17,29.40,825.70,-9999.00,-9999.00,-9999.00,-9999.00,-9999.00,-9999.00,-9999.00,0,0,1
2022-05-24T16:41:35,40.765663,-111.908859,1292.80,-9999.00,-9999.00,-9999.00,13.74,21.03,20.68,21.53,6.00,2.00,20.72,22.00,873.50,0.00,9.90,2.17,29.50,825.40,-9999.00,-9999.00,-9999.00,-9999.00,-9999.00,-9999.00,-9999.00,0,0,1
2022-05-24T16:41:40,40.765663,-111.908844,1292.90,-9999.00,-9999.00,-9999.00,13.74,21.03,20.68,21.45,7.00,2.00,20.72,22.00,873.30,0.00,9.00,2.18,29.50,825.30,-9999.00,-9999.00,-9999.00,-9999.00,-9999.00,-9999.00,-9999.00,0,0,1
2022-05-24T16:41:45,40.765656,-111.908791,1292.80,-9999.00,-9999.00,-9999.00,13.74,21.04,20.68,21.41,8.00,2.00,20.72,22.00,873.60,0.00,11.20,2.18,29.50,825.80,-9999.00,-9999.00,-9999.00,-9999.00,-9999.00,-9999.00,-9999.00,0,0,1
2022-05-24T16:41:50,40.765652,-111.908775,1292.60,-9999.00,-9999.00,-9999.00,13.74,21.04,20.68,21.35,8.00,2.00,20.72,22.00,873.40,0.00,11.10,2.17,29.50,825.70,-9999.00,-9999.00,-9999.00,-9999.00,-9999.00,-9999.00,-9999.00,0,0,1
2022-05-24T16:41:55,40.765652,-111.908760,1292.60,-9999.00,-9999.00,-9999.00,13.74,21.05,20.68,21.35,5.00,2.00,20.72,22.00,873.50,0.00,9.90,2.17,29.50,825.30,-9999.00,-9999.00,-9999.00,-9999.00,-9999.00,-9999.00,-9999.00,0,0,1
2022-05-24T16:42:00,40.765656,-111.908745,1292.60,-9999.00,-9999.00,-9999.00,13.74,21.05,20.68,21.35,7.00,2.00,20.72,22.00,873.60,0.00,8.80,2.18,29.50,825.30,-9999.00,-9999.00,-9999.00,-9999.00,-9999.00,-9999.00,-9999.00,0,0,1
2022-05-24T16:42:05,40.765659,-111.908737,1292.60,-9999.00,-9999.00,-9999.00,13.74,21.06,20.70,21.35,7.00,2.00,20.72,22.00,873.50,0.00,9.30,2.18,29.60,825.70,-9999.00,-9999.00,-9999.00,-9999.00,-9999.00,-9999.00,-9999.00,0,0,1
2022-05-24T16:42:10,40.765663,-111.908737,1292.60,-9999.00,-9999.00,-9999.00,13.74,21.06,20.70,21.31,6.00,2.00,20.72,22.00,873.50,0.00,10.70,2.18,29.60,825.80,-9999.00,-9999.00,-9999.00,-9999.00,-9999.00,-9999.00,-9999.00,0,0,1
2022-05-24T16:42:15,40.765663,-111.908745,1292.50,-9999.00,-9999.00,-9999.00,13.74,21.07,20.70,21.27,5.00,2.00,20.72,22.00,873.30,0.00,4.50,2.19,29.60,825.30,-9999.00,-9999.00,-9999.00,-9999.00,-9999.00,-9999.00,-9999.00,0,0,1
2022-05-24T16:42:20,40.765675,-111.908745,1292.60,-9999.00,-9999.00,-9999.00,13.74,21.07,20.71,21.02,6.00,2.00,20.72,22.00,873.40,0.00,11.60,2.17,29.60,825.30,-9999.00,-9999.00,-9999.00,-9999.00,-9999.00,-9999.00,-9999.00,0,0,1
2022-05-24T16:42:25,40.765686,-111.908745,1292.60,-9999.00,-9999.00,-9999.00,13.74,21.08,20.70,20.74,7.00,2.00,20.72,22.00,873.60,0.00,10.70,2.17,29.60,825.80,-9999.00,-9999.00,-9999.00,-9999.00,-9999.00,-9999.00,-9999.00,0,0,1
2022-05-24T16:42:30,40.765694,-111.908737,1292.60,-9999.00,-9999.00,-9999.00,13.74,21.08,20.70,20.73,7.00,2.00,20.72,22.00,873.70,0.00,8.30,2.17,29.60,825.80,-9999.00,-9999.00,-9999.00,-9999.00,-9999.00,-9999.00,-9999.00,0,0,1
2022-05-24T16:42:35,40.765701,-111.908730,1292.60,-9999.00,-9999.00,-9999.00,13.74,21.09,20.70,20.64,6.00,2.00,20.72,22.00,873.50,0.00,9.20,2.18,29.70,825.30,-9999.00,-9999.00,-9999.00,-9999.00,-9999.00,-9999.00,-9999.00,0,0,1
2022-05-24T16:42:40,40.765701,-111.908730,1292.60,-9999.00,-9999.00,-9999.00,13.74,21.09,20.70,20.58,7.00,2.00,20.72,22.00,873.60,0.00,9.20,2.17,29.70,825.30,-9999.00,-9999.00,-9999.00,-9999.00,-9999.00,-9999.00,-9999.00,0,0,1
2022-05-24T16:42:45,40.765701,-111.908737,1292.60,-9999.00,-9999.00,-9999.00,13.74,21.10,20.70,20.56,7.00,2.00,20.78,22.00,873.40,0.00,10.80,2.18,29.70,825.80,-9999.00,-9999.00,-9999.00,-9999.00,-9999.00,-9999.00,-9999.00,0,0,1
2022-05-24T16:42:50,40.765701,-111.908752,1292.60,-9999.00,-9999.00,-9999.00,13.74,21.11,20.70,20.50,6.00,2.00,20.78,22.00,873.60,0.00,9.90,2.17,29.70,825.80,-9999.00,-9999.00,-9999.00,-9999.00,-9999.00,-9999.00,-9999.00,0,0,1
2022-05-24T16:42:55,40.765701,-111.908760,1292.60,-9999.00,-9999.00,-9999.00,13.74,21.11,20.70,20.44,5.00,2.00,20.78,22.00,873.50,0.00,11.60,2.17,29.70,825.30,-9999.00,-9999.00,-9999.00,-9999.00,-9999.00,-9999.00,-9999.00,0,0,1
2022-05-24T16:43:00,40.765678,-111.908798,1292.20,-9999.00,-9999.00,-9999.00,13.74,21.12,20.70,20.39,5.00,2.00,20.78,22.00,873.40,0.00,12.60,2.18,29.80,825.30,-9999.00,-9999.00,-9999.00,-9999.00,-9999.00,-9999.00,-9999.00,0,0,1
2022-05-24T16:43:05,40.765667,-111.908813,1292.10,-9999.00,-9999.00,-9999.00,13.74,21.12,20.76,19.94,5.00,2.00,20.78,22.00,873.50,0.00,12.30,2.18,29.80,825.70,-9999.00,-9999.00,-9999.00,-9999.00,-9999.00,-9999.00,-9999.00,0,0,1
2022-05-24T16:43:10,40.765671,-111.908836,1292.10,-9999.00,-9999.00,-9999.00,13.74,21.13,20.72,19.71,4.00,2.00,20.78,22.00,873.70,0.00,10.30,2.18,29.80,825.70,-9999.00,-9999.00,-9999.00,-9999.00,-9999.00,-9999.00,-9999.00,0,0,1
2022-05-24T16:43:15,40.765678,-111.908836,1292.10,-9999.00,-9999.00,-9999.00,13.74,21.13,20.73,19.71,5.00,2.00,20.78,22.00,873.50,0.00,12.80,2.18,29.80,825.40,-9999.00,-9999.00,-9999.00,-9999.00,-9999.00,-9999.00,-9999.00,0,0,1
2022-05-24T16:43:20,40.765682,-111.908829,1292.00,-9999.00,-9999.00,-9999.00,13.74,21.14,20.72,19.72,5.00,2.00,20.78,22.00,873.60,0.00,13.00,2.17,29.80,825.40,-9999.00,-9999.00,-9999.00,-9999.00,-9999.00,-9999.00,-9999.00,0,0,1
2022-05-24T16:43:25,40.765682,-111.908829,1292.00,-9999.00,-9999.00,-9999.00,13.74,21.14,20.72,19.73,5.00,2.00,20.78,22.00,873.40,0.00,12.70,2.18,29.80,825.80,-9999.00,-9999.00,-9999.00,-9999.00,-9999.00,-9999.00,-9999.00,0,0,1
2022-05-24T16:43:30,40.765682,-111.908829,1292.00,-9999.00,-9999.00,-9999.00,13.74,21.15,20.72,19.80,5.00,2.00,20.78,22.00,873.60,0.00,13.60,2.17,29.80,825.80,-9999.00,-9999.00,-9999.00,-9999.00,-9999.00,-9999.00,-9999.00,0,0,1
2022-05-24T16:43:35,40.765682,-111.908829,1292.00,-9999.00,-9999.00,-9999.00,13.74,21.15,20.72,19.89,5.00,2.00,20.78,22.00,873.50,0.00,14.90,2.19,29.90,825.40,-9999.00,-9999.00,-9999.00,-9999.00,-9999.00,-9999.00,-9999.00,0,0,1
2022-05-24T16:43:40,40.765682,-111.908836,1292.00,-9999.00,-9999.00,-9999.00,13.74,21.16,20.73,19.93,5.00,2.00,20.78,22.00,873.40,0.00,10.80,2.19,29.90,825.30,-9999.00,-9999.00,-9999.00,-9999.00,-9999.00,-9999.00,-9999.00,0,0,1
2022-05-24T16:43:45,40.765678,-111.908829,1292.00,-9999.00,-9999.00,-9999.00,13.73,21.16,20.72,20.01,5.00,2.00,20.78,22.00,873.50,0.00,12.80,2.19,29.90,825.80,-9999.00,-9999.00,-9999.00,-9999.00,-9999.00,-9999.00,-9999.00,0,0,1
2022-05-24T16:43:50,40.765678,-111.908821,1292.00,-9999.00,-9999.00,-9999.00,13.72,21.17,20.73,20.18,4.00,2.00,20.78,22.00,873.30,0.00,11.70,2.18,29.90,825.80,-9999.00,-9999.00,-9999.00,-9999.00,-9999.00,-9999.00,-9999.00,0,0,1
2022-05-24T16:43:55,40.765678,-111.908813,1292.00,-9999.00,-9999.00,-9999.00,13.74,21.17,20.73,20.25,3.00,2.00,20.78,22.00,873.50,0.00,11.80,2.17,29.90,825.30,-9999.00,-9999.00,-9999.00,-9999.00,-9999.00,-9999.00,-9999.00,0,0,1
2022-05-24T16:44:00,40.765678,-111.908813,1292.00,-9999.00,-9999.00,-9999.00,13.73,21.18,20.74,20.22,4.00,2.00,20.78,22.00,873.60,0.00,13.80,2.19,30.00,825.30,-9999.00,-9999.00,-9999.00,-9999.00,-9999.00,-9999.00,-9999.00,0,0,1
2022-05-24T16:44:05,40.765675,-111.908813,1292.10,-9999.00,-9999.00,-9999.00,13.73,21.18,20.75,20.03,4.00,2.00,20.78,22.00,873.60,0.00,11.70,2.17,30.00,825.70,-9999.00,-9999.00,-9999.00,-9999.00,-9999.00,-9999.00,-9999.00,0,0,1
2022-05-24T16:44:10,40.765675,-111.908813,1292.10,-9999.00,-9999.00,-9999.00,13.74,21.19,20.74,19.81,4.00,2.00,20.78,22.00,873.50,0.00,11.50,2.19,30.00,825.70,-9999.00,-9999.00,-9999.00,-9999.00,-9999.00,-9999.00,-9999.00,0,0,1
2022-05-24T16:44:15,40.765671,-111.908813,1292.10,-9999.00,-9999.00,-9999.00,13.74,21.19,20.74,19.69,3.00,2.00,20.78,22.00,873.40,0.00,8.50,2.18,30.00,825.40,-9999.00,-9999.00,-9999.00,-9999.00,-9999.00,-9999.00,-9999.00,0,0,1
2022-05-24T16:44:20,40.765667,-111.908813,1292.10,-9999.00,-9999.00,-9999.00,13.74,21.20,20.74,19.65,5.00,2.00,20.78,22.00,873.60,0.00,10.30,2.19,30.00,825.30,-9999.00,-9999.00,-9999.00,-9999.00,-9999.00,-9999.00,-9999.00,0,0,1
2022-05-24T16:44:25,40.765659,-111.908791,1292.40,-9999.00,-9999.00,-9999.00,13.74,21.20,20.74,19.64,5.00,2.00,20.78,22.00,873.40,0.00,9.70,2.17,30.00,825.80,-9999.00,-9999.00,-9999.00,-9999.00,-9999.00,-9999.00,-9999.00,0,0,1
2022-05-24T16:44:30,40.765656,-111.908783,1292.60,-9999.00,-9999.00,-9999.00,13.74,21.21,20.74,19.63,5.00,2.00,20.78,22.00,873.40,0.00,9.50,2.18,30.00,825.70,-9999.00,-9999.00,-9999.00,-9999.00,-9999.00,-9999.00,-9999.00,0,0,1
2022-05-24T16:44:35,40.765652,-111.908775,1292.60,-9999.00,-9999.00,-9999.00,13.74,21.21,20.74,19.59,5.00,2.00,20.89,22.00,873.60,0.00,9.20,2.19,30.10,825.30,-9999.00,-9999.00,-9999.00,-9999.00,-9999.00,-9999.00,-9999.00,0,0,1
2022-05-24T16:44:40,40.765652,-111.908768,1292.70,-9999.00,-9999.00,-9999.00,13.73,21.22,20.74,19.56,5.00,2.00,20.78,22.00,873.40,0.00,8.20,2.19,30.10,825.30,-9999.00,-9999.00,-9999.00,-9999.00,-9999.00,-9999.00,-9999.00,0,0,1
2022-05-24T16:44:45,40.765656,-111.908752,1292.70,-9999.00,-9999.00,-9999.00,13.74,21.22,20.75,19.53,6.00,2.00,20.89,22.00,873.70,0.00,6.50,2.17,30.10,825.80,-9999.00,-9999.00,-9999.00,-9999.00,-9999.00,-9999.00,-9999.00,0,0,1
2022-05-24T16:44:50,40.765663,-111.908730,1293.10,-9999.00,-9999.00,-9999.00,13.73,21.23,20.76,19.45,6.00,2.00,20.89,22.00,873.30,0.00,9.20,2.19,30.10,825.80,-9999.00,-9999.00,-9999.00,-9999.00,-9999.00,-9999.00,-9999.00,0,0,1
2022-05-24T16:44:55,40.765671,-111.908707,1293.90,-9999.00,-9999.00,-9999.00,13.74,21.23,20.76,19.58,5.00,2.00,20.89,22.00,873.60,0.00,6.40,2.19,30.10,825.30,-9999.00,-9999.00,-9999.00,-9999.00,-9999.00,-9999.00,-9999.00,0,0,1
2022-05-24T16:45:00,40.765667,-111.908691,1293.90,-9999.00,-9999.00,-9999.00,13.73,21.24,20.76,19.84,5.00,2.00,20.89,22.00,873.60,0.00,11.00,2.18,30.20,825.30,-9999.00,-9999.00,-9999.00,-9999.00,-9999.00,-9999.00,-9999.00,0,0,1
2022-05-24T16:45:05,40.765678,-111.908691,1294.40,-9999.00,-9999.00,-9999.00,13.74,21.24,20.81,19.98,5.00,2.00,20.89,22.00,873.30,0.00,8.80,2.18,30.20,825.80,-9999.00,-9999.00,-9999.00,-9999.00,-9999.00,-9999.00,-9999.00,0,0,1
2022-05-24T16:45:10,40.765682,-111.908691,1294.60,-9999.00,-9999.00,-9999.00,13.74,21.25,20.76,19.97,5.00,2.00,20.89,22.00,873.60,0.00,9.40,2.17,30.20,825.70,-9999.00,-9999.00,-9999.00,-9999.00,-9999.00,-9999.00,-9999.00,0,0,1
2022-05-24T16:45:15,40.765686,-111.908691,1294.60,-9999.00,-9999.00,-9999.00,13.74,21.25,20.76,19.99,5.00,2.00,20.89,22.00,873.50,0.00,8.60,2.17,30.20,825.30,-9999.00,-9999.00,-9999.00,-9999.00,-9999.00,-9999.00,-9999.00,0,0,1
2022-05-24T16:45:20,40.765690,-111.908707,1294.90,-9999.00,-9999.00,-9999.00,13.74,21.26,20.77,20.01,6.00,2.00,20.89,22.00,873.50,0.00,9.60,2.18,30.20,825.30,-9999.00,-9999.00,-9999.00,-9999.00,-9999.00,-9999.00,-9999.00,0,0,1
2022-05-24T16:45:25,40.765690,-111.908699,1294.90,-9999.00,-9999.00,-9999.00,13.74,21.26,20.76,20.11,5.00,2.00,20.89,22.00,873.50,0.00,10.00,2.18,30.20,825.70,-9999.00,-9999.00,-9999.00,-9999.00,-9999.00,-9999.00,-9999.00,0,0,1
2022-05-24T16:45:30,40.765690,-111.908699,1294.90,-9999.00,-9999.00,-9999.00,13.74,21.27,20.76,19.93,5.00,2.00,20.89,22.00,873.60,0.00,8.70,2.19,30.20,825.70,-9999.00,-9999.00,-9999.00,-9999.00,-9999.00,-9999.00,-9999.00,0,0,1
2022-05-24T16:45:35,40.765690,-111.908699,1295.00,-9999.00,-9999.00,-9999.00,13.73,21.27,20.76,19.80,6.00,2.00,20.89,22.00,873.40,0.00,8.30,2.17,30.30,825.40,-9999.00,-9999.00,-9999.00,-9999.00,-9999.00,-9999.00,-9999.00,0,0,1
2022-05-24T16:45:40,40.765690,-111.908699,1295.00,-9999.00,-9999.00,-9999.00,13.74,21.28,20.76,19.81,5.00,2.00,20.89,22.00,873.30,0.00,6.50,2.18,30.30,825.30,-9999.00,-9999.00,-9999.00,-9999.00,-9999.00,-9999.00,-9999.00,0,0,1
2022-05-24T16:45:45,40.765686,-111.908707,1295.00,-9999.00,-9999.00,-9999.00,13.74,21.28,20.76,19.85,5.00,2.00,20.89,22.00,873.50,0.00,6.40,2.18,30.30,825.80,-9999.00,-9999.00,-9999.00,-9999.00,-9999.00,-9999.00,-9999.00,0,0,1
2022-05-24T16:45:50,40.765686,-111.908699,1295.00,-9999.00,-9999.00,-9999.00,13.74,21.29,20.79,19.79,5.00,2.00,20.89,22.00,873.50,0.00,6.20,2.19,30.30,825.70,-9999.00,-9999.00,-9999.00,-9999.00,-9999.00,-9999.00,-9999.00,0,0,1
2022-05-24T16:45:55,40.765690,-111.908691,1295.00,-9999.00,-9999.00,-9999.00,13.74,21.29,20.78,19.70,4.00,2.00,20.89,22.00,873.40,0.00,9.30,2.19,30.30,825.30,-9999.00,-9999.00,-9999.00,-9999.00,-9999.00,-9999.00,-9999.00,0,0,1
2022-05-24T16:46:00,40.765690,-111.908707,1295.00,-9999.00,-9999.00,-9999.00,13.74,21.30,20.78,19.80,4.00,2.00,20.89,22.00,873.30,0.00,8.30,2.19,30.30,825.30,-9999.00,-9999.00,-9999.00,-9999.00,-9999.00,-9999.00,-9999.00,0,0,1
2022-05-24T16:46:05,40.765694,-111.908722,1294.90,-9999.00,-9999.00,-9999.00,13.74,21.30,20.78,19.94,5.00,2.00,20.89,22.00,873.40,0.00,7.10,2.18,30.30,825.80,-9999.00,-9999.00,-9999.00,-9999.00,-9999.00,-9999.00,-9999.00,0,0,1
2022-05-24T16:46:10,40.765694,-111.908730,1294.90,-9999.00,-9999.00,-9999.00,13.74,21.31,20.78,19.97,5.00,2.00,20.89,22.00,873.40,0.00,6.70,2.18,30.40,825.70,-9999.00,-9999.00,-9999.00,-9999.00,-9999.00,-9999.00,-9999.00,0,0,1
2022-05-24T16:46:15,40.765694,-111.908745,1294.90,-9999.00,-9999.00,-9999.00,13.74,21.31,20.78,19.94,5.00,2.00,20.89,22.00,873.70,0.00,7.30,2.18,30.40,825.30,-9999.00,-9999.00,-9999.00,-9999.00,-9999.00,-9999.00,-9999.00,0,0,1
2022-05-24T16:46:20,40.765697,-111.908745,1294.80,-9999.00,-9999.00,-9999.00,13.74,21.32,20.78,19.87,5.00,2.00,20.89,22.00,873.40,0.00,7.80,2.19,30.40,825.30,-9999.00,-9999.00,-9999.00,-9999.00,-9999.00,-9999.00,-9999.00,0,0,1
2022-05-24T16:46:25,40.765694,-111.908760,1294.80,-9999.00,-9999.00,-9999.00,13.74,21.32,20.78,19.77,6.00,2.00,21.00,22.00,873.50,0.00,7.00,2.19,30.40,825.70,-9999.00,-9999.00,-9999.00,-9999.00,-9999.00,-9999.00,-9999.00,0,0,1
2022-05-24T16:46:30,40.765694,-111.908768,1294.80,-9999.00,-9999.00,-9999.00,13.73,21.33,20.79,19.69,5.00,2.00,21.00,22.00,873.40,0.00,7.10,2.19,30.40,825.80,-9999.00,-9999.00,-9999.00,-9999.00,-9999.00,-9999.00,-9999.00,0,0,1
2022-05-24T16:46:35,40.765697,-111.908768,1294.70,-9999.00,-9999.00,-9999.00,13.74,21.33,20.78,19.65,5.00,2.00,20.89,22.00,873.30,0.00,8.30,2.19,30.50,825.30,-9999.00,-9999.00,-9999.00,-9999.00,-9999.00,-9999.00,-9999.00,0,0,1
2022-05-24T16:46:40,40.765701,-111.908775,1294.70,-9999.00,-9999.00,-9999.00,13.74,21.34,20.80,19.57,5.00,2.00,21.00,22.00,873.60,0.00,6.40,2.19,30.50,825.30,-9999.00,-9999.00,-9999.00,-9999.00,-9999.00,-9999.00,-9999.00,0,0,1
2022-05-24T16:46:45,40.765705,-111.908775,1294.60,-9999.00,-9999.00,-9999.00,13.74,21.34,20.80,19.47,4.00,2.00,21.00,21.00,873.40,0.00,5.00,2.18,30.50,825.80,-9999.00,-9999.00,-9999.00,-9999.00,-9999.00,-9999.00,-9999.00,0,0,1
2022-05-24T16:46:50,40.765709,-111.908768,1294.60,-9999.00,-9999.00,-9999.00,13.74,21.35,20.80,19.46,4.00,2.00,21.00,22.00,873.70,0.00,4.80,2.19,30.50,825.70,-9999.00,-9999.00,-9999.00,-9999.00,-9999.00,-9999.00,-9999.00,0,0,1
2022-05-24T16:46:55,40.765717,-111.908768,1294.60,-9999.00,-9999.00,-9999.00,13.74,21.35,20.81,19.48,4.00,2.00,21.00,22.00,873.70,0.00,6.40,2.19,30.50,825.40,-9999.00,-9999.00,-9999.00,-9999.00,-9999.00,-9999.00,-9999.00,0,0,1
2022-05-24T16:47:00,40.765720,-111.908745,1294.30,-9999.00,-9999.00,-9999.00,13.74,21.36,20.83,19.52,5.00,2.00,21.00,22.00,873.40,0.00,7.70,2.18,30.50,825.30,-9999.00,-9999.00,-9999.00,-9999.00,-9999.00,-9999.00,-9999.00,0,0,1
2022-05-24T16:47:05,40.765720,-111.908737,1293.90,-9999.00,-9999.00,-9999.00,13.74,21.36,20.80,19.53,5.00,2.00,21.00,21.00,873.40,0.00,7.00,2.17,30.50,825.70,-9999.00,-9999.00,-9999.00,-9999.00,-9999.00,-9999.00,-9999.00,0,0,1
2022-05-24T16:47:10,40.765732,-111.908714,1293.50,-9999.00,-9999.00,-9999.00,13.73,21.37,20.80,19.53,6.00,2.00,21.00,21.00,873.50,0.00,8.10,2.18,30.50,825.70,-9999.00,-9999.00,-9999.00,-9999.00,-9999.00,-9999.00,-9999.00,0,0,1
2022-05-24T16:47:15,40.765755,-111.908699,1293.10,-9999.00,-9999.00,-9999.00,13.74,21.37,20.81,19.91,5.00,2.00,21.00,21.00,873.60,0.00,7.20,2.20,30.60,825.30,-9999.00,-9999.00,-9999.00,-9999.00,-9999.00,-9999.00,-9999.00,0,0,1
2022-05-24T16:47:20,40.765781,-111.908691,1292.80,-9999.00,-9999.00,-9999.00,13.74,21.38,20.80,20.21,5.00,2.00,21.00,22.00,873.40,0.00,6.70,2.19,30.60,825.30,-9999.00,-9999.00,-9999.00,-9999.00,-9999.00,-9999.00,-9999.00,0,0,1
2022-05-24T16:47:25,40.765793,-111.908661,1292.60,-9999.00,-9999.00,-9999.00,13.74,21.38,20.81,20.31,5.00,2.00,21.00,21.00,873.30,0.00,5.30,2.18,30.60,825.80,-9999.00,-9999.00,-9999.00,-9999.00,-9999.00,-9999.00,-9999.00,0,0,1
2022-05-24T16:47:30,40.765797,-111.908653,1292.20,-9999.00,-9999.00,-9999.00,13.74,21.39,20.80,20.25,6.00,2.00,21.00,22.00,873.40,0.00,5.40,2.19,30.60,825.70,-9999.00,-9999.00,-9999.00,-9999.00,-9999.00,-9999.00,-9999.00,0,0,1
2022-05-24T16:47:35,40.765800,-111.908638,1292.20,-9999.00,-9999.00,-9999.00,13.74,21.39,20.80,20.11,6.00,2.00,21.00,22.00,873.60,0.00,8.20,2.19,30.60,825.30,-9999.00,-9999.00,-9999.00,-9999.00,-9999.00,-9999.00,-9999.00,0,0,1
2022-05-24T16:47:40,40.765804,-111.908630,1292.20,-9999.00,-9999.00,-9999.00,13.74,21.40,20.80,20.07,5.00,2.00,21.00,22.00,873.40,0.00,5.90,2.19,30.60,825.40,-9999.00,-9999.00,-9999.00,-9999.00,-9999.00,-9999.00,-9999.00,0,0,1
2022-05-24T16:47:45,40.765804,-111.908630,1292.20,-9999.00,-9999.00,-9999.00,13.73,21.40,20.81,20.05,5.00,2.00,21.00,22.00,873.50,0.00,4.60,2.19,30.70,825.70,-9999.00,-9999.00,-9999.00,-9999.00,-9999.00,-9999.00,-9999.00,0,0,1
2022-05-24T16:47:50,40.765800,-111.908630,1292.00,-9999.00,-9999.00,-9999.00,13.73,21.41,20.81,20.05,5.00,2.00,21.00,22.00,873.40,0.00,7.10,2.18,30.70,825.80,-9999.00,-9999.00,-9999.00,-9999.00,-9999.00,-9999.00,-9999.00,0,0,1
2022-05-24T16:47:55,40.765789,-111.908661,1291.50,-9999.00,-9999.00,-9999.00,13.74,21.41,20.80,20.01,4.00,2.00,21.00,22.00,873.60,0.00,5.10,2.19,30.70,825.30,-9999.00,-9999.00,-9999.00,-9999.00,-9999.00,-9999.00,-9999.00,0,0,1
2022-05-24T16:48:00,40.765781,-111.908661,1291.00,-9999.00,-9999.00,-9999.00,13.74,21.42,20.80,19.97,5.00,2.00,21.00,22.00,873.50,0.00,4.60,2.18,30.70,825.30,-9999.00,-9999.00,-9999.00,-9999.00,-9999.00,-9999.00,-9999.00,0,0,1
2022-05-24T16:48:05,40.765781,-111.908661,1290.70,-9999.00,-9999.00,-9999.00,13.74,21.42,20.80,19.93,6.00,2.00,21.00,22.00,873.70,0.00,6.20,2.19,30.70,825.80,-9999.00,-9999.00,-9999.00,-9999.00,-9999.00,-9999.00,-9999.00,0,0,1
2022-05-24T16:48:10,40.765778,-111.908661,1290.60,-9999.00,-9999.00,-9999.00,13.73,21.43,20.80,19.91,6.00,2.00,21.00,22.00,873.50,0.00,5.30,2.18,30.70,825.80,-9999.00,-9999.00,-9999.00,-9999.00,-9999.00,-9999.00,-9999.00,0,0,1
2022-05-24T16:48:15,40.765766,-111.908669,1290.40,-9999.00,-9999.00,-9999.00,13.73,21.43,20.80,19.91,5.00,2.00,21.00,22.00,873.60,0.00,6.60,2.19,30.70,825.30,-9999.00,-9999.00,-9999.00,-9999.00,-9999.00,-9999.00,-9999.00,0,0,1
2022-05-24T16:48:20,40.765755,-111.908669,1290.00,-9999.00,-9999.00,-9999.00,13.74,21.44,20.80,19.73,5.00,2.00,21.00,22.00,873.50,0.00,5.60,2.18,30.80,825.30,-9999.00,-9999.00,-9999.00,-9999.00,-9999.00,-9999.00,-9999.00,0,0,1
2022-05-24T16:48:25,40.765751,-111.908661,1289.80,-9999.00,-9999.00,-9999.00,13.74,21.44,20.80,19.67,6.00,2.00,21.00,22.00,873.40,0.00,3.40,2.19,30.80,825.80,-9999.00,-9999.00,-9999.00,-9999.00,-9999.00,-9999.00,-9999.00,0,0,1
2022-05-24T16:48:30,40.765743,-111.908669,1289.60,-9999.00,-9999.00,-9999.00,13.74,21.45,20.80,19.65,6.00,2.00,21.00,22.00,873.50,0.00,4.40,2.19,30.80,825.80,-9999.00,-9999.00,-9999.00,-9999.00,-9999.00,-9999.00,-9999.00,0,0,1
2022-05-24T16:48:35,40.765743,-111.908676,1289.10,-9999.00,-9999.00,-9999.00,13.74,21.45,20.82,19.62,7.00,2.00,21.00,22.00,873.60,0.00,4.50,2.19,30.80,825.30,-9999.00,-9999.00,-9999.00,-9999.00,-9999.00,-9999.00,-9999.00,0,0,1
2022-05-24T16:48:40,40.765747,-111.908676,1289.10,-9999.00,-9999.00,-9999.00,13.74,21.46,20.82,19.56,6.00,2.00,21.00,22.00,873.50,0.00,5.60,2.19,30.80,825.30,-9999.00,-9999.00,-9999.00,-9999.00,-9999.00,-9999.00,-9999.00,0,0,1
2022-05-24T16:48:45,40.765743,-111.908676,1289.00,-9999.00,-9999.00,-9999.00,13.72,21.46,20.83,19.56,5.00,2.00,21.00,22.00,873.60,0.00,7.70,2.19,30.80,825.80,-9999.00,-9999.00,-9999.00,-9999.00,-9999.00,-9999.00,-9999.00,0,0,1
2022-05-24T16:48:50,40.765743,-111.908676,1289.00,-9999.00,-9999.00,-9999.00,13.73,21.47,20.82,19.55,7.00,2.00,21.00,22.00,873.50,0.00,5.40,2.19,30.80,825.80,-9999.00,-9999.00,-9999.00,-9999.00,-9999.00,-9999.00,-9999.00,0,0,1
2022-05-24T16:48:55,40.765736,-111.908699,1288.90,-9999.00,-9999.00,-9999.00,13.74,21.47,20.82,19.52,6.00,2.00,21.11,22.00,873.40,0.00,6.60,2.19,30.90,825.30,-9999.00,-9999.00,-9999.00,-9999.00,-9999.00,-9999.00,-9999.00,0,0,1
2022-05-24T16:49:00,40.765736,-111.908714,1288.90,-9999.00,-9999.00,-9999.00,13.73,21.48,20.84,19.53,5.00,2.00,21.11,21.00,873.50,0.00,4.00,2.19,30.90,825.30,-9999.00,-9999.00,-9999.00,-9999.00,-9999.00,-9999.00,-9999.00,0,0,1
2022-05-24T16:49:05,40.765736,-111.908714,1288.90,-9999.00,-9999.00,-9999.00,13.74,21.48,20.87,19.53,4.00,2.00,21.11,22.00,873.50,0.00,4.30,2.19,30.90,825.70,-9999.00,-9999.00,-9999.00,-9999.00,-9999.00,-9999.00,-9999.00,0,0,1
2022-05-24T16:49:10,40.765732,-111.908730,1288.80,-9999.00,-9999.00,-9999.00,13.74,21.49,20.82,19.52,4.00,2.00,21.11,21.00,873.70,0.00,6.60,2.18,30.90,825.80,-9999.00,-9999.00,-9999.00,-9999.00,-9999.00,-9999.00,-9999.00,0,0,1
2022-05-24T16:49:15,40.765717,-111.908722,1288.70,-9999.00,-9999.00,-9999.00,13.73,21.49,20.83,19.55,5.00,2.00,21.00,21.00,873.50,0.00,6.60,2.18,30.90,825.30,-9999.00,-9999.00,-9999.00,-9999.00,-9999.00,-9999.00,-9999.00,0,0,1
2022-05-24T16:49:20,40.765713,-111.908730,1288.60,-9999.00,-9999.00,-9999.00,13.74,21.50,20.82,19.54,4.00,2.00,21.11,21.00,873.50,0.00,6.00,2.21,30.90,825.30,-9999.00,-9999.00,-9999.00,-9999.00,-9999.00,-9999.00,-9999.00,0,0,1
2022-05-24T16:49:25,40.765713,-111.908730,1288.60,-9999.00,-9999.00,-9999.00,13.74,21.50,20.82,19.54,4.00,2.00,21.11,21.00,873.60,0.00,5.40,2.17,30.90,825.70,-9999.00,-9999.00,-9999.00,-9999.00,-9999.00,-9999.00,-9999.00,0,0,1
2022-05-24T16:49:30,40.765713,-111.908722,1288.50,-9999.00,-9999.00,-9999.00,13.74,21.51,20.82,19.52,5.00,2.00,21.11,21.00,873.60,0.00,5.20,2.18,31.00,825.80,-9999.00,-9999.00,-9999.00,-9999.00,-9999.00,-9999.00,-9999.00,0,0,1
2022-05-24T16:49:35,40.765713,-111.908745,1288.40,-9999.00,-9999.00,-9999.00,13.74,21.51,20.82,19.47,5.00,2.00,21.11,21.00,873.70,0.00,5.00,2.19,31.00,825.40,-9999.00,-9999.00,-9999.00,-9999.00,-9999.00,-9999.00,-9999.00,0,0,1
2022-05-24T16:49:40,40.765717,-111.908760,1288.50,-9999.00,-9999.00,-9999.00,13.74,21.52,20.82,19.46,5.00,2.00,21.11,21.00,873.40,0.00,6.40,2.18,31.00,825.30,-9999.00,-9999.00,-9999.00,-9999.00,-9999.00,-9999.00,-9999.00,0,0,1
2022-05-24T16:49:45,40.765720,-111.908760,1288.50,-9999.00,-9999.00,-9999.00,13.73,21.52,20.82,19.48,4.00,2.00,21.11,21.00,873.50,0.00,5.30,2.19,31.00,825.80,-9999.00,-9999.00,-9999.00,-9999.00,-9999.00,-9999.00,-9999.00,0,0,1
2022-05-24T16:49:50,40.765720,-111.908760,1288.50,-9999.00,-9999.00,-9999.00,13.74,21.53,20.82,19.54,4.00,2.00,21.11,21.00,873.40,0.00,5.40,2.19,31.00,825.80,-9999.00,-9999.00,-9999.00,-9999.00,-9999.00,-9999.00,-9999.00,0,0,1
2022-05-24T16:49:55,40.765720,-111.908775,1288.50,-9999.00,-9999.00,-9999.00,13.73,21.53,20.82,19.57,5.00,2.00,21.11,21.00,873.70,0.00,10.50,2.19,31.00,825.30,-9999.00,-9999.00,-9999.00,-9999.00,-9999.00,-9999.00,-9999.00,0,0,1
2022-05-24T16:50:00,40.765720,-111.908775,1288.50,-9999.00,-9999.00,-9999.00,13.73,21.54,20.82,19.57,5.00,2.00,21.11,21.00,873.60,0.00,6.40,2.19,31.00,825.30,-9999.00,-9999.00,-9999.00,-9999.00,-9999.00,-9999.00,-9999.00,0,0,1
2022-05-24T16:50:05,40.765720,-111.908791,1288.20,-9999.00,-9999.00,-9999.00,13.73,21.54,20.82,19.52,4.00,2.00,21.11,21.00,873.50,0.00,8.00,2.19,31.00,825.70,-9999.00,-9999.00,-9999.00,-9999.00,-9999.00,-9999.00,-9999.00,0,0,1
2022-05-24T16:50:10,40.765717,-111.908806,1287.90,-9999.00,-9999.00,-9999.00,13.74,21.55,20.82,19.50,4.00,2.00,21.11,21.00,873.40,0.00,8.00,2.19,31.10,825.70,-9999.00,-9999.00,-9999.00,-9999.00,-9999.00,-9999.00,-9999.00,0,0,1
2022-05-24T16:50:15,40.765713,-111.908806,1287.80,-9999.00,-9999.00,-9999.00,13.74,21.55,20.83,19.49,4.00,2.00,21.11,21.00,873.30,0.00,3.90,2.20,31.10,825.30,-9999.00,-9999.00,-9999.00,-9999.00,-9999.00,-9999.00,-9999.00,0,0,1
2022-05-24T16:50:20,40.765709,-111.908798,1287.40,-9999.00,-9999.00,-9999.00,13.74,21.56,20.82,19.47,4.00,2.00,21.11,21.00,873.60,0.00,7.20,2.19,31.10,825.30,-9999.00,-9999.00,-9999.00,-9999.00,-9999.00,-9999.00,-9999.00,0,0,1
2022-05-24T16:50:25,40.765713,-111.908806,1287.40,-9999.00,-9999.00,-9999.00,13.74,21.56,20.83,19.44,4.00,2.00,21.11,21.00,873.40,0.00,5.30,2.19,31.10,825.80,-9999.00,-9999.00,-9999.00,-9999.00,-9999.00,-9999.00,-9999.00,0,0,1
2022-05-24T16:50:30,40.765705,-111.908798,1287.50,-9999.00,-9999.00,-9999.00,13.74,21.57,20.84,19.43,4.00,2.00,21.11,21.00,873.60,0.00,5.40,2.19,31.10,825.80,-9999.00,-9999.00,-9999.00,-9999.00,-9999.00,-9999.00,-9999.00,0,0,1
2022-05-24T16:50:35,40.765705,-111.908760,1287.90,-9999.00,-9999.00,-9999.00,13.74,21.57,20.84,19.39,4.00,2.00,21.11,21.00,873.40,0.00,6.00,2.19,31.10,825.30,-9999.00,-9999.00,-9999.00,-9999.00,-9999.00,-9999.00,-9999.00,0,0,1
2022-05-24T16:50:40,40.765705,-111.908730,1288.00,-9999.00,-9999.00,-9999.00,13.74,21.58,20.85,19.39,4.00,2.00,21.11,21.00,873.40,0.00,7.40,2.20,31.20,825.20,-9999.00,-9999.00,-9999.00,-9999.00,-9999.00,-9999.00,-9999.00,0,0,1
2022-05-24T16:50:45,40.765713,-111.908722,1288.00,-9999.00,-9999.00,-9999.00,13.74,21.58,20.84,19.39,4.00,2.00,21.11,21.00,873.60,0.00,4.40,2.19,31.20,825.70,-9999.00,-9999.00,-9999.00,-9999.00,-9999.00,-9999.00,-9999.00,0,0,1
2022-05-24T16:50:50,40.765717,-111.908730,1287.90,-9999.00,-9999.00,-9999.00,13.74,21.59,20.85,19.57,4.00,2.00,21.11,21.00,873.40,0.00,4.00,2.20,31.20,825.70,-9999.00,-9999.00,-9999.00,-9999.00,-9999.00,-9999.00,-9999.00,0,0,1
2022-05-24T16:50:55,40.765720,-111.908730,1287.90,-9999.00,-9999.00,-9999.00,13.74,21.59,20.84,19.76,4.00,2.00,21.11,21.00,873.40,0.00,8.70,2.19,31.20,825.30,-9999.00,-9999.00,-9999.00,-9999.00,-9999.00,-9999.00,-9999.00,0,0,1
2022-05-24T16:51:00,40.765720,-111.908737,1287.90,-9999.00,-9999.00,-9999.00,13.73,21.60,20.85,19.82,5.00,2.00,21.11,21.00,873.30,0.00,4.70,2.18,31.20,825.30,-9999.00,-9999.00,-9999.00,-9999.00,-9999.00,-9999.00,-9999.00,0,0,1
2022-05-24T16:51:05,40.765717,-111.908730,1287.90,-9999.00,-9999.00,-9999.00,13.74,21.60,20.91,19.49,5.00,2.00,21.22,21.00,873.60,0.00,5.40,2.19,31.20,825.70,-9999.00,-9999.00,-9999.00,-9999.00,-9999.00,-9999.00,-9999.00,0,0,1
2022-05-24T16:51:10,40.765717,-111.908737,1288.00,-9999.00,-9999.00,-9999.00,13.74,21.61,20.87,19.11,5.00,2.00,21.22,21.00,873.30,0.00,6.20,2.19,31.20,825.70,-9999.00,-9999.00,-9999.00,-9999.00,-9999.00,-9999.00,-9999.00,0,0,1
2022-05-24T16:51:15,40.765713,-111.908745,1288.00,-9999.00,-9999.00,-9999.00,13.74,21.61,20.85,19.09,5.00,2.00,21.22,21.00,873.30,0.00,5.80,2.19,31.20,825.20,-9999.00,-9999.00,-9999.00,-9999.00,-9999.00,-9999.00,-9999.00,0,0,1
2022-05-24T16:51:20,40.765709,-111.908737,1288.00,-9999.00,-9999.00,-9999.00,13.74,21.62,20.84,19.20,5.00,2.00,21.22,21.00,873.20,0.00,4.80,2.19,31.30,825.20,-9999.00,-9999.00,-9999.00,-9999.00,-9999.00,-9999.00,-9999.00,0,0,1
2022-05-24T16:51:25,40.765705,-111.908745,1288.00,-9999.00,-9999.00,-9999.00,13.74,21.62,20.84,19.24,5.00,2.00,21.11,21.00,873.40,0.00,5.30,2.19,31.30,825.70,-9999.00,-9999.00,-9999.00,-9999.00,-9999.00,-9999.00,-9999.00,0,0,1
2022-05-24T16:51:30,40.765697,-111.908745,1288.00,-9999.00,-9999.00,-9999.00,13.74,21.63,20.85,19.22,5.00,2.00,21.22,21.00,873.40,0.00,5.90,2.20,31.30,825.70,-9999.00,-9999.00,-9999.00,-9999.00,-9999.00,-9999.00,-9999.00,0,0,1
2022-05-24T16:51:35,40.765686,-111.908737,1287.90,-9999.00,-9999.00,-9999.00,13.74,21.63,20.84,19.14,4.00,2.00,21.22,21.00,873.50,0.00,6.00,2.19,31.30,825.20,-9999.00,-9999.00,-9999.00,-9999.00,-9999.00,-9999.00,-9999.00,0,0,1
2022-05-24T16:51:40,40.765678,-111.908737,1287.90,-9999.00,-9999.00,-9999.00,13.73,21.63,20.84,19.30,5.00,2.00,21.22,21.00,873.40,0.00,5.00,2.19,31.30,825.20,-9999.00,-9999.00,-9999.00,-9999.00,-9999.00,-9999.00,-9999.00,0,0,1
2022-05-24T16:51:45,40.765675,-111.908730,1287.90,-9999.00,-9999.00,-9999.00,13.74,21.64,20.84,19.17,5.00,2.00,21.22,21.00,873.30,0.00,3.50,2.19,31.30,825.60,-9999.00,-9999.00,-9999.00,-9999.00,-9999.00,-9999.00,-9999.00,0,0,1
2022-05-24T16:51:50,40.765659,-111.908722,1288.10,-9999.00,-9999.00,-9999.00,13.74,21.64,20.84,19.10,5.00,2.00,21.22,21.00,873.30,0.00,5.50,2.19,31.30,825.60,-9999.00,-9999.00,-9999.00,-9999.00,-9999.00,-9999.00,-9999.00,0,0,1
2022-05-24T16:51:55,40.765656,-111.908714,1288.20,-9999.00,-9999.00,-9999.00,13.74,21.65,20.84,18.94,4.00,2.00,21.22,21.00,873.40,0.00,6.00,2.19,31.30,825.20,-9999.00,-9999.00,-9999.00,-9999.00,-9999.00,-9999.00,-9999.00,0,0,1
2022-05-24T16:52:00,40.765659,-111.908714,1288.30,-9999.00,-9999.00,-9999.00,13.74,21.65,20.84,18.79,4.00,2.00,21.22,21.00,873.40,0.00,7.00,2.20,31.40,825.20,-9999.00,-9999.00,-9999.00,-9999.00,-9999.00,-9999.00,-9999.00,0,0,1
2022-05-24T16:52:05,40.765659,-111.908707,1288.40,-9999.00,-9999.00,-9999.00,13.74,21.66,20.84,18.73,3.00,2.00,21.22,21.00,873.30,0.00,6.00,2.19,31.40,825.60,-9999.00,-9999.00,-9999.00,-9999.00,-9999.00,-9999.00,-9999.00,0,0,1
2022-05-24T16:52:10,40.765663,-111.908699,1288.40,-9999.00,-9999.00,-9999.00,13.73,21.66,20.84,18.72,4.00,2.00,21.22,21.00,873.20,0.00,6.10,2.19,31.40,825.60,-9999.00,-9999.00,-9999.00,-9999.00,-9999.00,-9999.00,-9999.00,0,0,1
2022-05-24T16:52:15,40.765678,-111.908699,1288.50,-9999.00,-9999.00,-9999.00,13.74,21.67,20.84,18.72,3.00,2.00,21.22,21.00,873.50,0.00,4.50,2.19,31.40,825.20,-9999.00,-9999.00,-9999.00,-9999.00,-9999.00,-9999.00,-9999.00,0,0,1
2022-05-24T16:52:20,40.765694,-111.908707,1288.50,-9999.00,-9999.00,-9999.00,13.74,21.67,20.86,18.81,4.00,2.00,21.22,21.00,873.40,0.00,7.50,2.20,31.40,825.20,-9999.00,-9999.00,-9999.00,-9999.00,-9999.00,-9999.00,-9999.00,0,0,1
2022-05-24T16:52:25,40.765705,-111.908714,1288.50,-9999.00,-9999.00,-9999.00,13.74,21.68,20.84,18.90,4.00,2.00,21.22,21.00,873.30,0.00,4.70,2.20,31.40,825.60,-9999.00,-9999.00,-9999.00,-9999.00,-9999.00,-9999.00,-9999.00,0,0,1
2022-05-24T16:52:30,40.765717,-111.908745,1288.50,-9999.00,-9999.00,-9999.00,13.74,21.68,20.84,18.88,4.00,2.00,21.22,21.00,873.20,0.00,5.00,2.19,31.40,825.60,-9999.00,-9999.00,-9999.00,-9999.00,-9999.00,-9999.00,-9999.00,0,0,1
2022-05-24T16:52:35,40.765717,-111.908737,1288.50,-9999.00,-9999.00,-9999.00,13.74,21.69,20.84,18.77,4.00,2.00,21.22,21.00,873.50,0.00,6.60,2.20,31.50,825.20,-9999.00,-9999.00,-9999.00,-9999.00,-9999.00,-9999.00,-9999.00,0,0,1
2022-05-24T16:52:40,40.765713,-111.908745,1288.50,-9999.00,-9999.00,-9999.00,13.74,21.69,20.85,18.77,3.00,2.00,21.22,21.00,873.30,0.00,6.30,2.20,31.50,825.20,-9999.00,-9999.00,-9999.00,-9999.00,-9999.00,-9999.00,-9999.00,0,0,1
2022-05-24T16:52:45,40.765728,-111.908768,1288.50,-9999.00,-9999.00,-9999.00,13.74,21.70,20.84,18.76,3.00,2.00,21.22,21.00,873.20,0.00,3.50,2.19,31.50,825.50,-9999.00,-9999.00,-9999.00,-9999.00,-9999.00,-9999.00,-9999.00,0,0,1
2022-05-24T16:52:50,40.765743,-111.908813,1288.50,-9999.00,-9999.00,-9999.00,13.74,21.70,20.85,18.70,4.00,2.00,21.22,21.00,873.30,0.00,6.10,2.19,31.50,825.70,-9999.00,-9999.00,-9999.00,-9999.00,-9999.00,-9999.00,-9999.00,0,0,1
2022-05-24T16:52:55,40.765751,-111.908844,1288.70,-9999.00,-9999.00,-9999.00,13.74,21.71,20.84,19.01,4.00,2.00,21.22,21.00,873.30,0.00,6.60,2.20,31.50,825.20,-9999.00,-9999.00,-9999.00,-9999.00,-9999.00,-9999.00,-9999.00,0,0,1
2022-05-24T16:53:00,40.765762,-111.908875,1288.80,-9999.00,-9999.00,-9999.00,13.74,21.71,20.84,19.71,4.00,2.00,21.28,21.00,873.30,0.00,8.00,2.19,31.50,825.20,-9999.00,-9999.00,-9999.00,-9999.00,-9999.00,-9999.00,-9999.00,0,0,1
2022-05-24T16:53:05,40.765774,-111.908890,1288.80,-9999.00,-9999.00,-9999.00,13.74,21.72,20.91,19.85,4.00,2.00,21.22,21.00,873.20,0.00,7.00,2.21,31.50,825.60,-9999.00,-9999.00,-9999.00,-9999.00,-9999.00,-9999.00,-9999.00,0,0,1
2022-05-24T16:53:10,40.765781,-111.908913,1289.10,-9999.00,-9999.00,-9999.00,13.70,21.72,20.86,19.77,3.00,2.00,21.22,21.00,873.50,0.00,6.20,2.20,31.50,825.60,-9999.00,-9999.00,-9999.00,-9999.00,-9999.00,-9999.00,-9999.00,0,0,1
2022-05-24T16:53:15,40.765789,-111.908920,1289.10,-9999.00,-9999.00,-9999.00,13.70,21.73,20.87,19.65,4.00,2.00,21.28,21.00,873.30,0.00,6.60,2.19,31.60,825.10,-9999.00,-9999.00,-9999.00,-9999.00,-9999.00,-9999.00,-9999.00,0,0,1
2022-05-24T16:53:20,40.765797,-111.908920,1289.10,-9999.00,-9999.00,-9999.00,13.70,21.73,20.86,19.64,5.00,2.00,21.28,21.00,873.20,0.00,9.00,2.19,31.60,825.20,-9999.00,-9999.00,-9999.00,-9999.00,-9999.00,-9999.00,-9999.00,0,0,1
2022-05-24T16:53:25,40.765804,-111.908928,1289.10,-9999.00,-9999.00,-9999.00,13.70,21.74,20.86,19.74,5.00,2.00,21.28,21.00,873.30,0.00,5.80,2.21,31.60,825.70,-9999.00,-9999.00,-9999.00,-9999.00,-9999.00,-9999.00,-9999.00,0,0,1
2022-05-24T16:53:30,40.765800,-111.908936,1289.10,-9999.00,-9999.00,-9999.00,13.70,21.74,20.86,19.77,3.00,2.00,21.22,21.00,873.20,0.00,6.30,2.19,31.60,825.60,-9999.00,-9999.00,-9999.00,-9999.00,-9999.00,-9999.00,-9999.00,0,0,1
2022-05-24T16:53:35,40.765800,-111.908936,1289.10,-9999.00,-9999.00,-9999.00,13.70,21.74,20.86,19.81,4.00,2.00,21.28,21.00,873.40,0.00,4.40,2.21,31.60,825.20,-9999.00,-9999.00,-9999.00,-9999.00,-9999.00,-9999.00,-9999.00,0,0,1
2022-05-24T16:53:40,40.765797,-111.908943,1289.20,-9999.00,-9999.00,-9999.00,13.70,21.75,20.87,19.83,4.00,2.00,21.28,21.00,873.30,0.00,8.20,2.20,31.60,825.20,-9999.00,-9999.00,-9999.00,-9999.00,-9999.00,-9999.00,-9999.00,0,0,1
2022-05-24T16:53:45,40.765797,-111.908928,1289.20,-9999.00,-9999.00,-9999.00,13.69,21.75,20.86,19.81,5.00,2.00,21.28,21.00,873.50,0.00,9.60,2.20,31.60,825.60,-9999.00,-9999.00,-9999.00,-9999.00,-9999.00,-9999.00,-9999.00,0,0,1
