Timestamp,Latitude,Longitude,Elevation,GPS_Speed,GPS_Direction,GPS_RMC_Valid,Battery_Voltage,Bus_Box_Temperature,Bus_Top_Temperature,Bus_Top_Relative_Humidity,ES642_PM2.5_Concentration,ES642_Air_Flow_Rate,ES642_Internal_Air_Temperature,ES642_Internal_Relative_Humidity,ES642_Internal_Air_Pressure,ES642_Error_Code,2B_Ozone_Concentration,2B_Air_Flow_Rate,2B_Internal_Air_Temperature,2B_Internal_Air_Pressure,2B405_NO_Concentration,2B405_NO2_Concentration,2B405_NOX_Concentration,2B405_Internal_Air_Temperature,2B405_Internal_Air_Pressure,2B405_Air_Flow_Rate,2B405_Cell_O3_Flow_Rate,PM2.5_Data_Flagged,Ozone_Data_Flagged,GPS_Data_Flagged
UTC,ddeg,ddeg,m,m/s,deg,binary,volts,degC,degC,%,ug/m3,L/min,degC,%,hpa,code,ppbv,L/min,degC,hpa,ppbv,ppbv,ppbv,degC,hpa,L/min,mL/min,binary,binary,binary
2022-06-03T16:01:40,-9999.000000,-9999.000000,-9999.00,-9999.00,-9999.00,-9999.00,13.69,22.55,23.56,25.11,-9999.00,-9999.00,-9999.00,-9999.00,-9999.00,-9999.00,-9999.00,-9999.00,-9999.00,-9999.00,-9999.00,-9999.00,-9999.00,-9999.00,-9999.00,-9999.00,-9999.00,0,0,1
2022-06-03T16:01:45,-9999.000000,-9999.000000,-9999.00,-9999.00,-9999.00,-9999.00,13.70,22.55,23.57,24.97,-9999.00,-9999.00,-9999.00,-9999.00,-9999.00,-9999.00,-9999.00,2.13,23.00,820.40,-9999.00,-9999.00,-9999.00,-9999.00,-9999.00,-9999.00,-9999.00,0,0,1
2022-06-03T16:01:50,-9999.000000,-9999.000000,-9999.00,-9999.00,-9999.00,-9999.00,13.70,22.55,23.58,24.95,-9999.00,-9999.00,-9999.00,-9999.00,-9999.00,-9999.00,-9999.00,2.13,23.10,820.40,-9999.00,-9999.00,-9999.00,-9999.00,-9999.00,-9999.00,-9999.00,0,0,1
2022-06-03T16:01:55,-9999.000000,-9999.000000,-9999.00,-9999.00,-9999.00,-9999.00,13.70,22.55,23.58,24.96,-9999.00,-9999.00,-9999.00,-9999.00,-9999.00,-9999.00,-9999.00,2.13,23.10,819.50,-9999.00,-9999.00,-9999.00,-9999.00,-9999.00,-9999.00,-9999.00,0,0,1
2022-06-03T16:02:00,-9999.000000,-9999.000000,-9999.00,-9999.00,-9999.00,-9999.00,13.71,22.55,23.58,24.87,-9999.00,-9999.00,-9999.00,-9999.00,-9999.00,-9999.00,-9999.00,2.11,23.20,819.50,-9999.00,-9999.00,-9999.00,-9999.00,-9999.00,-9999.00,-9999.00,0,0,1
2022-06-03T16:02:05,-9999.000000,-9999.000000,-9999.00,-9999.00,-9999.00,-9999.00,13.70,22.55,23.60,24.92,-9999.00,-9999.00,-9999.00,-9999.00,-9999.00,-9999.00,-9999.00,2.13,23.20,820.30,-9999.00,-9999.00,-9999.00,-9999.00,-9999.00,-9999.00,-9999.00,0,0,1
2022-06-03T16:02:10,-9999.000000,-9999.000000,-9999.00,-9999.00,-9999.00,-9999.00,13.70,22.56,23.60,24.98,-9999.00,-9999.00,-9999.00,-9999.00,-9999.00,-9999.00,-9999.00,2.14,23.30,820.20,-9999.00,-9999.00,-9999.00,-9999.00,-9999.00,-9999.00,-9999.00,0,0,1
2022-06-03T16:02:15,-9999.000000,-9999.000000,-9999.00,-9999.00,-9999.00,-9999.00,13.70,22.56,23.60,24.95,-9999.00,-9999.00,-9999.00,-9999.00,-9999.00,-9999.00,-9999.00,2.13,23.40,819.30,-9999.00,-9999.00,-9999.00,-9999.00,-9999.00,-9999.00,-9999.00,0,0,1
2022-06-03T16:02:20,-9999.000000,-9999.000000,-9999.00,-9999.00,-9999.00,-9999.00,13.70,22.56,23.60,24.92,-9999.00,-9999.00,-9999.00,-9999.00,-9999.00,-9999.00,-9999.00,2.15,23.40,819.20,-9999.00,-9999.00,-9999.00,-9999.00,-9999.00,-9999.00,-9999.00,0,0,1
2022-06-03T16:02:25,-9999.000000,-9999.000000,-9999.00,-9999.00,-9999.00,-9999.00,13.70,22.56,23.61,24.89,-9999.00,-9999.00,-9999.00,-9999.00,-9999.00,-9999.00,-9999.00,2.13,23.40,820.00,-9999.00,-9999.00,-9999.00,-9999.00,-9999.00,-9999.00,-9999.00,0,0,1
2022-06-03T16:02:30,-9999.000000,-9999.000000,-9999.00,-9999.00,-9999.00,-9999.00,13.70,22.56,23.61,24.82,-9999.00,-9999.00,-9999.00,-9999.00,-9999.00,-9999.00,-9999.00,2.14,23.50,820.00,-9999.00,-9999.00,-9999.00,-9999.00,-9999.00,-9999.00,-9999.00,0,0,1
2022-06-03T16:02:35,-9999.000000,-9999.000000,-9999.00,-9999.00,-9999.00,-9999.00,13.69,22.56,23.65,24.82,-9999.00,-9999.00,-9999.00,-9999.00,-9999.00,-9999.00,-9999.00,2.14,23.60,819.30,-9999.00,-9999.00,-9999.00,-9999.00,-9999.00,-9999.00,-9999.00,0,0,1
2022-06-03T16:02:40,40.765430,-111.908272,1394.80,-9999.00,-9999.00,-9999.00,13.70,22.56,23.61,24.76,3.00,2.00,22.39,23.00,867.70,0.00,-9999.00,2.14,23.60,819.20,-9999.00,-9999.00,-9999.00,-9999.00,-9999.00,-9999.00,-9999.00,0,0,1
2022-06-03T16:02:45,40.765415,-111.908325,1391.30,-9999.00,-9999.00,-9999.00,13.70,22.56,23.60,24.71,4.00,2.00,22.39,23.00,867.50,0.00,-9999.00,2.14,23.70,819.90,-9999.00,-9999.00,-9999.00,-9999.00,-9999.00,-9999.00,-9999.00,0,0,1
2022-06-03T16:02:50,40.765419,-111.908348,1394.90,-9999.00,-9999.00,-9999.00,13.70,22.56,23.60,24.69,4.00,2.00,22.39,23.00,867.40,0.00,-9999.00,2.13,23.70,819.90,-9999.00,-9999.00,-9999.00,-9999.00,-9999.00,-9999.00,-9999.00,0,0,1
2022-06-03T16:02:55,40.765427,-111.908356,1396.70,-9999.00,-9999.00,-9999.00,13.70,22.56,23.60,24.69,3.00,2.00,22.39,23.00,867.70,0.00,-9999.00,2.15,23.80,819.10,-9999.00,-9999.00,-9999.00,-9999.00,-9999.00,-9999.00,-9999.00,0,0,1
2022-06-03T16:03:00,40.765427,-111.908356,1398.20,-9999.00,-9999.00,-9999.00,13.70,22.56,23.60,24.69,3.00,2.00,22.39,24.00,867.50,0.00,-9999.00,2.15,23.80,819.20,-9999.00,-9999.00,-9999.00,-9999.00,-9999.00,-9999.00,-9999.00,0,0,1
2022-06-03T16:03:05,40.765442,-111.908363,1398.70,-9999.00,-9999.00,-9999.00,13.70,22.56,23.63,24.65,4.00,2.00,22.50,24.00,867.50,0.00,-9999.00,2.14,23.90,819.90,-9999.00,-9999.00,-9999.00,-9999.00,-9999.00,-9999.00,-9999.00,0,0,1
2022-06-03T16:03:10,40.765465,-111.908371,1399.60,-9999.00,-9999.00,-9999.00,13.70,22.56,23.62,24.65,4.00,2.00,22.50,24.00,867.70,0.00,-9999.00,2.15,23.90,819.80,-9999.00,-9999.00,-9999.00,-9999.00,-9999.00,-9999.00,-9999.00,0,0,1
2022-06-03T16:03:15,40.765484,-111.908379,1399.70,-9999.00,-9999.00,-9999.00,13.70,22.56,23.62,24.65,3.00,2.00,22.39,24.00,867.50,0.00,-9999.00,2.15,24.00,819.00,-9999.00,-9999.00,-9999.00,-9999.00,-9999.00,-9999.00,-9999.00,0,0,1
2022-06-03T16:03:20,40.765507,-111.908394,1399.50,-9999.00,-9999.00,-9999.00,13.70,22.56,23.63,24.67,3.00,2.00,22.50,24.00,867.50,0.00,-9999.00,2.15,24.00,819.10,-9999.00,-9999.00,-9999.00,-9999.00,-9999.00,-9999.00,-9999.00,0,0,1
2022-06-03T16:03:25,40.765507,-111.908409,1399.40,-9999.00,-9999.00,-9999.00,13.70,22.56,23.62,24.70,3.00,2.00,22.50,24.00,867.70,0.00,-9999.00,2.14,24.10,819.70,-9999.00,-9999.00,-9999.00,-9999.00,-9999.00,-9999.00,-9999.00,0,0,1
2022-06-03T16:03:30,40.765495,-111.908409,1398.70,-9999.00,-9999.00,-9999.00,13.70,22.56,23.62,24.71,4.00,2.00,22.50,24.00,867.50,0.00,-9999.00,2.15,24.10,819.70,-9999.00,-9999.00,-9999.00,-9999.00,-9999.00,-9999.00,-9999.00,0,0,1
2022-06-03T16:03:35,40.765469,-111.908401,1398.70,-9999.00,-9999.00,-9999.00,13.70,22.56,23.62,24.71,4.00,2.00,22.50,24.00,867.60,0.00,-9999.00,2.14,24.20,819.10,-9999.00,-9999.00,-9999.00,-9999.00,-9999.00,-9999.00,-9999.00,0,0,1
2022-06-03T16:03:40,40.765465,-111.908394,1398.70,-9999.00,-9999.00,-9999.00,13.70,22.56,23.62,24.65,4.00,2.00,22.50,24.00,867.60,0.00,-9999.00,2.15,24.20,819.00,-9999.00,-9999.00,-9999.00,-9999.00,-9999.00,-9999.00,-9999.00,0,0,1
2022-06-03T16:03:45,40.765465,-111.908401,1398.60,-9999.00,-9999.00,-9999.00,13.70,22.56,23.62,24.59,3.00,2.00,22.50,24.00,867.40,0.00,-9999.00,2.14,24.30,819.70,-9999.00,-9999.00,-9999.00,-9999.00,-9999.00,-9999.00,-9999.00,0,0,1
2022-06-03T16:03:50,40.765469,-111.908401,1398.60,-9999.00,-9999.00,-9999.00,13.70,22.57,23.62,24.57,3.00,2.00,22.50,25.00,867.50,0.00,-9999.00,2.15,24.30,819.60,-9999.00,-9999.00,-9999.00,-9999.00,-9999.00,-9999.00,-9999.00,0,0,1
2022-06-03T16:03:55,40.765465,-111.908401,1398.50,-9999.00,-9999.00,-9999.00,13.70,22.57,23.62,24.57,3.00,2.00,22.50,25.00,867.60,0.00,-9999.00,2.15,24.40,819.00,-9999.00,-9999.00,-9999.00,-9999.00,-9999.00,-9999.00,-9999.00,0,0,1
2022-06-03T16:04:00,40.765461,-111.908409,1398.50,-9999.00,-9999.00,-9999.00,13.70,22.57,23.62,24.55,3.00,2.00,22.50,25.00,867.60,0.00,-9999.00,2.15,24.40,819.00,-9999.00,-9999.00,-9999.00,-9999.00,-9999.00,-9999.00,-9999.00,0,0,1
2022-06-03T16:04:05,40.765453,-111.908409,1398.50,-9999.00,-9999.00,-9999.00,13.70,22.57,23.64,24.55,4.00,2.00,22.50,25.00,867.50,0.00,-9999.00,2.15,24.50,819.70,-9999.00,-9999.00,-9999.00,-9999.00,-9999.00,-9999.00,-9999.00,0,0,1
2022-06-03T16:04:10,40.765446,-111.908417,1398.50,-9999.00,-9999.00,-9999.00,13.70,22.57,23.65,24.53,5.00,2.00,22.50,25.00,867.70,0.00,-9999.00,2.14,24.50,819.60,-9999.00,-9999.00,-9999.00,-9999.00,-9999.00,-9999.00,-9999.00,0,0,1
2022-06-03T16:04:15,40.765446,-111.908409,1398.50,-9999.00,-9999.00,-9999.00,13.70,22.57,23.64,24.51,4.00,2.00,22.50,25.00,867.70,0.00,-9999.00,2.16,24.60,819.00,-9999.00,-9999.00,-9999.00,-9999.00,-9999.00,-9999.00,-9999.00,0,0,1
2022-06-03T16:04:20,40.765446,-111.908417,1398.40,-9999.00,-9999.00,-9999.00,13.70,22.57,23.65,24.46,3.00,2.00,22.50,25.00,867.70,0.00,-9999.00,2.15,24.60,819.00,-9999.00,-9999.00,-9999.00,-9999.00,-9999.00,-9999.00,-9999.00,0,0,1
2022-06-03T16:04:25,40.765450,-111.908409,1398.40,-9999.00,-9999.00,-9999.00,13.70,22.57,23.65,24.41,4.00,2.00,22.50,25.00,867.60,0.00,-9999.00,2.15,24.70,819.60,-9999.00,-9999.00,-9999.00,-9999.00,-9999.00,-9999.00,-9999.00,0,0,1
2022-06-03T16:04:30,40.765446,-111.908409,1398.20,-9999.00,-9999.00,-9999.00,13.70,22.57,23.64,24.46,3.00,2.00,22.50,25.00,867.60,0.00,-9999.00,2.15,24.70,819.60,-9999.00,-9999.00,-9999.00,-9999.00,-9999.00,-9999.00,-9999.00,0,0,1
2022-06-03T16:04:35,40.765450,-111.908401,1398.10,-9999.00,-9999.00,-9999.00,13.70,22.57,23.65,24.49,4.00,2.00,22.50,25.00,867.60,0.00,-9999.00,2.15,24.80,819.00,-9999.00,-9999.00,-9999.00,-9999.00,-9999.00,-9999.00,-9999.00,0,0,1
2022-06-03T16:04:40,40.765446,-111.908401,1398.00,-9999.00,-9999.00,-9999.00,13.70,22.57,23.64,24.49,4.00,2.00,22.50,25.00,867.50,0.00,-9999.00,2.15,24.80,818.90,-9999.00,-9999.00,-9999.00,-9999.00,-9999.00,-9999.00,-9999.00,0,0,1
2022-06-03T16:04:45,40.765442,-111.908394,1398.00,-9999.00,-9999.00,-9999.00,13.70,22.57,23.67,24.47,4.00,2.00,22.50,25.00,867.50,0.00,-9999.00,2.15,24.80,819.60,-9999.00,-9999.00,-9999.00,-9999.00,-9999.00,-9999.00,-9999.00,0,0,1
2022-06-03T16:04:50,40.765442,-111.908386,1397.90,-9999.00,-9999.00,-9999.00,13.70,22.58,23.74,24.49,4.00,2.00,22.50,25.00,867.40,0.00,-9999.00,2.16,24.90,819.50,-9999.00,-9999.00,-9999.00,-9999.00,-9999.00,-9999.00,-9999.00,0,0,1
2022-06-03T16:04:55,40.765438,-111.908379,1397.80,-9999.00,-9999.00,-9999.00,13.70,22.58,23.71,24.52,5.00,2.00,22.50,25.00,867.50,0.00,-9999.00,2.16,25.00,819.00,-9999.00,-9999.00,-9999.00,-9999.00,-9999.00,-9999.00,-9999.00,0,0,1
2022-06-03T16:05:00,40.765434,-111.908379,1397.70,-9999.00,-9999.00,-9999.00,13.70,22.58,23.67,24.49,3.00,2.00,22.50,25.00,867.60,0.00,-9999.00,2.15,25.00,818.90,-9999.00,-9999.00,-9999.00,-9999.00,-9999.00,-9999.00,-9999.00,0,0,1
2022-06-03T16:05:05,40.765533,-111.908302,1383.50,-9999.00,-9999.00,-9999.00,13.70,22.58,23.67,24.63,3.00,2.00,22.50,25.00,867.70,0.00,6.50,2.15,25.00,819.60,-9999.00,-9999.00,-9999.00,-9999.00,-9999.00,-9999.00,-9999.00,0,0,1
2022-06-03T16:05:10,40.765553,-111.908279,1380.00,-9999.00,-9999.00,-9999.00,13.70,22.58,23.66,24.65,5.00,2.00,22.50,25.00,867.70,0.00,7.90,2.16,25.10,819.60,-9999.00,-9999.00,-9999.00,-9999.00,-9999.00,-9999.00,-9999.00,0,0,1
2022-06-03T16:05:15,40.765598,-111.908218,1371.90,-9999.00,-9999.00,-9999.00,13.70,22.58,23.67,24.65,4.00,2.00,22.50,25.00,867.50,0.00,3.20,2.15,25.10,818.90,-9999.00,-9999.00,-9999.00,-9999.00,-9999.00,-9999.00,-9999.00,0,0,1
2022-06-03T16:05:20,40.765617,-111.908203,1369.50,-9999.00,-9999.00,-9999.00,13.70,22.58,23.69,24.65,4.00,2.00,22.50,25.00,867.70,0.00,6.80,2.16,25.20,819.00,-9999.00,-9999.00,-9999.00,-9999.00,-9999.00,-9999.00,-9999.00,0,0,1
2022-06-03T16:05:25,40.765621,-111.908211,1369.40,-9999.00,-9999.00,-9999.00,13.70,22.58,23.69,25.01,4.00,2.00,22.50,25.00,867.70,0.00,6.00,2.15,25.20,819.50,-9999.00,-9999.00,-9999.00,-9999.00,-9999.00,-9999.00,-9999.00,0,0,1
2022-06-03T16:05:30,40.765629,-111.908203,1369.20,-9999.00,-9999.00,-9999.00,13.70,22.58,23.69,26.03,3.00,2.00,22.61,25.00,867.70,0.00,3.00,2.15,25.20,819.50,-9999.00,-9999.00,-9999.00,-9999.00,-9999.00,-9999.00,-9999.00,0,0,1
2022-06-03T16:05:35,40.765648,-111.908211,1363.70,-9999.00,-9999.00,-9999.00,13.70,22.58,23.69,26.34,4.00,2.00,22.61,25.00,867.80,0.00,7.00,2.16,25.30,819.00,-9999.00,-9999.00,-9999.00,-9999.00,-9999.00,-9999.00,-9999.00,0,0,1
2022-06-03T16:05:40,40.765678,-111.908226,1359.30,-9999.00,-9999.00,-9999.00,13.70,22.59,23.70,26.41,4.00,2.00,22.50,25.00,867.40,0.00,6.00,2.16,25.40,819.00,-9999.00,-9999.00,-9999.00,-9999.00,-9999.00,-9999.00,-9999.00,0,0,1
2022-06-03T16:05:45,40.765705,-111.908249,1356.00,-9999.00,-9999.00,-9999.00,13.70,22.59,23.69,26.30,3.00,2.00,22.50,26.00,867.60,0.00,6.50,2.15,25.40,819.50,-9999.00,-9999.00,-9999.00,-9999.00,-9999.00,-9999.00,-9999.00,0,0,1
2022-06-03T16:05:50,40.765732,-111.908264,1352.20,-9999.00,-9999.00,-9999.00,13.70,22.59,23.69,26.63,4.00,2.00,22.61,26.00,867.60,0.00,8.80,2.16,25.40,819.50,-9999.00,-9999.00,-9999.00,-9999.00,-9999.00,-9999.00,-9999.00,0,0,1
2022-06-03T16:05:55,40.765751,-111.908249,1349.90,-9999.00,-9999.00,-9999.00,13.70,22.59,23.71,27.04,4.00,2.00,22.61,26.00,867.70,0.00,5.30,2.16,25.50,818.90,-9999.00,-9999.00,-9999.00,-9999.00,-9999.00,-9999.00,-9999.00,0,0,1
2022-06-03T16:06:00,40.765781,-111.908226,1348.30,-9999.00,-9999.00,-9999.00,13.70,22.59,23.71,27.09,5.00,2.00,22.61,26.00,867.40,0.00,4.50,2.15,25.50,819.00,-9999.00,-9999.00,-9999.00,-9999.00,-9999.00,-9999.00,-9999.00,0,0,1
2022-06-03T16:06:05,40.765808,-111.908218,1347.70,-9999.00,-9999.00,-9999.00,13.70,22.59,23.71,26.70,4.00,2.00,22.61,26.00,867.40,0.00,4.90,2.15,25.60,819.50,-9999.00,-9999.00,-9999.00,-9999.00,-9999.00,-9999.00,-9999.00,0,0,1
2022-06-03T16:06:10,40.765839,-111.908211,1347.50,-9999.00,-9999.00,-9999.00,13.70,22.59,23.71,26.64,4.00,2.00,22.61,26.00,867.50,0.00,7.10,2.16,25.60,819.50,-9999.00,-9999.00,-9999.00,-9999.00,-9999.00,-9999.00,-9999.00,0,0,1
2022-06-03T16:06:15,40.765846,-111.908211,1347.50,-9999.00,-9999.00,-9999.00,13.70,22.59,23.70,26.74,4.00,2.00,22.61,26.00,867.60,0.00,5.40,2.15,25.70,818.90,-9999.00,-9999.00,-9999.00,-9999.00,-9999.00,-9999.00,-9999.00,0,0,1
2022-06-03T16:06:20,40.765869,-111.908226,1347.20,-9999.00,-9999.00,-9999.00,13.70,22.60,23.71,26.76,4.00,2.00,22.61,26.00,867.70,0.00,5.20,2.17,25.70,818.90,-9999.00,-9999.00,-9999.00,-9999.00,-9999.00,-9999.00,-9999.00,0,0,1
2022-06-03T16:06:25,40.765884,-111.908234,1347.10,-9999.00,-9999.00,-9999.00,13.70,22.60,23.71,26.76,5.00,2.00,22.61,26.00,867.50,0.00,4.70,2.16,25.70,819.50,-9999.00,-9999.00,-9999.00,-9999.00,-9999.00,-9999.00,-9999.00,0,0,1
2022-06-03T16:06:30,40.765892,-111.908241,1346.50,-9999.00,-9999.00,-9999.00,13.70,22.60,23.73,26.74,4.00,2.00,22.61,26.00,867.50,0.00,7.00,2.15,25.80,819.50,-9999.00,-9999.00,-9999.00,-9999.00,-9999.00,-9999.00,-9999.00,0,0,1
2022-06-03T16:06:35,40.765896,-111.908249,1346.30,-9999.00,-9999.00,-9999.00,13.70,22.60,23.73,26.65,3.00,2.00,22.61,26.00,867.50,0.00,6.00,2.17,25.80,818.90,-9999.00,-9999.00,-9999.00,-9999.00,-9999.00,-9999.00,-9999.00,0,0,1
2022-06-03T16:06:40,40.765900,-111.908257,1346.30,-9999.00,-9999.00,-9999.00,13.70,22.60,23.73,26.54,4.00,2.00,22.61,26.00,867.60,0.00,3.50,2.15,25.90,818.90,-9999.00,-9999.00,-9999.00,-9999.00,-9999.00,-9999.00,-9999.00,0,0,1
2022-06-03T16:06:45,40.765903,-111.908226,1345.70,-9999.00,-9999.00,-9999.00,13.70,22.60,23.73,26.54,3.00,2.00,22.61,26.00,867.70,0.00,7.00,2.16,25.90,819.40,-9999.00,-9999.00,-9999.00,-9999.00,-9999.00,-9999.00,-9999.00,0,0,1
2022-06-03T16:06:50,40.765919,-111.908188,1345.10,-9999.00,-9999.00,-9999.00,13.70,22.61,23.75,26.52,3.00,2.00,22.61,26.00,867.40,0.00,5.80,2.16,25.90,819.40,-9999.00,-9999.00,-9999.00,-9999.00,-9999.00,-9999.00,-9999.00,0,0,1
2022-06-03T16:06:55,40.765926,-111.908195,1344.40,-9999.00,-9999.00,-9999.00,13.70,22.61,23.75,26.39,3.00,2.00,22.61,26.00,867.50,0.00,4.00,2.17,26.00,818.80,-9999.00,-9999.00,-9999.00,-9999.00,-9999.00,-9999.00,-9999.00,0,0,1
2022-06-03T16:07:00,40.765926,-111.908211,1343.40,-9999.00,-9999.00,-9999.00,13.70,22.61,23.75,26.23,3.00,2.00,22.61,26.00,867.40,0.00,5.00,2.15,26.00,818.80,-9999.00,-9999.00,-9999.00,-9999.00,-9999.00,-9999.00,-9999.00,0,0,1
2022-06-03T16:07:05,40.765926,-111.908234,1342.30,-9999.00,-9999.00,-9999.00,13.70,22.61,23.74,26.12,3.00,2.00,22.61,27.00,867.70,0.00,3.30,2.16,26.10,819.40,-9999.00,-9999.00,-9999.00,-9999.00,-9999.00,-9999.00,-9999.00,0,0,1
2022-06-03T16:07:10,40.765923,-111.908226,1341.70,-9999.00,-9999.00,-9999.00,13.70,22.61,23.82,26.08,3.00,2.00,22.61,27.00,867.50,0.00,3.80,2.16,26.10,819.40,-9999.00,-9999.00,-9999.00,-9999.00,-9999.00,-9999.00,-9999.00,0,0,1
2022-06-03T16:07:15,40.765923,-111.908211,1341.10,-9999.00,-9999.00,-9999.00,13.70,22.61,23.79,25.99,3.00,2.00,22.61,27.00,867.50,0.00,6.30,2.17,26.20,818.80,-9999.00,-9999.00,-9999.00,-9999.00,-9999.00,-9999.00,-9999.00,0,0,1
2022-06-03T16:07:20,40.765926,-111.908203,1340.40,-9999.00,-9999.00,-9999.00,13.70,22.62,23.76,25.68,4.00,2.00,22.61,27.00,867.50,0.00,5.40,2.16,26.20,818.80,-9999.00,-9999.00,-9999.00,-9999.00,-9999.00,-9999.00,-9999.00,0,0,1
2022-06-03T16:07:25,40.765903,-111.908180,1339.20,-9999.00,-9999.00,-9999.00,13.70,22.62,23.76,25.61,4.00,2.00,22.61,27.00,867.70,0.00,5.90,2.17,26.20,819.40,-9999.00,-9999.00,-9999.00,-9999.00,-9999.00,-9999.00,-9999.00,0,0,1
2022-06-03T16:07:30,40.765877,-111.908157,1338.10,-9999.00,-9999.00,-9999.00,13.70,22.62,23.76,25.58,3.00,2.00,22.61,27.00,867.40,0.00,8.40,2.17,26.30,819.40,-9999.00,-9999.00,-9999.00,-9999.00,-9999.00,-9999.00,-9999.00,0,0,1
2022-06-03T16:07:35,40.765877,-111.908150,1337.00,-9999.00,-9999.00,-9999.00,13.70,22.62,23.76,25.42,4.00,2.00,22.61,27.00,867.40,0.00,6.80,2.16,26.30,818.80,-9999.00,-9999.00,-9999.00,-9999.00,-9999.00,-9999.00,-9999.00,0,0,1
2022-06-03T16:07:40,40.765869,-111.908134,1336.00,-9999.00,-9999.00,-9999.00,13.70,22.63,23.79,25.14,4.00,2.00,22.61,27.00,867.70,0.00,6.50,2.16,26.40,818.90,-9999.00,-9999.00,-9999.00,-9999.00,-9999.00,-9999.00,-9999.00,0,0,1
2022-06-03T16:07:45,40.765850,-111.908127,1335.00,-9999.00,-9999.00,-9999.00,13.70,22.63,23.78,24.91,4.00,2.00,22.61,26.00,867.40,0.00,4.40,2.16,26.40,819.40,-9999.00,-9999.00,-9999.00,-9999.00,-9999.00,-9999.00,-9999.00,0,0,1
2022-06-03T16:07:50,40.765820,-111.908127,1334.40,-9999.00,-9999.00,-9999.00,13.70,22.63,23.79,24.91,4.00,2.00,22.61,26.00,867.60,0.00,6.00,2.17,26.40,819.40,-9999.00,-9999.00,-9999.00,-9999.00,-9999.00,-9999.00,-9999.00,0,0,1
2022-06-03T16:07:55,40.765781,-111.908119,1333.80,-9999.00,-9999.00,-9999.00,13.70,22.63,23.78,24.85,4.00,2.00,22.61,26.00,867.50,0.00,8.00,2.17,26.50,818.70,-9999.00,-9999.00,-9999.00,-9999.00,-9999.00,-9999.00,-9999.00,0,0,1
2022-06-03T16:08:00,40.765759,-111.908127,1333.50,-9999.00,-9999.00,-9999.00,13.70,22.63,23.80,24.81,4.00,2.00,22.61,26.00,867.50,0.00,7.00,2.15,26.50,818.70,-9999.00,-9999.00,-9999.00,-9999.00,-9999.00,-9999.00,-9999.00,0,0,1
2022-06-03T16:08:05,40.765751,-111.908127,1333.30,-9999.00,-9999.00,-9999.00,13.70,22.64,23.81,24.74,4.00,2.00,22.61,27.00,867.50,0.00,6.00,2.17,26.50,819.40,-9999.00,-9999.00,-9999.00,-9999.00,-9999.00,-9999.00,-9999.00,0,0,1
2022-06-03T16:08:10,40.765751,-111.908119,1333.30,-9999.00,-9999.00,-9999.00,13.70,22.64,23.80,24.69,4.00,2.00,22.61,27.00,867.50,0.00,8.00,2.18,26.60,819.40,-9999.00,-9999.00,-9999.00,-9999.00,-9999.00,-9999.00,-9999.00,0,0,1
2022-06-03T16:08:15,40.765747,-111.908127,1333.30,-9999.00,-9999.00,-9999.00,13.70,22.64,23.82,24.63,4.00,2.00,22.61,27.00,867.40,0.00,7.10,2.16,26.60,818.70,-9999.00,-9999.00,-9999.00,-9999.00,-9999.00,-9999.00,-9999.00,0,0,1
2022-06-03T16:08:20,40.765747,-111.908127,1333.20,-9999.00,-9999.00,-9999.00,13.70,22.64,23.83,24.64,4.00,2.00,22.61,27.00,867.60,0.00,8.30,2.17,26.70,818.70,-9999.00,-9999.00,-9999.00,-9999.00,-9999.00,-9999.00,-9999.00,0,0,1
2022-06-03T16:08:25,40.765751,-111.908127,1333.20,-9999.00,-9999.00,-9999.00,13.70,22.65,23.83,24.65,4.00,2.00,22.72,27.00,867.40,0.00,6.30,2.16,26.70,819.40,-9999.00,-9999.00,-9999.00,-9999.00,-9999.00,-9999.00,-9999.00,0,0,1
2022-06-03T16:08:30,40.765732,-111.908119,1333.00,-9999.00,-9999.00,-9999.00,13.70,22.65,23.83,24.67,4.00,2.00,22.61,27.00,867.40,0.00,5.60,2.17,26.70,819.40,-9999.00,-9999.00,-9999.00,-9999.00,-9999.00,-9999.00,-9999.00,0,0,1
2022-06-03T16:08:35,40.765717,-111.908104,1332.70,-9999.00,-9999.00,-9999.00,13.70,22.65,23.83,24.81,4.00,2.00,22.61,27.00,867.70,0.00,5.20,2.16,26.80,818.80,-9999.00,-9999.00,-9999.00,-9999.00,-9999.00,-9999.00,-9999.00,0,0,1
2022-06-03T16:08:40,40.765686,-111.908081,1332.40,-9999.00,-9999.00,-9999.00,13.70,22.65,23.83,24.89,4.00,2.00,22.61,27.00,867.60,0.00,8.20,2.17,26.80,818.70,-9999.00,-9999.00,-9999.00,-9999.00,-9999.00,-9999.00,-9999.00,0,0,1
2022-06-03T16:08:45,40.765678,-111.908081,1332.30,-9999.00,-9999.00,-9999.00,13.70,22.66,23.84,24.89,4.00,2.00,22.61,27.00,867.50,0.00,8.50,2.17,26.90,819.40,-9999.00,-9999.00,-9999.00,-9999.00,-9999.00,-9999.00,-9999.00,0,0,1
2022-06-03T16:08:50,40.765671,-111.908081,1332.30,-9999.00,-9999.00,-9999.00,13.70,22.66,23.85,24.84,4.00,2.00,22.72,27.00,867.70,0.00,5.30,2.17,26.90,819.30,-9999.00,-9999.00,-9999.00,-9999.00,-9999.00,-9999.00,-9999.00,0,0,1
2022-06-03T16:08:55,40.765667,-111.908089,1332.10,-9999.00,-9999.00,-9999.00,13.70,22.66,23.85,24.83,3.00,2.00,22.72,27.00,867.50,0.00,4.00,2.17,26.90,818.80,-9999.00,-9999.00,-9999.00,-9999.00,-9999.00,-9999.00,-9999.00,0,0,1
2022-06-03T16:09:00,40.765663,-111.908089,1332.10,-9999.00,-9999.00,-9999.00,13.70,22.66,23.85,24.97,3.00,2.00,22.72,27.00,867.60,0.00,5.10,2.17,27.00,818.70,-9999.00,-9999.00,-9999.00,-9999.00,-9999.00,-9999.00,-9999.00,0,0,1
2022-06-03T16:09:05,40.765659,-111.908089,1332.00,-9999.00,-9999.00,-9999.00,13.70,22.67,23.85,25.06,4.00,2.00,22.72,27.00,867.60,0.00,9.20,2.17,27.00,819.40,-9999.00,-9999.00,-9999.00,-9999.00,-9999.00,-9999.00,-9999.00,0,0,1
2022-06-03T16:09:10,40.765663,-111.908104,1332.00,-9999.00,-9999.00,-9999.00,13.70,22.67,23.85,25.03,4.00,2.00,22.72,27.00,867.50,0.00,4.20,2.18,27.00,819.40,-9999.00,-9999.00,-9999.00,-9999.00,-9999.00,-9999.00,-9999.00,0,0,1
2022-06-03T16:09:15,40.765663,-111.908112,1331.90,-9999.00,-9999.00,-9999.00,13.70,22.67,23.87,24.84,3.00,2.00,22.72,27.00,867.70,0.00,6.80,2.18,27.10,818.70,-9999.00,-9999.00,-9999.00,-9999.00,-9999.00,-9999.00,-9999.00,0,0,1
2022-06-03T16:09:20,40.765671,-111.908119,1331.30,-9999.00,-9999.00,-9999.00,13.70,22.67,23.87,24.79,4.00,2.00,22.72,27.00,867.50,0.00,7.20,2.17,27.10,818.70,-9999.00,-9999.00,-9999.00,-9999.00,-9999.00,-9999.00,-9999.00,0,0,1
2022-06-03T16:09:25,40.765671,-111.908119,1331.30,-9999.00,-9999.00,-9999.00,13.70,22.68,23.87,24.75,4.00,2.00,22.72,27.00,867.70,0.00,8.40,2.17,27.10,819.30,-9999.00,-9999.00,-9999.00,-9999.00,-9999.00,-9999.00,-9999.00,0,0,1
2022-06-03T16:09:30,40.765675,-111.908119,1330.50,-9999.00,-9999.00,-9999.00,13.70,22.68,23.94,24.74,5.00,2.00,22.72,27.00,867.50,0.00,6.80,2.17,27.20,819.40,-9999.00,-9999.00,-9999.00,-9999.00,-9999.00,-9999.00,-9999.00,0,0,1
2022-06-03T16:09:35,40.765682,-111.908134,1329.50,-9999.00,-9999.00,-9999.00,13.70,22.68,23.91,24.71,4.00,2.00,22.72,27.00,867.50,0.00,3.70,2.17,27.20,818.70,-9999.00,-9999.00,-9999.00,-9999.00,-9999.00,-9999.00,-9999.00,0,0,1
2022-06-03T16:09:40,40.765690,-111.908142,1328.80,-9999.00,-9999.00,-9999.00,13.70,22.69,23.87,24.53,4.00,2.00,22.72,27.00,867.60,0.00,6.50,2.16,27.30,818.80,-9999.00,-9999.00,-9999.00,-9999.00,-9999.00,-9999.00,-9999.00,0,0,1
2022-06-03T16:09:45,40.765682,-111.908150,1328.70,-9999.00,-9999.00,-9999.00,13.70,22.69,23.86,24.49,4.00,2.00,22.72,27.00,867.40,0.00,6.80,2.16,27.30,819.40,-9999.00,-9999.00,-9999.00,-9999.00,-9999.00,-9999.00,-9999.00,0,0,1
2022-06-03T16:09:50,40.765682,-111.908150,1328.70,-9999.00,-9999.00,-9999.00,13.70,22.69,23.87,24.46,4.00,2.00,22.72,27.00,867.50,0.00,4.70,2.16,27.30,819.40,-9999.00,-9999.00,-9999.00,-9999.00,-9999.00,-9999.00,-9999.00,0,0,1
2022-06-03T16:09:55,40.765686,-111.908150,1328.70,-9999.00,-9999.00,-9999.00,13.70,22.69,23.87,24.47,4.00,2.00,22.72,27.00,867.60,0.00,5.60,2.17,27.40,818.70,-9999.00,-9999.00,-9999.00,-9999.00,-9999.00,-9999.00,-9999.00,0,0,1
2022-06-03T16:10:00,40.765686,-111.908150,1328.70,-9999.00,-9999.00,-9999.00,13.70,22.70,23.86,24.53,4.00,2.00,22.72,27.00,867.60,0.00,7.10,2.17,27.40,818.70,-9999.00,-9999.00,-9999.00,-9999.00,-9999.00,-9999.00,-9999.00,0,0,1
2022-06-03T16:10:05,40.765694,-111.908157,1328.70,-9999.00,-9999.00,-9999.00,13.70,22.70,23.87,24.57,4.00,2.00,22.72,27.00,867.50,0.00,11.90,2.18,27.40,819.40,-9999.00,-9999.00,-9999.00,-9999.00,-9999.00,-9999.00,-9999.00,0,0,1
2022-06-03T16:10:10,40.765701,-111.908165,1328.70,-9999.00,-9999.00,-9999.00,13.70,22.70,23.87,24.59,4.00,2.00,22.72,27.00,867.70,0.00,7.30,2.17,27.40,819.40,-9999.00,-9999.00,-9999.00,-9999.00,-9999.00,-9999.00,-9999.00,0,0,1
2022-06-03T16:10:15,40.765705,-111.908157,1328.70,-9999.00,-9999.00,-9999.00,13.70,22.71,23.89,24.57,4.00,2.00,22.72,27.00,867.70,0.00,13.00,2.17,27.50,818.80,-9999.00,-9999.00,-9999.00,-9999.00,-9999.00,-9999.00,-9999.00,0,0,1
2022-06-03T16:10:20,40.765701,-111.908165,1328.80,-9999.00,-9999.00,-9999.00,13.70,22.71,23.89,24.51,4.00,2.00,22.72,27.00,867.60,0.00,13.30,2.16,27.50,818.70,-9999.00,-9999.00,-9999.00,-9999.00,-9999.00,-9999.00,-9999.00,0,0,1
2022-06-03T16:10:25,40.765701,-111.908165,1328.80,-9999.00,-9999.00,-9999.00,13.70,22.71,23.89,24.43,4.00,2.00,22.72,26.00,867.40,0.00,8.90,2.18,27.60,819.40,-9999.00,-9999.00,-9999.00,-9999.00,-9999.00,-9999.00,-9999.00,0,0,1
2022-06-03T16:10:30,40.765694,-111.908165,1328.70,-9999.00,-9999.00,-9999.00,13.70,22.72,23.89,23.97,3.00,2.00,22.72,26.00,867.60,0.00,9.30,2.17,27.60,819.40,-9999.00,-9999.00,-9999.00,-9999.00,-9999.00,-9999.00,-9999.00,0,0,1
2022-06-03T16:10:35,40.765690,-111.908173,1328.70,-9999.00,-9999.00,-9999.00,13.70,22.72,23.88,23.59,3.00,2.00,22.72,26.00,867.40,0.00,10.20,2.17,27.60,818.70,-9999.00,-9999.00,-9999.00,-9999.00,-9999.00,-9999.00,-9999.00,0,0,1
2022-06-03T16:10:40,40.765686,-111.908173,1328.70,-9999.00,-9999.00,-9999.00,13.70,22.72,23.89,23.47,3.00,2.00,22.72,26.00,867.60,0.00,9.80,2.18,27.70,818.70,-9999.00,-9999.00,-9999.00,-9999.00,-9999.00,-9999.00,-9999.00,0,0,1
2022-06-03T16:10:45,40.765682,-111.908173,1328.70,-9999.00,-9999.00,-9999.00,13.70,22.73,23.89,23.48,3.00,2.00,22.72,26.00,867.50,0.00,9.50,2.17,27.70,819.40,-9999.00,-9999.00,-9999.00,-9999.00,-9999.00,-9999.00,-9999.00,0,0,1
2022-06-03T16:10:50,40.765694,-111.908173,1328.70,-9999.00,-9999.00,-9999.00,13.70,22.73,23.89,23.53,6.00,2.00,22.78,26.00,867.40,0.00,6.60,2.17,27.70,819.30,-9999.00,-9999.00,-9999.00,-9999.00,-9999.00,-9999.00,-9999.00,0,0,1
2022-06-03T16:10:55,40.765701,-111.908180,1328.60,-9999.00,-9999.00,-9999.00,13.70,22.73,23.89,23.52,4.00,2.00,22.78,26.00,867.60,0.00,9.20,2.16,27.80,818.80,-9999.00,-9999.00,-9999.00,-9999.00,-9999.00,-9999.00,-9999.00,0,0,1
2022-06-03T16:11:00,40.765697,-111.908180,1328.60,-9999.00,-9999.00,-9999.00,13.70,22.74,23.91,23.53,3.00,2.00,22.78,26.00,867.50,0.00,10.60,2.19,27.80,818.70,-9999.00,-9999.00,-9999.00,-9999.00,-9999.00,-9999.00,-9999.00,0,0,1
2022-06-03T16:11:05,40.765705,-111.908180,1328.60,-9999.00,-9999.00,-9999.00,13.70,22.74,23.90,23.68,3.00,2.00,22.78,26.00,867.50,0.00,7.70,2.17,27.80,819.40,-9999.00,-9999.00,-9999.00,-9999.00,-9999.00,-9999.00,-9999.00,0,0,1
2022-06-03T16:11:10,40.765709,-111.908195,1328.50,-9999.00,-9999.00,-9999.00,13.70,22.74,23.91,23.76,3.00,2.00,22.78,26.00,867.70,0.00,8.80,2.19,27.80,819.40,-9999.00,-9999.00,-9999.00,-9999.00,-9999.00,-9999.00,-9999.00,0,0,1
2022-06-03T16:11:15,40.765713,-111.908195,1328.50,-9999.00,-9999.00,-9999.00,13.70,22.75,23.91,23.85,3.00,2.00,22.78,26.00,867.40,0.00,8.80,2.17,27.90,818.70,-9999.00,-9999.00,-9999.00,-9999.00,-9999.00,-9999.00,-9999.00,0,0,1
2022-06-03T16:11:20,40.765724,-111.908218,1328.70,-9999.00,-9999.00,-9999.00,13.70,22.75,23.90,23.90,4.00,2.00,22.78,26.00,867.60,0.00,9.90,2.18,27.90,818.70,-9999.00,-9999.00,-9999.00,-9999.00,-9999.00,-9999.00,-9999.00,0,0,1
2022-06-03T16:11:25,40.765720,-111.908226,1328.70,-9999.00,-9999.00,-9999.00,13.70,22.75,23.91,23.89,4.00,2.00,22.78,26.00,867.50,0.00,11.80,2.17,28.00,819.30,-9999.00,-9999.00,-9999.00,-9999.00,-9999.00,-9999.00,-9999.00,0,0,1
2022-06-03T16:11:30,40.765724,-111.908234,1328.70,-9999.00,-9999.00,-9999.00,13.70,22.76,23.91,23.84,4.00,2.00,22.78,26.00,867.50,0.00,4.60,2.17,28.00,819.30,-9999.00,-9999.00,-9999.00,-9999.00,-9999.00,-9999.00,-9999.00,0,0,1
2022-06-03T16:11:35,40.765732,-111.908226,1328.80,-9999.00,-9999.00,-9999.00,13.70,22.76,23.91,23.81,4.00,2.00,22.78,26.00,867.60,0.00,8.50,2.17,28.00,818.70,-9999.00,-9999.00,-9999.00,-9999.00,-9999.00,-9999.00,-9999.00,0,0,1
2022-06-03T16:11:40,40.765732,-111.908234,1328.70,-9999.00,-9999.00,-9999.00,13.70,22.76,23.93,23.85,3.00,2.00,22.78,26.00,867.60,0.00,6.70,2.18,28.10,818.70,-9999.00,-9999.00,-9999.00,-9999.00,-9999.00,-9999.00,-9999.00,0,0,1
2022-06-03T16:11:45,40.765736,-111.908241,1328.60,-9999.00,-9999.00,-9999.00,13.70,22.77,23.92,23.89,3.00,2.00,22.78,26.00,867.50,0.00,9.50,2.18,28.10,819.40,-9999.00,-9999.00,-9999.00,-9999.00,-9999.00,-9999.00,-9999.00,0,0,1
2022-06-03T16:11:50,40.765751,-111.908226,1328.50,-9999.00,-9999.00,-9999.00,13.70,22.77,23.98,23.87,4.00,2.00,22.78,27.00,867.50,0.00,9.50,2.16,28.10,819.40,-9999.00,-9999.00,-9999.00,-9999.00,-9999.00,-9999.00,-9999.00,0,0,1
2022-06-03T16:11:55,40.765751,-111.908218,1328.50,-9999.00,-9999.00,-9999.00,13.70,22.77,23.97,23.97,4.00,2.00,22.78,27.00,867.50,0.00,6.90,2.18,28.20,818.70,-9999.00,-9999.00,-9999.00,-9999.00,-9999.00,-9999.00,-9999.00,0,0,1
2022-06-03T16:12:00,40.765751,-111.908203,1328.50,-9999.00,-9999.00,-9999.00,13.70,22.78,23.93,24.09,4.00,2.00,22.78,27.00,867.40,0.00,4.00,2.18,28.20,818.70,-9999.00,-9999.00,-9999.00,-9999.00,-9999.00,-9999.00,-9999.00,0,0,1
2022-06-03T16:12:05,40.765755,-111.908203,1328.50,-9999.00,-9999.00,-9999.00,13.70,22.78,23.93,24.33,4.00,2.00,22.78,27.00,867.50,0.00,6.10,2.18,28.20,819.30,-9999.00,-9999.00,-9999.00,-9999.00,-9999.00,-9999.00,-9999.00,0,0,1
2022-06-03T16:12:10,40.765774,-111.908218,1328.40,-9999.00,-9999.00,-9999.00,13.70,22.79,23.95,24.53,4.00,2.00,22.78,27.00,867.40,0.00,6.80,2.18,28.20,819.30,-9999.00,-9999.00,-9999.00,-9999.00,-9999.00,-9999.00,-9999.00,0,0,1
2022-06-03T16:12:15,40.765778,-111.908234,1328.30,-9999.00,-9999.00,-9999.00,13.70,22.79,23.95,24.55,3.00,2.00,22.78,27.00,867.70,0.00,5.30,2.17,28.30,818.70,-9999.00,-9999.00,-9999.00,-9999.00,-9999.00,-9999.00,-9999.00,0,0,1
2022-06-03T16:12:20,40.765781,-111.908241,1328.30,-9999.00,-9999.00,-9999.00,13.70,22.79,23.95,24.44,4.00,2.00,22.78,27.00,867.50,0.00,7.10,2.19,28.30,818.70,-9999.00,-9999.00,-9999.00,-9999.00,-9999.00,-9999.00,-9999.00,0,0,1
2022-06-03T16:12:25,40.765797,-111.908249,1328.30,-9999.00,-9999.00,-9999.00,13.70,22.80,23.95,24.17,3.00,2.00,22.78,27.00,867.60,0.00,9.50,2.18,28.30,819.40,-9999.00,-9999.00,-9999.00,-9999.00,-9999.00,-9999.00,-9999.00,0,0,1
2022-06-03T16:12:30,40.765804,-111.908264,1328.20,-9999.00,-9999.00,-9999.00,13.70,22.80,23.95,24.05,4.00,2.00,22.78,27.00,867.50,0.00,5.50,2.17,28.40,819.30,-9999.00,-9999.00,-9999.00,-9999.00,-9999.00,-9999.00,-9999.00,0,0,1
2022-06-03T16:12:35,40.765808,-111.908264,1328.10,-9999.00,-9999.00,-9999.00,13.70,22.81,23.97,23.89,5.00,2.00,22.78,27.00,867.40,0.00,6.50,2.18,28.40,818.80,-9999.00,-9999.00,-9999.00,-9999.00,-9999.00,-9999.00,-9999.00,0,0,1
2022-06-03T16:12:40,40.765808,-111.908257,1328.40,-9999.00,-9999.00,-9999.00,13.70,22.81,23.96,23.83,5.00,2.00,22.78,27.00,867.60,0.00,9.60,2.16,28.40,818.70,-9999.00,-9999.00,-9999.00,-9999.00,-9999.00,-9999.00,-9999.00,0,0,1
2022-06-03T16:12:45,40.765808,-111.908279,1328.20,-9999.00,-9999.00,-9999.00,13.70,22.81,23.97,23.84,5.00,2.00,22.78,27.00,867.40,0.00,6.90,2.17,28.40,819.30,-9999.00,-9999.00,-9999.00,-9999.00,-9999.00,-9999.00,-9999.00,0,0,1
2022-06-03T16:12:50,40.765808,-111.908295,1328.00,-9999.00,-9999.00,-9999.00,13.70,22.82,23.97,23.89,4.00,2.00,22.89,27.00,867.70,0.00,7.60,2.19,28.50,819.40,-9999.00,-9999.00,-9999.00,-9999.00,-9999.00,-9999.00,-9999.00,0,0,1
2022-06-03T16:12:55,40.765808,-111.908302,1328.00,-9999.00,-9999.00,-9999.00,13.70,22.82,23.97,23.93,5.00,2.00,22.89,27.00,867.40,0.00,7.70,2.19,28.50,818.70,-9999.00,-9999.00,-9999.00,-9999.00,-9999.00,-9999.00,-9999.00,0,0,1
2022-06-03T16:13:00,40.765823,-111.908333,1327.40,-9999.00,-9999.00,-9999.00,13.70,22.83,23.98,23.98,4.00,2.00,22.89,27.00,867.60,0.00,9.30,2.17,28.50,818.70,-9999.00,-9999.00,-9999.00,-9999.00,-9999.00,-9999.00,-9999.00,0,0,1
2022-06-03T16:13:05,40.765842,-111.908356,1327.10,-9999.00,-9999.00,-9999.00,13.70,22.83,23.99,23.97,3.00,2.00,22.89,27.00,867.50,0.00,8.90,2.19,28.60,819.40,-9999.00,-9999.00,-9999.00,-9999.00,-9999.00,-9999.00,-9999.00,0,0,1
2022-06-03T16:13:10,40.765850,-111.908363,1327.10,-9999.00,-9999.00,-9999.00,13.70,22.83,23.99,23.91,4.00,2.00,22.89,27.00,867.50,0.00,6.40,2.18,28.60,819.40,-9999.00,-9999.00,-9999.00,-9999.00,-9999.00,-9999.00,-9999.00,0,0,1
2022-06-03T16:13:15,40.765858,-111.908394,1327.00,-9999.00,-9999.00,-9999.00,13.70,22.84,23.99,23.79,4.00,2.00,22.89,27.00,867.50,0.00,7.00,2.18,28.60,818.70,-9999.00,-9999.00,-9999.00,-9999.00,-9999.00,-9999.00,-9999.00,0,0,1
2022-06-03T16:13:20,40.765865,-111.908417,1326.90,-9999.00,-9999.00,-9999.00,13.70,22.84,23.99,23.79,3.00,2.00,22.89,27.00,867.40,0.00,6.10,2.19,28.70,818.80,-9999.00,-9999.00,-9999.00,-9999.00,-9999.00,-9999.00,-9999.00,0,0,1
2022-06-03T16:13:25,40.765865,-111.908417,1326.90,-9999.00,-9999.00,-9999.00,13.70,22.85,23.99,23.81,3.00,2.00,22.89,27.00,867.50,0.00,7.60,2.19,28.70,819.40,-9999.00,-9999.00,-9999.00,-9999.00,-9999.00,-9999.00,-9999.00,0,0,1
2022-06-03T16:13:30,40.765862,-111.908424,1326.90,-9999.00,-9999.00,-9999.00,13.70,22.85,23.99,23.81,3.00,2.00,22.89,27.00,867.40,0.00,5.70,2.19,28.70,819.30,-9999.00,-9999.00,-9999.00,-9999.00,-9999.00,-9999.00,-9999.00,0,0,1
2022-06-03T16:13:35,40.765854,-111.908447,1326.80,-9999.00,-9999.00,-9999.00,13.70,22.85,24.00,23.81,3.00,2.00,22.89,27.00,867.60,0.00,10.10,2.19,28.80,818.80,-9999.00,-9999.00,-9999.00,-9999.00,-9999.00,-9999.00,-9999.00,0,0,1
2022-06-03T16:13:40,40.765846,-111.908440,1326.60,-9999.00,-9999.00,-9999.00,13.70,22.86,24.01,23.81,3.00,2.00,22.89,27.00,867.40,0.00,5.70,2.17,28.80,818.70,-9999.00,-9999.00,-9999.00,-9999.00,-9999.00,-9999.00,-9999.00,0,0,1
2022-06-03T16:13:45,40.765839,-111.908440,1326.60,-9999.00,-9999.00,-9999.00,13.70,22.86,24.01,23.82,4.00,2.00,22.89,26.00,867.30,0.00,10.10,2.17,28.80,819.30,-9999.00,-9999.00,-9999.00,-9999.00,-9999.00,-9999.00,-9999.00,0,0,1
2022-06-03T16:13:50,40.765839,-111.908447,1326.60,-9999.00,-9999.00,-9999.00,13.70,22.87,24.01,23.89,4.00,2.00,22.89,26.00,867.60,0.00,10.70,2.18,28.80,819.40,-9999.00,-9999.00,-9999.00,-9999.00,-9999.00,-9999.00,-9999.00,0,0,1
2022-06-03T16:13:55,40.765839,-111.908440,1326.50,-9999.00,-9999.00,-9999.00,13.70,22.87,24.02,23.85,4.00,2.00,22.89,26.00,867.50,0.00,10.00,2.19,28.90,818.80,-9999.00,-9999.00,-9999.00,-9999.00,-9999.00,-9999.00,-9999.00,0,0,1
2022-06-03T16:14:00,40.765835,-111.908424,1326.50,-9999.00,-9999.00,-9999.00,13.70,22.88,24.02,23.66,3.00,2.00,22.89,26.00,867.60,0.00,8.50,2.18,28.90,818.80,-9999.00,-9999.00,-9999.00,-9999.00,-9999.00,-9999.00,-9999.00,0,0,1
2022-06-03T16:14:05,40.765835,-111.908394,1326.50,-9999.00,-9999.00,-9999.00,13.70,22.88,24.03,23.54,4.00,2.00,22.89,26.00,867.50,0.00,10.30,2.19,28.90,819.30,-9999.00,-9999.00,-9999.00,-9999.00,-9999.00,-9999.00,-9999.00,0,0,1
2022-06-03T16:14:10,40.765831,-111.908394,1326.50,-9999.00,-9999.00,-9999.00,13.70,22.88,24.09,23.45,3.00,2.00,22.89,26.00,867.40,0.00,11.70,2.19,28.90,819.40,-9999.00,-9999.00,-9999.00,-9999.00,-9999.00,-9999.00,-9999.00,0,0,1
2022-06-03T16:14:15,40.765831,-111.908386,1326.50,-9999.00,-9999.00,-9999.00,13.70,22.89,24.07,23.38,4.00,2.00,22.89,26.00,867.70,0.00,6.30,2.18,29.00,818.80,-9999.00,-9999.00,-9999.00,-9999.00,-9999.00,-9999.00,-9999.00,0,0,1
2022-06-03T16:14:20,40.765831,-111.908379,1326.50,-9999.00,-9999.00,-9999.00,13.70,22.89,24.03,23.18,3.00,2.00,22.89,26.00,867.40,0.00,8.70,2.18,29.00,818.80,-9999.00,-9999.00,-9999.00,-9999.00,-9999.00,-9999.00,-9999.00,0,0,1
2022-06-03T16:14:25,40.765827,-111.908371,1326.40,-9999.00,-9999.00,-9999.00,13.18,22.90,24.03,23.11,4.00,2.00,22.89,26.00,867.70,0.00,10.40,2.19,29.00,819.40,-9999.00,-9999.00,-9999.00,-9999.00,-9999.00,-9999.00,-9999.00,0,0,1
2022-06-03T16:14:30,40.765827,-111.908371,1326.40,-9999.00,-9999.00,-9999.00,13.18,22.90,24.03,23.07,3.00,2.00,23.00,26.00,867.50,0.00,8.20,2.19,29.10,819.40,-9999.00,-9999.00,-9999.00,-9999.00,-9999.00,-9999.00,-9999.00,0,0,1
2022-06-03T16:14:35,40.765827,-111.908363,1326.00,-9999.00,-9999.00,-9999.00,13.19,22.91,24.03,23.02,4.00,2.00,23.00,26.00,867.70,0.00,9.50,2.18,29.10,818.70,-9999.00,-9999.00,-9999.00,-9999.00,-9999.00,-9999.00,-9999.00,0,0,1
2022-06-03T16:14:40,40.765820,-111.908363,1324.70,-9999.00,-9999.00,-9999.00,13.19,22.91,24.05,23.06,3.00,2.00,23.00,26.00,867.60,0.00,9.90,2.18,29.10,818.70,-9999.00,-9999.00,-9999.00,-9999.00,-9999.00,-9999.00,-9999.00,0,0,1
2022-06-03T16:14:45,40.765823,-111.908371,1323.50,-9999.00,-9999.00,-9999.00,13.18,22.92,24.05,23.07,4.00,2.00,23.00,26.00,867.40,0.00,9.90,2.18,29.10,819.40,-9999.00,-9999.00,-9999.00,-9999.00,-9999.00,-9999.00,-9999.00,0,0,1
2022-06-03T16:14:50,40.765831,-111.908371,1322.70,-9999.00,-9999.00,-9999.00,13.18,22.92,24.05,22.98,4.00,2.00,23.00,26.00,867.50,0.00,9.20,2.19,29.20,819.40,-9999.00,-9999.00,-9999.00,-9999.00,-9999.00,-9999.00,-9999.00,0,0,1
2022-06-03T16:14:55,40.765823,-111.908386,1321.70,-9999.00,-9999.00,-9999.00,13.18,22.92,24.05,22.94,3.00,2.00,23.00,26.00,867.60,0.00,8.80,2.19,29.20,818.70,-9999.00,-9999.00,-9999.00,-9999.00,-9999.00,-9999.00,-9999.00,0,0,1
2022-06-03T16:15:00,40.765831,-111.908379,1321.50,-9999.00,-9999.00,-9999.00,13.18,22.93,24.07,22.86,4.00,2.00,23.00,26.00,867.40,0.00,11.60,2.20,29.20,818.80,-9999.00,-9999.00,-9999.00,-9999.00,-9999.00,-9999.00,-9999.00,0,0,1
2022-06-03T16:15:05,40.765808,-111.908379,1320.40,-9999.00,-9999.00,-9999.00,13.18,22.93,24.06,22.86,4.00,2.00,23.00,26.00,867.60,0.00,9.30,2.19,29.20,819.40,-9999.00,-9999.00,-9999.00,-9999.00,-9999.00,-9999.00,-9999.00,0,0,1
2022-06-03T16:15:10,40.765804,-111.908394,1319.50,-9999.00,-9999.00,-9999.00,13.18,22.94,24.07,22.94,3.00,2.00,23.00,26.00,867.50,0.00,10.30,2.18,29.30,819.30,-9999.00,-9999.00,-9999.00,-9999.00,-9999.00,-9999.00,-9999.00,0,0,1
2022-06-03T16:15:15,40.765808,-111.908394,1319.30,-9999.00,-9999.00,-9999.00,13.18,22.94,24.09,22.97,2.00,2.00,23.00,26.00,867.50,0.00,11.20,2.20,29.30,818.70,-9999.00,-9999.00,-9999.00,-9999.00,-9999.00,-9999.00,-9999.00,0,0,1
2022-06-03T16:15:20,40.765808,-111.908386,1319.30,-9999.00,-9999.00,-9999.00,13.18,22.95,24.08,22.96,3.00,2.00,23.00,26.00,867.70,0.00,8.70,2.19,29.30,818.70,-9999.00,-9999.00,-9999.00,-9999.00,-9999.00,-9999.00,-9999.00,0,0,1
2022-06-03T16:15:25,40.765808,-111.908401,1318.70,-9999.00,-9999.00,-9999.00,13.19,22.95,24.09,22.96,5.00,2.00,23.00,26.00,867.50,0.00,7.30,2.19,29.30,819.40,-9999.00,-9999.00,-9999.00,-9999.00,-9999.00,-9999.00,-9999.00,0,0,1
2022-06-03T16:15:30,40.765804,-111.908409,1318.60,-9999.00,-9999.00,-9999.00,13.18,22.96,24.10,23.01,4.00,2.00,23.00,25.00,867.30,0.00,8.20,2.18,29.40,819.40,-9999.00,-9999.00,-9999.00,-9999.00,-9999.00,-9999.00,-9999.00,0,0,1
2022-06-03T16:15:35,40.765808,-111.908409,1318.60,-9999.00,-9999.00,-9999.00,13.19,22.96,24.09,23.01,3.00,2.00,23.00,26.00,867.40,0.00,7.30,2.18,29.40,818.80,-9999.00,-9999.00,-9999.00,-9999.00,-9999.00,-9999.00,-9999.00,0,0,1
2022-06-03T16:15:40,40.765800,-111.908409,1318.50,-9999.00,-9999.00,-9999.00,13.19,22.97,24.11,23.02,3.00,2.00,23.00,26.00,867.70,0.00,7.60,2.17,29.40,818.80,-9999.00,-9999.00,-9999.00,-9999.00,-9999.00,-9999.00,-9999.00,0,0,1
2022-06-03T16:15:45,40.765797,-111.908401,1318.40,-9999.00,-9999.00,-9999.00,13.19,22.97,24.11,23.03,4.00,2.00,23.00,26.00,867.50,0.00,6.70,2.18,29.50,819.40,-9999.00,-9999.00,-9999.00,-9999.00,-9999.00,-9999.00,-9999.00,0,0,1
2022-06-03T16:15:50,40.765789,-111.908401,1318.40,-9999.00,-9999.00,-9999.00,13.18,22.98,24.11,23.18,4.00,2.00,23.00,26.00,867.40,0.00,5.30,2.19,29.50,819.40,-9999.00,-9999.00,-9999.00,-9999.00,-9999.00,-9999.00,-9999.00,0,0,1
2022-06-03T16:15:55,40.765781,-111.908394,1318.30,-9999.00,-9999.00,-9999.00,13.19,22.98,24.11,23.18,4.00,2.00,23.00,26.00,867.40,0.00,10.70,2.19,29.50,818.80,-9999.00,-9999.00,-9999.00,-9999.00,-9999.00,-9999.00,-9999.00,0,0,1
2022-06-03T16:16:00,40.765778,-111.908386,1318.30,-9999.00,-9999.00,-9999.00,13.18,22.98,24.11,23.19,4.00,2.00,23.00,26.00,867.70,0.00,6.80,2.19,29.50,818.70,-9999.00,-9999.00,-9999.00,-9999.00,-9999.00,-9999.00,-9999.00,0,0,1
2022-06-03T16:16:05,40.765774,-111.908379,1318.30,-9999.00,-9999.00,-9999.00,13.19,22.99,24.11,23.21,4.00,2.00,23.00,26.00,867.40,0.00,9.10,2.17,29.60,819.40,-9999.00,-9999.00,-9999.00,-9999.00,-9999.00,-9999.00,-9999.00,0,0,1
2022-06-03T16:16:10,40.765766,-111.908379,1318.20,-9999.00,-9999.00,-9999.00,13.19,22.99,24.13,23.22,4.00,2.00,23.00,26.00,867.50,0.00,9.40,2.19,29.60,819.40,-9999.00,-9999.00,-9999.00,-9999.00,-9999.00,-9999.00,-9999.00,0,0,1
2022-06-03T16:16:15,40.765766,-111.908379,1318.20,-9999.00,-9999.00,-9999.00,13.18,23.00,24.13,23.23,4.00,2.00,23.00,26.00,867.70,0.00,8.40,2.19,29.60,818.70,-9999.00,-9999.00,-9999.00,-9999.00,-9999.00,-9999.00,-9999.00,0,0,1
2022-06-03T16:16:20,40.765762,-111.908379,1318.10,-9999.00,-9999.00,-9999.00,13.19,23.00,24.13,23.23,3.00,2.00,23.11,26.00,867.50,0.00,7.20,2.19,29.60,818.80,-9999.00,-9999.00,-9999.00,-9999.00,-9999.00,-9999.00,-9999.00,0,0,1
2022-06-03T16:16:25,40.765755,-111.908386,1318.00,-9999.00,-9999.00,-9999.00,14.18,23.01,24.13,23.23,4.00,2.00,23.11,26.00,867.50,0.00,4.00,2.19,29.70,819.40,-9999.00,-9999.00,-9999.00,-9999.00,-9999.00,-9999.00,-9999.00,0,0,1
2022-06-03T16:16:30,40.765755,-111.908394,1318.00,-9999.00,-9999.00,-9999.00,13.67,23.01,24.16,23.26,3.00,2.00,23.11,26.00,867.40,0.00,5.60,2.19,29.70,819.40,-9999.00,-9999.00,-9999.00,-9999.00,-9999.00,-9999.00,-9999.00,0,0,1
2022-06-03T16:16:35,40.765747,-111.908394,1318.00,-9999.00,-9999.00,-9999.00,13.67,23.02,24.15,23.27,4.00,2.00,23.11,26.00,867.40,0.00,7.40,2.18,29.70,818.70,-9999.00,-9999.00,-9999.00,-9999.00,-9999.00,-9999.00,-9999.00,0,0,1
2022-06-03T16:16:40,40.765739,-111.908409,1317.60,-9999.00,-9999.00,-9999.00,13.66,23.02,24.13,23.29,3.00,2.00,23.11,26.00,867.40,0.00,8.40,2.18,29.70,818.80,-9999.00,-9999.00,-9999.00,-9999.00,-9999.00,-9999.00,-9999.00,0,0,1
2022-06-03T16:16:45,40.765728,-111.908409,1317.00,-9999.00,-9999.00,-9999.00,13.66,23.03,24.13,23.40,3.00,2.00,23.11,26.00,867.70,0.00,4.80,2.19,29.80,819.40,-9999.00,-9999.00,-9999.00,-9999.00,-9999.00,-9999.00,-9999.00,0,0,1
2022-06-03T16:16:50,40.765717,-111.908455,1316.40,-9999.00,-9999.00,-9999.00,13.67,23.03,24.13,23.47,4.00,2.00,23.11,26.00,867.60,0.00,4.40,2.18,29.80,819.40,-9999.00,-9999.00,-9999.00,-9999.00,-9999.00,-9999.00,-9999.00,0,0,1
2022-06-03T16:16:55,40.765705,-111.908524,1315.80,-9999.00,-9999.00,-9999.00,13.67,23.04,24.13,23.53,5.00,2.00,23.11,26.00,867.40,0.00,5.20,2.20,29.80,818.80,-9999.00,-9999.00,-9999.00,-9999.00,-9999.00,-9999.00,-9999.00,0,0,1
2022-06-03T16:17:00,40.765705,-111.908539,1315.60,-9999.00,-9999.00,-9999.00,13.67,23.04,24.15,23.52,4.00,2.00,23.11,26.00,867.50,0.00,5.00,2.19,29.80,818.80,-9999.00,-9999.00,-9999.00,-9999.00,-9999.00,-9999.00,-9999.00,0,0,1
2022-06-03T16:17:05,40.765705,-111.908554,1315.60,-9999.00,-9999.00,-9999.00,13.67,23.05,24.15,23.53,4.00,2.00,23.11,26.00,867.50,0.00,6.00,2.19,29.90,819.40,-9999.00,-9999.00,-9999.00,-9999.00,-9999.00,-9999.00,-9999.00,0,0,1
2022-06-03T16:17:10,40.765701,-111.908569,1315.50,-9999.00,-9999.00,-9999.00,13.67,23.05,24.15,23.57,4.00,2.00,23.11,26.00,867.50,0.00,8.40,2.19,29.90,819.30,-9999.00,-9999.00,-9999.00,-9999.00,-9999.00,-9999.00,-9999.00,0,0,1
2022-06-03T16:17:15,40.765705,-111.908577,1315.50,-9999.00,-9999.00,-9999.00,13.67,23.06,24.15,23.51,4.00,2.00,23.11,26.00,867.70,0.00,10.80,2.19,29.90,818.80,-9999.00,-9999.00,-9999.00,-9999.00,-9999.00,-9999.00,-9999.00,0,0,1
2022-06-03T16:17:20,40.765705,-111.908592,1315.30,-9999.00,-9999.00,-9999.00,13.67,23.06,24.15,23.33,4.00,2.00,23.11,26.00,867.50,0.00,7.20,2.19,29.90,818.80,-9999.00,-9999.00,-9999.00,-9999.00,-9999.00,-9999.00,-9999.00,0,0,1
2022-06-03T16:17:25,40.765701,-111.908607,1315.30,-9999.00,-9999.00,-9999.00,13.66,23.07,24.15,23.33,5.00,2.00,23.11,26.00,867.50,0.00,7.50,2.19,30.00,819.40,-9999.00,-9999.00,-9999.00,-9999.00,-9999.00,-9999.00,-9999.00,0,0,1
2022-06-03T16:17:30,40.765701,-111.908623,1315.20,-9999.00,-9999.00,-9999.00,13.66,23.07,24.15,23.32,5.00,2.00,23.11,26.00,867.40,0.00,5.00,2.19,30.00,819.40,-9999.00,-9999.00,-9999.00,-9999.00,-9999.00,-9999.00,-9999.00,0,0,1
2022-06-03T16:17:35,40.765697,-111.908646,1315.10,-9999.00,-9999.00,-9999.00,13.67,23.08,24.15,23.35,4.00,2.00,23.11,26.00,867.70,0.00,7.70,2.19,30.00,818.80,-9999.00,-9999.00,-9999.00,-9999.00,-9999.00,-9999.00,-9999.00,0,0,1
2022-06-03T16:17:40,40.765701,-111.908669,1314.80,-9999.00,-9999.00,-9999.00,13.66,23.08,24.15,23.37,5.00,2.00,23.11,26.00,867.50,0.00,7.00,2.19,30.00,818.70,-9999.00,-9999.00,-9999.00,-9999.00,-9999.00,-9999.00,-9999.00,0,0,1
2022-06-03T16:17:45,40.765705,-111.908684,1314.70,-9999.00,-9999.00,-9999.00,13.66,23.09,24.15,23.36,3.00,2.00,23.22,26.00,867.50,0.00,6.30,2.19,30.10,819.50,-9999.00,-9999.00,-9999.00,-9999.00,-9999.00,-9999.00,-9999.00,0,0,1
2022-06-03T16:17:50,40.765705,-111.908691,1314.70,-9999.00,-9999.00,-9999.00,13.66,23.09,24.15,23.38,3.00,2.00,23.11,26.00,867.50,0.00,7.70,2.19,30.10,819.40,-9999.00,-9999.00,-9999.00,-9999.00,-9999.00,-9999.00,-9999.00,0,0,1
2022-06-03T16:17:55,40.765705,-111.908684,1314.40,-9999.00,-9999.00,-9999.00,13.66,23.10,24.16,23.47,4.00,2.00,23.11,26.00,867.70,0.00,8.00,2.20,30.10,818.80,-9999.00,-9999.00,-9999.00,-9999.00,-9999.00,-9999.00,-9999.00,0,0,1
2022-06-03T16:18:00,40.765705,-111.908684,1314.20,-9999.00,-9999.00,-9999.00,13.67,23.10,24.15,23.51,4.00,2.00,23.22,26.00,867.50,0.00,7.20,2.19,30.10,818.80,-9999.00,-9999.00,-9999.00,-9999.00,-9999.00,-9999.00,-9999.00,0,0,1
2022-06-03T16:18:05,40.765701,-111.908691,1314.20,-9999.00,-9999.00,-9999.00,13.67,23.11,24.16,23.53,3.00,2.00,23.22,26.00,867.40,0.00,5.80,2.19,30.20,819.40,-9999.00,-9999.00,-9999.00,-9999.00,-9999.00,-9999.00,-9999.00,0,0,1
2022-06-03T16:18:10,40.765705,-111.908699,1314.20,-9999.00,-9999.00,-9999.00,13.66,23.11,24.17,23.57,3.00,2.00,23.22,26.00,867.40,0.00,5.10,2.20,30.20,819.40,-9999.00,-9999.00,-9999.00,-9999.00,-9999.00,-9999.00,-9999.00,0,0,1
2022-06-03T16:18:15,40.765709,-111.908760,1313.70,-9999.00,-9999.00,-9999.00,13.66,23.12,24.17,23.63,4.00,2.00,23.22,26.00,867.70,0.00,8.00,2.19,30.20,818.70,-9999.00,-9999.00,-9999.00,-9999.00,-9999.00,-9999.00,-9999.00,0,0,1
2022-06-03T16:18:20,40.765713,-111.908783,1313.40,-9999.00,-9999.00,-9999.00,13.66,23.12,24.17,23.65,4.00,2.00,23.22,26.00,867.70,0.00,7.10,2.19,30.20,818.70,-9999.00,-9999.00,-9999.00,-9999.00,-9999.00,-9999.00,-9999.00,0,0,1
2022-06-03T16:18:25,40.765709,-111.908791,1313.40,-9999.00,-9999.00,-9999.00,13.67,23.13,24.18,23.70,4.00,2.00,23.22,26.00,867.70,0.00,6.40,2.19,30.20,819.50,-9999.00,-9999.00,-9999.00,-9999.00,-9999.00,-9999.00,-9999.00,0,0,1
2022-06-03T16:18:30,40.765709,-111.908783,1312.50,-9999.00,-9999.00,-9999.00,13.67,23.13,24.17,23.75,4.00,2.00,23.22,26.00,867.60,0.00,4.00,2.19,30.30,819.40,-9999.00,-9999.00,-9999.00,-9999.00,-9999.00,-9999.00,-9999.00,0,0,1
2022-06-03T16:18:35,40.765713,-111.908775,1311.00,-9999.00,-9999.00,-9999.00,13.67,23.14,24.17,23.74,4.00,2.00,23.22,26.00,867.50,0.00,7.20,2.20,30.30,818.70,-9999.00,-9999.00,-9999.00,-9999.00,-9999.00,-9999.00,-9999.00,0,0,1
2022-06-03T16:18:40,40.765713,-111.908768,1309.70,-9999.00,-9999.00,-9999.00,13.67,23.14,24.17,23.75,3.00,2.00,23.22,26.00,867.50,0.00,6.20,2.20,30.30,818.70,-9999.00,-9999.00,-9999.00,-9999.00,-9999.00,-9999.00,-9999.00,0,0,1
2022-06-03T16:18:45,40.765720,-111.908745,1308.20,-9999.00,-9999.00,-9999.00,13.66,23.15,24.17,23.75,3.00,2.00,23.22,26.00,867.50,0.00,4.10,2.18,30.30,819.40,-9999.00,-9999.00,-9999.00,-9999.00,-9999.00,-9999.00,-9999.00,0,0,1
2022-06-03T16:18:50,40.765717,-111.908737,1307.50,-9999.00,-9999.00,-9999.00,13.66,23.15,24.17,23.74,3.00,2.00,23.22,26.00,867.40,0.00,7.60,2.19,30.40,819.30,-9999.00,-9999.00,-9999.00,-9999.00,-9999.00,-9999.00,-9999.00,0,0,1
2022-06-03T16:18:55,40.765717,-111.908752,1307.10,-9999.00,-9999.00,-9999.00,13.67,23.16,24.20,23.86,4.00,2.00,23.22,26.00,867.40,0.00,5.00,2.19,30.40,818.70,-9999.00,-9999.00,-9999.00,-9999.00,-9999.00,-9999.00,-9999.00,0,0,1
2022-06-03T16:19:00,40.765713,-111.908760,1307.00,-9999.00,-9999.00,-9999.00,13.66,23.16,24.17,23.92,3.00,2.00,23.22,26.00,867.70,0.00,5.80,2.20,30.40,818.70,-9999.00,-9999.00,-9999.00,-9999.00,-9999.00,-9999.00,-9999.00,0,0,1
2022-06-03T16:19:05,40.765705,-111.908768,1306.90,-9999.00,-9999.00,-9999.00,13.67,23.17,24.19,23.80,3.00,2.00,23.22,26.00,867.60,0.00,8.70,2.19,30.40,819.40,-9999.00,-9999.00,-9999.00,-9999.00,-9999.00,-9999.00,-9999.00,0,0,1
2022-06-03T16:19:10,40.765701,-111.908768,1306.90,-9999.00,-9999.00,-9999.00,13.66,23.17,24.19,23.81,5.00,2.00,23.22,26.00,867.50,0.00,7.20,2.20,30.40,819.40,-9999.00,-9999.00,-9999.00,-9999.00,-9999.00,-9999.00,-9999.00,0,0,1
2022-06-03T16:19:15,40.765709,-111.908768,1306.80,-9999.00,-9999.00,-9999.00,13.67,23.18,24.19,23.81,3.00,2.00,23.22,26.00,867.60,0.00,7.40,2.20,30.50,818.80,-9999.00,-9999.00,-9999.00,-9999.00,-9999.00,-9999.00,-9999.00,0,0,1
2022-06-03T16:19:20,40.765713,-111.908775,1306.80,-9999.00,-9999.00,-9999.00,13.67,23.18,24.19,23.45,3.00,2.00,23.22,26.00,867.60,0.00,8.70,2.19,30.50,818.70,-9999.00,-9999.00,-9999.00,-9999.00,-9999.00,-9999.00,-9999.00,0,0,1
2022-06-03T16:19:25,40.765713,-111.908775,1306.80,-9999.00,-9999.00,-9999.00,13.67,23.19,24.19,23.31,3.00,2.00,23.22,26.00,867.60,0.00,6.70,2.19,30.50,819.30,-9999.00,-9999.00,-9999.00,-9999.00,-9999.00,-9999.00,-9999.00,0,0,1
2022-06-03T16:19:30,40.765724,-111.908783,1306.50,-9999.00,-9999.00,-9999.00,13.66,23.19,24.20,23.31,4.00,2.00,23.22,26.00,867.40,0.00,4.90,2.19,30.50,819.40,-9999.00,-9999.00,-9999.00,-9999.00,-9999.00,-9999.00,-9999.00,0,0,1
2022-06-03T16:19:35,40.765732,-111.908783,1305.80,-9999.00,-9999.00,-9999.00,13.66,23.20,24.19,23.32,6.00,2.00,23.22,26.00,867.70,0.00,6.90,2.19,30.60,818.70,-9999.00,-9999.00,-9999.00,-9999.00,-9999.00,-9999.00,-9999.00,0,0,1
2022-06-03T16:19:40,40.765732,-111.908783,1305.30,-9999.00,-9999.00,-9999.00,13.67,23.21,24.19,23.52,4.00,2.00,23.22,26.00,867.50,0.00,7.60,2.20,30.60,818.70,-9999.00,-9999.00,-9999.00,-9999.00,-9999.00,-9999.00,-9999.00,0,0,1
2022-06-03T16:19:45,40.765736,-111.908791,1305.10,-9999.00,-9999.00,-9999.00,13.67,23.21,24.19,23.57,4.00,2.00,23.22,26.00,867.50,0.00,6.80,2.20,30.60,819.40,-9999.00,-9999.00,-9999.00,-9999.00,-9999.00,-9999.00,-9999.00,0,0,1
2022-06-03T16:19:50,40.765743,-111.908798,1305.10,-9999.00,-9999.00,-9999.00,13.66,23.22,24.19,23.47,3.00,2.00,23.22,26.00,867.70,0.00,6.50,2.19,30.60,819.30,-9999.00,-9999.00,-9999.00,-9999.00,-9999.00,-9999.00,-9999.00,0,0,1
2022-06-03T16:19:55,40.765743,-111.908798,1305.00,-9999.00,-9999.00,-9999.00,13.66,23.22,24.19,23.51,3.00,2.00,23.22,26.00,867.40,0.00,3.30,2.19,30.70,818.70,-9999.00,-9999.00,-9999.00,-9999.00,-9999.00,-9999.00,-9999.00,0,0,1
2022-06-03T16:20:00,40.765743,-111.908798,1305.10,-9999.00,-9999.00,-9999.00,13.67,23.23,24.19,23.65,3.00,2.00,23.22,26.00,867.50,0.00,5.20,2.19,30.70,818.60,-9999.00,-9999.00,-9999.00,-9999.00,-9999.00,-9999.00,-9999.00,0,0,1
2022-06-03T16:20:05,40.765739,-111.908806,1305.10,-9999.00,-9999.00,-9999.00,13.66,23.23,24.21,23.73,2.00,2.00,23.28,26.00,867.60,0.00,4.70,2.20,30.70,819.30,-9999.00,-9999.00,-9999.00,-9999.00,-9999.00,-9999.00,-9999.00,0,0,1
2022-06-03T16:20:10,40.765739,-111.908813,1305.00,-9999.00,-9999.00,-9999.00,13.67,23.24,24.21,23.57,3.00,2.00,23.28,26.00,867.50,0.00,4.00,2.21,30.70,819.40,-9999.00,-9999.00,-9999.00,-9999.00,-9999.00,-9999.00,-9999.00,0,0,1
2022-06-03T16:20:15,40.765732,-111.908821,1304.90,-9999.00,-9999.00,-9999.00,13.66,23.24,24.22,23.47,4.00,2.00,23.28,26.00,867.50,0.00,5.30,2.20,30.70,818.60,-9999.00,-9999.00,-9999.00,-9999.00,-9999.00,-9999.00,-9999.00,0,0,1
2022-06-03T16:20:20,40.765739,-111.908821,1304.80,-9999.00,-9999.00,-9999.00,13.67,23.25,24.21,23.75,4.00,2.00,23.28,26.00,867.50,0.00,7.20,2.19,30.80,818.70,-9999.00,-9999.00,-9999.00,-9999.00,-9999.00,-9999.00,-9999.00,0,0,1
2022-06-03T16:20:25,40.765739,-111.908813,1304.80,-9999.00,-9999.00,-9999.00,13.67,23.25,24.21,23.86,3.00,2.00,23.28,26.00,867.40,0.00,5.60,2.20,30.80,819.40,-9999.00,-9999.00,-9999.00,-9999.00,-9999.00,-9999.00,-9999.00,0,0,1
2022-06-03T16:20:30,40.765751,-111.908798,1304.90,-9999.00,-9999.00,-9999.00,13.66,23.26,24.21,23.93,3.00,2.00,23.28,26.00,867.50,0.00,2.30,2.20,30.80,819.30,-9999.00,-9999.00,-9999.00,-9999.00,-9999.00,-9999.00,-9999.00,0,0,1
2022-06-03T16:20:35,40.765766,-111.908760,1305.50,-9999.00,-9999.00,-9999.00,13.66,23.26,24.21,23.89,3.00,2.00,23.28,26.00,867.50,0.00,4.60,2.20,30.80,818.70,-9999.00,-9999.00,-9999.00,-9999.00,-9999.00,-9999.00,-9999.00,0,0,1
2022-06-03T16:20:40,40.765766,-111.908737,1306.00,-9999.00,-9999.00,-9999.00,13.67,23.27,24.21,23.83,3.00,2.00,23.28,27.00,867.70,0.00,6.30,2.20,30.90,818.70,-9999.00,-9999.00,-9999.00,-9999.00,-9999.00,-9999.00,-9999.00,0,0,1
2022-06-03T16:20:45,40.765762,-111.908722,1306.10,-9999.00,-9999.00,-9999.00,13.67,23.27,24.21,23.79,3.00,2.00,23.28,27.00,867.40,0.00,1.70,2.20,30.90,819.40,-9999.00,-9999.00,-9999.00,-9999.00,-9999.00,-9999.00,-9999.00,0,0,1
2022-06-03T16:20:50,40.765751,-111.908722,1306.00,-9999.00,-9999.00,-9999.00,13.67,23.28,24.21,23.53,3.00,2.00,23.28,27.00,867.30,0.00,5.50,2.21,30.90,819.30,-9999.00,-9999.00,-9999.00,-9999.00,-9999.00,-9999.00,-9999.00,0,0,1
2022-06-03T16:20:55,40.765743,-111.908714,1305.90,-9999.00,-9999.00,-9999.00,13.67,23.29,24.21,23.51,3.00,2.00,23.28,27.00,867.40,0.00,4.80,2.20,30.90,818.70,-9999.00,-9999.00,-9999.00,-9999.00,-9999.00,-9999.00,-9999.00,0,0,1
2022-06-03T16:21:00,40.765743,-111.908707,1306.00,-9999.00,-9999.00,-9999.00,13.66,23.29,24.21,23.67,3.00,2.00,23.28,27.00,867.60,0.00,5.00,2.20,30.90,818.70,-9999.00,-9999.00,-9999.00,-9999.00,-9999.00,-9999.00,-9999.00,0,0,1
2022-06-03T16:21:05,40.765743,-111.908714,1306.30,-9999.00,-9999.00,-9999.00,13.67,23.30,24.23,23.79,4.00,2.00,23.28,27.00,867.40,0.00,3.70,2.19,31.00,819.30,-9999.00,-9999.00,-9999.00,-9999.00,-9999.00,-9999.00,-9999.00,0,0,1
2022-06-03T16:21:10,40.765736,-111.908722,1306.30,-9999.00,-9999.00,-9999.00,13.66,23.30,24.23,23.81,5.00,2.00,23.28,27.00,867.60,0.00,4.50,2.21,31.00,819.40,-9999.00,-9999.00,-9999.00,-9999.00,-9999.00,-9999.00,-9999.00,0,0,1
2022-06-03T16:21:15,40.765739,-111.908722,1306.30,-9999.00,-9999.00,-9999.00,13.66,23.31,24.28,23.65,6.00,2.00,23.28,26.00,867.50,0.00,4.90,2.20,31.00,818.70,-9999.00,-9999.00,-9999.00,-9999.00,-9999.00,-9999.00,-9999.00,0,0,1
2022-06-03T16:21:20,40.765747,-111.908745,1306.40,-9999.00,-9999.00,-9999.00,13.66,23.31,24.23,23.50,5.00,2.00,23.28,26.00,867.30,0.00,5.70,2.19,31.00,818.70,-9999.00,-9999.00,-9999.00,-9999.00,-9999.00,-9999.00,-9999.00,0,0,1
2022-06-03T16:21:25,40.765747,-111.908752,1306.40,-9999.00,-9999.00,-9999.00,13.66,23.32,24.23,23.53,5.00,2.00,23.39,26.00,867.50,0.00,3.90,2.21,31.00,819.40,-9999.00,-9999.00,-9999.00,-9999.00,-9999.00,-9999.00,-9999.00,0,0,1
2022-06-03T16:21:30,40.765739,-111.908760,1306.20,-9999.00,-9999.00,-9999.00,13.67,23.32,24.23,23.57,4.00,2.00,23.39,26.00,867.50,0.00,5.90,2.20,31.10,819.40,-9999.00,-9999.00,-9999.00,-9999.00,-9999.00,-9999.00,-9999.00,0,0,1
2022-06-03T16:21:35,40.765743,-111.908768,1306.20,-9999.00,-9999.00,-9999.00,13.67,23.33,24.23,23.57,4.00,2.00,23.39,26.00,867.40,0.00,10.20,2.20,31.10,818.70,-9999.00,-9999.00,-9999.00,-9999.00,-9999.00,-9999.00,-9999.00,0,0,1
2022-06-03T16:21:40,40.765743,-111.908768,1306.20,-9999.00,-9999.00,-9999.00,13.66,23.33,24.25,23.59,7.00,2.00,23.39,26.00,867.40,0.00,7.30,2.20,31.10,818.70,-9999.00,-9999.00,-9999.00,-9999.00,-9999.00,-9999.00,-9999.00,0,0,1
2022-06-03T16:21:45,40.765747,-111.908775,1306.10,-9999.00,-9999.00,-9999.00,13.66,23.34,24.25,23.61,5.00,2.00,23.39,26.00,867.40,0.00,10.30,2.20,31.10,819.40,-9999.00,-9999.00,-9999.00,-9999.00,-9999.00,-9999.00,-9999.00,0,0,1
2022-06-03T16:21:50,40.765751,-111.908783,1306.10,-9999.00,-9999.00,-9999.00,13.66,23.35,24.25,23.63,4.00,2.00,23.39,26.00,867.60,0.00,7.00,2.20,31.10,819.40,-9999.00,-9999.00,-9999.00,-9999.00,-9999.00,-9999.00,-9999.00,0,0,1
2022-06-03T16:21:55,40.765759,-111.908791,1306.10,-9999.00,-9999.00,-9999.00,13.67,23.35,24.25,23.61,4.00,2.00,23.39,26.00,867.30,0.00,6.50,2.21,31.20,818.70,-9999.00,-9999.00,-9999.00,-9999.00,-9999.00,-9999.00,-9999.00,0,0,1
2022-06-03T16:22:00,40.765759,-111.908798,1306.10,-9999.00,-9999.00,-9999.00,13.67,23.36,24.25,23.57,5.00,2.00,23.39,26.00,867.60,0.00,7.90,2.19,31.20,818.70,-9999.00,-9999.00,-9999.00,-9999.00,-9999.00,-9999.00,-9999.00,0,0,1
2022-06-03T16:22:05,40.765759,-111.908798,1306.10,-9999.00,-9999.00,-9999.00,13.66,23.36,24.26,23.55,5.00,2.00,23.39,26.00,867.40,0.00,5.20,2.19,31.20,819.30,-9999.00,-9999.00,-9999.00,-9999.00,-9999.00,-9999.00,-9999.00,0,0,1
2022-06-03T16:22:10,40.765759,-111.908806,1306.10,-9999.00,-9999.00,-9999.00,13.67,23.37,24.25,23.53,4.00,2.00,23.39,26.00,867.50,0.00,5.10,2.21,31.20,819.30,-9999.00,-9999.00,-9999.00,-9999.00,-9999.00,-9999.00,-9999.00,0,0,1
2022-06-03T16:22:15,40.765762,-111.908813,1306.10,-9999.00,-9999.00,-9999.00,13.66,23.37,24.27,23.53,3.00,2.00,23.39,26.00,867.40,0.00,5.80,2.21,31.20,818.70,-9999.00,-9999.00,-9999.00,-9999.00,-9999.00,-9999.00,-9999.00,0,0,1
2022-06-03T16:22:20,40.765766,-111.908813,1306.10,-9999.00,-9999.00,-9999.00,13.67,23.38,24.27,23.53,3.00,2.00,23.39,26.00,867.40,0.00,5.40,2.19,31.30,818.70,-9999.00,-9999.00,-9999.00,-9999.00,-9999.00,-9999.00,-9999.00,0,0,1
2022-06-03T16:22:25,40.765762,-111.908806,1306.00,-9999.00,-9999.00,-9999.00,13.66,23.38,24.27,23.55,5.00,2.00,23.39,26.00,867.60,0.00,5.80,2.21,31.30,819.30,-9999.00,-9999.00,-9999.00,-9999.00,-9999.00,-9999.00,-9999.00,0,0,1
2022-06-03T16:22:30,40.765766,-111.908806,1306.00,-9999.00,-9999.00,-9999.00,13.67,23.39,24.27,23.52,4.00,2.00,23.39,26.00,867.60,0.00,4.60,2.20,31.30,819.30,-9999.00,-9999.00,-9999.00,-9999.00,-9999.00,-9999.00,-9999.00,0,0,1
2022-06-03T16:22:35,40.765766,-111.908813,1305.90,-9999.00,-9999.00,-9999.00,13.67,23.40,24.27,23.51,3.00,2.00,23.39,26.00,867.30,0.00,8.80,2.20,31.30,818.70,-9999.00,-9999.00,-9999.00,-9999.00,-9999.00,-9999.00,-9999.00,0,0,1
2022-06-03T16:22:40,40.765766,-111.908821,1305.90,-9999.00,-9999.00,-9999.00,13.67,23.40,24.27,23.53,3.00,2.00,23.39,26.00,867.40,0.00,8.40,2.21,31.30,818.80,-9999.00,-9999.00,-9999.00,-9999.00,-9999.00,-9999.00,-9999.00,0,0,1
2022-06-03T16:22:45,40.765762,-111.908821,1305.90,-9999.00,-9999.00,-9999.00,13.67,23.41,24.27,23.54,3.00,2.00,23.39,26.00,867.50,0.00,4.70,2.21,31.40,819.30,-9999.00,-9999.00,-9999.00,-9999.00,-9999.00,-9999.00,-9999.00,0,0,1
2022-06-03T16:22:50,40.765762,-111.908829,1305.90,-9999.00,-9999.00,-9999.00,13.67,23.41,24.28,23.60,3.00,2.00,23.39,26.00,867.60,0.00,5.40,2.20,31.40,819.30,-9999.00,-9999.00,-9999.00,-9999.00,-9999.00,-9999.00,-9999.00,0,0,1
2022-06-03T16:22:55,40.765762,-111.908829,1305.90,-9999.00,-9999.00,-9999.00,13.67,23.42,24.29,23.71,4.00,2.00,23.39,26.00,867.60,0.00,6.00,2.20,31.40,818.70,-9999.00,-9999.00,-9999.00,-9999.00,-9999.00,-9999.00,-9999.00,0,0,1
2022-06-03T16:23:00,40.765759,-111.908829,1305.90,-9999.00,-9999.00,-9999.00,13.66,23.42,24.29,23.74,4.00,2.00,23.50,26.00,867.60,0.00,2.70,2.21,31.40,818.70,-9999.00,-9999.00,-9999.00,-9999.00,-9999.00,-9999.00,-9999.00,0,0,1
2022-06-03T16:23:05,40.765755,-111.908829,1305.90,-9999.00,-9999.00,-9999.00,13.67,23.43,24.29,23.84,4.00,2.00,23.39,26.00,867.60,0.00,5.90,2.20,31.40,819.40,-9999.00,-9999.00,-9999.00,-9999.00,-9999.00,-9999.00,-9999.00,0,0,1
2022-06-03T16:23:10,40.765751,-111.908821,1305.90,-9999.00,-9999.00,-9999.00,13.67,23.43,24.29,23.98,4.00,2.00,23.39,26.00,867.40,0.00,6.40,2.20,31.50,819.30,-9999.00,-9999.00,-9999.00,-9999.00,-9999.00,-9999.00,-9999.00,0,0,1
2022-06-03T16:23:15,40.765743,-111.908821,1305.90,-9999.00,-9999.00,-9999.00,13.67,23.44,24.31,24.04,3.00,2.00,23.50,26.00,867.60,0.00,4.10,2.20,31.50,818.60,-9999.00,-9999.00,-9999.00,-9999.00,-9999.00,-9999.00,-9999.00,0,0,1
2022-06-03T16:23:20,40.765736,-111.908813,1305.90,-9999.00,-9999.00,-9999.00,13.66,23.45,24.31,24.11,4.00,2.00,23.50,26.00,867.50,0.00,3.90,2.20,31.50,818.70,-9999.00,-9999.00,-9999.00,-9999.00,-9999.00,-9999.00,-9999.00,0,0,1
2022-06-03T16:23:25,40.765732,-111.908821,1305.90,-9999.00,-9999.00,-9999.00,13.66,23.45,24.31,24.15,4.00,2.00,23.50,26.00,867.40,0.00,9.00,2.20,31.50,819.30,-9999.00,-9999.00,-9999.00,-9999.00,-9999.00,-9999.00,-9999.00,0,0,1
2022-06-03T16:23:30,40.765728,-111.908829,1305.90,-9999.00,-9999.00,-9999.00,13.67,23.46,24.38,24.15,4.00,2.00,23.50,26.00,867.70,0.00,4.60,2.21,31.50,819.40,-9999.00,-9999.00,-9999.00,-9999.00,-9999.00,-9999.00,-9999.00,0,0,1
2022-06-03T16:23:35,40.765728,-111.908821,1305.90,-9999.00,-9999.00,-9999.00,13.67,23.46,24.38,24.16,4.00,2.00,23.50,26.00,867.40,0.00,7.90,2.21,31.60,818.70,-9999.00,-9999.00,-9999.00,-9999.00,-9999.00,-9999.00,-9999.00,0,0,1
2022-06-03T16:23:40,40.765732,-111.908791,1305.70,-9999.00,-9999.00,-9999.00,13.67,23.47,24.33,24.03,3.00,2.00,23.50,26.00,867.40,0.00,8.90,2.21,31.60,818.70,-9999.00,-9999.00,-9999.00,-9999.00,-9999.00,-9999.00,-9999.00,0,0,1
2022-06-03T16:23:45,40.765736,-111.908775,1305.60,-9999.00,-9999.00,-9999.00,13.67,23.47,24.34,23.91,3.00,2.00,23.50,26.00,867.50,0.00,8.20,2.20,31.60,819.30,-9999.00,-9999.00,-9999.00,-9999.00,-9999.00,-9999.00,-9999.00,0,0,1
2022-06-03T16:23:50,40.765732,-111.908768,1305.50,-9999.00,-9999.00,-9999.00,13.66,23.48,24.33,23.87,5.00,2.00,23.50,26.00,867.50,0.00,8.30,2.21,31.60,819.30,-9999.00,-9999.00,-9999.00,-9999.00,-9999.00,-9999.00,-9999.00,0,0,1
2022-06-03T16:23:55,40.765732,-111.908768,1305.50,-9999.00,-9999.00,-9999.00,13.66,23.48,24.33,23.85,5.00,2.00,23.50,26.00,867.60,0.00,7.60,2.21,31.60,818.70,-9999.00,-9999.00,-9999.00,-9999.00,-9999.00,-9999.00,-9999.00,0,0,1
2022-06-03T16:24:00,40.765732,-111.908760,1305.50,-9999.00,-9999.00,-9999.00,13.66,23.49,24.33,23.79,4.00,2.00,23.50,26.00,867.40,0.00,8.70,2.20,31.70,818.60,-9999.00,-9999.00,-9999.00,-9999.00,-9999.00,-9999.00,-9999.00,0,0,1
2022-06-03T16:24:05,40.765732,-111.908752,1305.50,-9999.00,-9999.00,-9999.00,13.67,23.50,24.35,23.59,5.00,2.00,23.50,26.00,867.40,0.00,7.60,2.21,31.70,819.30,-9999.00,-9999.00,-9999.00,-9999.00,-9999.00,-9999.00,-9999.00,0,0,1
2022-06-03T16:24:10,40.765728,-111.908745,1305.50,-9999.00,-9999.00,-9999.00,13.67,23.50,24.36,23.35,4.00,2.00,23.50,26.00,867.30,0.00,6.40,2.21,31.70,819.40,-9999.00,-9999.00,-9999.00,-9999.00,-9999.00,-9999.00,-9999.00,0,0,1
2022-06-03T16:24:15,40.765724,-111.908730,1305.50,-9999.00,-9999.00,-9999.00,13.67,23.51,24.35,23.27,5.00,2.00,23.50,26.00,867.60,0.00,8.90,2.20,31.70,818.60,-9999.00,-9999.00,-9999.00,-9999.00,-9999.00,-9999.00,-9999.00,0,0,1
2022-06-03T16:24:20,40.765717,-111.908638,1305.40,-9999.00,-9999.00,-9999.00,13.67,23.51,24.35,23.25,5.00,2.00,23.50,26.00,867.30,0.00,6.10,2.21,31.70,818.70,-9999.00,-9999.00,-9999.00,-9999.00,-9999.00,-9999.00,-9999.00,0,0,1
2022-06-03T16:24:25,40.765709,-111.908569,1305.40,-9999.00,-9999.00,-9999.00,13.67,23.52,24.35,23.25,5.00,2.00,23.50,26.00,867.40,0.00,4.70,2.22,31.70,819.30,-9999.00,-9999.00,-9999.00,-9999.00,-9999.00,-9999.00,-9999.00,0,0,1
2022-06-03T16:24:30,40.765705,-111.908508,1305.50,-9999.00,-9999.00,-9999.00,13.67,23.52,24.35,23.27,5.00,2.00,23.50,26.00,867.30,0.00,7.30,2.21,31.80,819.30,-9999.00,-9999.00,-9999.00,-9999.00,-9999.00,-9999.00,-9999.00,0,0,1
2022-06-03T16:24:35,40.765705,-111.908485,1305.40,-9999.00,-9999.00,-9999.00,13.66,23.53,24.38,23.44,5.00,2.00,23.50,26.00,867.30,0.00,9.10,2.20,31.80,818.70,-9999.00,-9999.00,-9999.00,-9999.00,-9999.00,-9999.00,-9999.00,0,0,1
2022-06-03T16:24:40,40.765701,-111.908470,1305.20,-9999.00,-9999.00,-9999.00,13.66,23.53,24.38,23.59,5.00,2.00,23.61,26.00,867.40,0.00,9.90,2.22,31.80,818.70,-9999.00,-9999.00,-9999.00,-9999.00,-9999.00,-9999.00,-9999.00,0,0,1
2022-06-03T16:24:45,40.765697,-111.908470,1305.00,-9999.00,-9999.00,-9999.00,13.66,23.54,24.37,23.63,4.00,2.00,23.61,26.00,867.40,0.00,8.30,2.21,31.80,819.30,-9999.00,-9999.00,-9999.00,-9999.00,-9999.00,-9999.00,-9999.00,0,0,1
2022-06-03T16:24:50,40.765690,-111.908463,1305.00,-9999.00,-9999.00,-9999.00,13.67,23.55,24.37,23.64,3.00,2.00,23.61,26.00,867.40,0.00,7.60,2.21,31.80,819.30,-9999.00,-9999.00,-9999.00,-9999.00,-9999.00,-9999.00,-9999.00,0,0,1
2022-06-03T16:24:55,40.765675,-111.908447,1304.60,-9999.00,-9999.00,-9999.00,13.66,23.55,24.37,23.67,3.00,2.00,23.61,26.00,867.40,0.00,10.20,2.21,31.90,818.70,-9999.00,-9999.00,-9999.00,-9999.00,-9999.00,-9999.00,-9999.00,0,0,1
2022-06-03T16:25:00,40.765663,-111.908424,1304.40,-9999.00,-9999.00,-9999.00,13.67,23.56,24.37,23.66,4.00,2.00,23.61,26.00,867.30,0.00,7.40,2.22,31.90,818.60,-9999.00,-9999.00,-9999.00,-9999.00,-9999.00,-9999.00,-9999.00,0,0,1
2022-06-03T16:25:05,40.765667,-111.908409,1304.40,-9999.00,-9999.00,-9999.00,13.66,23.56,24.39,23.65,4.00,2.00,23.61,26.00,867.40,0.00,6.30,2.21,31.90,819.30,-9999.00,-9999.00,-9999.00,-9999.00,-9999.00,-9999.00,-9999.00,0,0,1
2022-06-03T16:25:10,40.765678,-111.908409,1304.30,-9999.00,-9999.00,-9999.00,13.67,23.57,24.39,23.63,4.00,2.00,23.61,26.00,867.60,0.00,8.90,2.22,31.90,819.40,-9999.00,-9999.00,-9999.00,-9999.00,-9999.00,-9999.00,-9999.00,0,0,1
2022-06-03T16:25:15,40.765682,-111.908409,1304.30,-9999.00,-9999.00,-9999.00,13.67,23.57,24.39,23.61,3.00,2.00,23.61,26.00,867.50,0.00,9.50,2.20,31.90,818.60,-9999.00,-9999.00,-9999.00,-9999.00,-9999.00,-9999.00,-9999.00,0,0,1
2022-06-03T16:25:20,40.765686,-111.908401,1304.30,-9999.00,-9999.00,-9999.00,13.66,23.58,24.39,23.57,5.00,2.00,23.61,26.00,867.30,0.00,9.10,2.21,32.00,818.70,-9999.00,-9999.00,-9999.00,-9999.00,-9999.00,-9999.00,-9999.00,0,0,1
2022-06-03T16:25:25,40.765682,-111.908401,1304.30,-9999.00,-9999.00,-9999.00,13.67,23.59,24.39,23.54,5.00,2.00,23.61,26.00,867.30,0.00,10.50,2.19,32.00,819.20,-9999.00,-9999.00,-9999.00,-9999.00,-9999.00,-9999.00,-9999.00,0,0,1
2022-06-03T16:25:30,40.765678,-111.908394,1304.30,-9999.00,-9999.00,-9999.00,13.67,23.59,24.39,23.51,4.00,2.00,23.61,26.00,867.50,0.00,8.00,2.21,32.00,819.20,-9999.00,-9999.00,-9999.00,-9999.00,-9999.00,-9999.00,-9999.00,0,0,1
2022-06-03T16:25:35,40.765678,-111.908401,1304.30,-9999.00,-9999.00,-9999.00,13.67,23.60,24.39,23.51,4.00,2.00,23.61,26.00,867.50,0.00,8.40,2.21,32.00,818.60,-9999.00,-9999.00,-9999.00,-9999.00,-9999.00,-9999.00,-9999.00,0,0,1
2022-06-03T16:25:40,40.765678,-111.908409,1304.30,-9999.00,-9999.00,-9999.00,13.67,23.60,24.39,23.51,4.00,2.00,23.61,26.00,867.30,0.00,6.50,2.21,32.00,818.60,-9999.00,-9999.00,-9999.00,-9999.00,-9999.00,-9999.00,-9999.00,0,0,1
2022-06-03T16:25:45,40.765678,-111.908417,1304.30,-9999.00,-9999.00,-9999.00,13.67,23.61,24.39,23.53,4.00,2.00,23.61,26.00,867.40,0.00,8.20,2.21,32.00,819.30,-9999.00,-9999.00,-9999.00,-9999.00,-9999.00,-9999.00,-9999.00,0,0,1
2022-06-03T16:25:50,40.765694,-111.908455,1304.30,-9999.00,-9999.00,-9999.00,13.67,23.61,24.44,23.59,4.00,2.00,23.61,26.00,867.30,0.00,8.00,2.22,32.10,819.20,-9999.00,-9999.00,-9999.00,-9999.00,-9999.00,-9999.00,-9999.00,0,0,1
2022-06-03T16:25:55,40.765709,-111.908516,1304.20,-9999.00,-9999.00,-9999.00,13.67,23.62,24.44,23.59,4.00,2.00,23.61,26.00,867.50,0.00,7.00,2.21,32.10,818.70,-9999.00,-9999.00,-9999.00,-9999.00,-9999.00,-9999.00,-9999.00,0,0,1
2022-06-03T16:26:00,40.765736,-111.908569,1304.20,-9999.00,-9999.00,-9999.00,13.67,23.62,24.41,23.59,4.00,2.00,23.61,26.00,867.40,0.00,8.80,2.21,32.10,818.70,-9999.00,-9999.00,-9999.00,-9999.00,-9999.00,-9999.00,-9999.00,0,0,1
2022-06-03T16:26:05,40.765755,-111.908615,1304.10,-9999.00,-9999.00,-9999.00,13.66,23.63,24.42,23.55,4.00,2.00,23.61,26.00,867.50,0.00,8.90,2.21,32.10,819.30,-9999.00,-9999.00,-9999.00,-9999.00,-9999.00,-9999.00,-9999.00,0,0,1
2022-06-03T16:26:10,40.765781,-111.908646,1304.00,-9999.00,-9999.00,-9999.00,13.66,23.64,24.41,23.43,4.00,2.00,23.61,26.00,867.30,0.00,9.60,2.22,32.10,819.30,-9999.00,-9999.00,-9999.00,-9999.00,-9999.00,-9999.00,-9999.00,0,0,1
2022-06-03T16:26:15,40.765808,-111.908638,1303.90,-9999.00,-9999.00,-9999.00,13.67,23.64,24.42,23.27,4.00,2.00,23.72,25.00,867.40,0.00,7.50,2.21,32.20,818.60,-9999.00,-9999.00,-9999.00,-9999.00,-9999.00,-9999.00,-9999.00,0,0,1
2022-06-03T16:26:20,40.765823,-111.908638,1303.90,-9999.00,-9999.00,-9999.00,13.67,23.65,24.41,23.11,4.00,2.00,23.72,25.00,867.50,0.00,8.90,2.21,32.20,818.60,-9999.00,-9999.00,-9999.00,-9999.00,-9999.00,-9999.00,-9999.00,0,0,1
2022-06-03T16:26:25,40.765827,-111.908638,1303.80,-9999.00,-9999.00,-9999.00,13.67,23.65,24.41,23.07,4.00,2.00,23.61,25.00,867.40,0.00,8.60,2.21,32.20,819.20,-9999.00,-9999.00,-9999.00,-9999.00,-9999.00,-9999.00,-9999.00,0,0,1
2022-06-03T16:26:30,40.765831,-111.908646,1303.80,-9999.00,-9999.00,-9999.00,13.66,23.66,24.42,22.95,3.00,2.00,23.61,25.00,867.30,0.00,9.50,2.21,32.20,819.30,-9999.00,-9999.00,-9999.00,-9999.00,-9999.00,-9999.00,-9999.00,0,0,1
2022-06-03T16:26:35,40.765835,-111.908638,1303.80,-9999.00,-9999.00,-9999.00,13.67,23.66,24.43,22.91,3.00,2.00,23.61,25.00,867.50,0.00,11.60,2.21,32.20,818.60,-9999.00,-9999.00,-9999.00,-9999.00,-9999.00,-9999.00,-9999.00,0,0,1
2022-06-03T16:26:40,40.765839,-111.908638,1303.80,-9999.00,-9999.00,-9999.00,13.66,23.67,24.44,22.89,5.00,2.00,23.72,25.00,867.60,0.00,10.80,2.20,32.20,818.60,-9999.00,-9999.00,-9999.00,-9999.00,-9999.00,-9999.00,-9999.00,0,0,1
2022-06-03T16:26:45,40.765839,-111.908646,1303.90,-9999.00,-9999.00,-9999.00,13.67,23.68,24.44,22.81,5.00,2.00,23.72,25.00,867.40,0.00,8.60,2.21,32.20,819.30,-9999.00,-9999.00,-9999.00,-9999.00,-9999.00,-9999.00,-9999.00,0,0,1
2022-06-03T16:26:50,40.765831,-111.908646,1303.90,-9999.00,-9999.00,-9999.00,13.66,23.68,24.43,22.61,4.00,2.00,23.72,25.00,867.50,0.00,11.10,2.21,32.30,819.30,-9999.00,-9999.00,-9999.00,-9999.00,-9999.00,-9999.00,-9999.00,0,0,1
2022-06-03T16:26:55,40.765823,-111.908646,1303.90,-9999.00,-9999.00,-9999.00,13.66,23.69,24.43,22.36,4.00,2.00,23.72,25.00,867.40,0.00,11.20,2.22,32.30,818.60,-9999.00,-9999.00,-9999.00,-9999.00,-9999.00,-9999.00,-9999.00,0,0,1
2022-06-03T16:27:00,40.765827,-111.908653,1303.90,-9999.00,-9999.00,-9999.00,13.66,23.69,24.43,22.33,4.00,2.00,23.72,25.00,867.50,0.00,15.80,2.19,32.30,818.60,-9999.00,-9999.00,-9999.00,-9999.00,-9999.00,-9999.00,-9999.00,0,0,1
2022-06-03T16:27:05,40.765835,-111.908646,1303.90,-9999.00,-9999.00,-9999.00,13.66,23.70,24.43,22.33,4.00,2.00,23.72,25.00,867.40,0.00,13.80,2.20,32.30,819.30,-9999.00,-9999.00,-9999.00,-9999.00,-9999.00,-9999.00,-9999.00,0,0,1
2022-06-03T16:27:10,40.765842,-111.908646,1303.90,-9999.00,-9999.00,-9999.00,13.67,23.70,24.43,22.36,4.00,2.00,23.72,25.00,867.40,0.00,14.60,2.20,32.30,819.30,-9999.00,-9999.00,-9999.00,-9999.00,-9999.00,-9999.00,-9999.00,0,0,1
2022-06-03T16:27:15,40.765846,-111.908653,1303.90,-9999.00,-9999.00,-9999.00,13.67,23.71,24.44,22.64,4.00,2.00,23.72,25.00,867.20,0.00,14.00,2.22,32.40,818.60,-9999.00,-9999.00,-9999.00,-9999.00,-9999.00,-9999.00,-9999.00,0,0,1
2022-06-03T16:27:20,40.765854,-111.908669,1303.90,-9999.00,-9999.00,-9999.00,13.66,23.71,24.43,22.88,3.00,2.00,23.72,25.00,867.20,0.00,11.00,2.21,32.40,818.60,-9999.00,-9999.00,-9999.00,-9999.00,-9999.00,-9999.00,-9999.00,0,0,1
2022-06-03T16:27:25,40.765858,-111.908676,1303.90,-9999.00,-9999.00,-9999.00,13.66,23.72,24.44,22.98,4.00,2.00,23.72,25.00,867.60,0.00,9.40,2.21,32.40,819.30,-9999.00,-9999.00,-9999.00,-9999.00,-9999.00,-9999.00,-9999.00,0,0,1
2022-06-03T16:27:30,40.765854,-111.908676,1303.90,-9999.00,-9999.00,-9999.00,13.66,23.73,24.44,22.99,3.00,2.00,23.72,25.00,867.30,0.00,10.00,2.21,32.40,819.30,-9999.00,-9999.00,-9999.00,-9999.00,-9999.00,-9999.00,-9999.00,0,0,1
2022-06-03T16:27:35,40.765820,-111.908684,1304.00,-9999.00,-9999.00,-9999.00,13.67,23.73,24.45,23.08,4.00,2.00,23.72,25.00,867.30,0.00,9.70,2.21,32.40,818.60,-9999.00,-9999.00,-9999.00,-9999.00,-9999.00,-9999.00,-9999.00,0,0,1
2022-06-03T16:27:40,40.765762,-111.908661,1304.10,-9999.00,-9999.00,-9999.00,13.67,23.74,24.45,23.12,4.00,2.00,23.72,25.00,867.40,0.00,7.50,2.21,32.40,818.60,-9999.00,-9999.00,-9999.00,-9999.00,-9999.00,-9999.00,-9999.00,0,0,1
2022-06-03T16:27:45,40.765701,-111.908661,1304.10,-9999.00,-9999.00,-9999.00,13.67,23.74,24.45,23.13,4.00,2.00,23.72,25.00,867.20,0.00,12.10,2.20,32.50,819.20,-9999.00,-9999.00,-9999.00,-9999.00,-9999.00,-9999.00,-9999.00,0,0,1
2022-06-03T16:27:50,40.765678,-111.908638,1304.10,-9999.00,-9999.00,-9999.00,13.67,23.75,24.45,23.16,4.00,2.00,23.72,25.00,867.40,0.00,7.70,2.20,32.50,819.30,-9999.00,-9999.00,-9999.00,-9999.00,-9999.00,-9999.00,-9999.00,0,0,1
2022-06-03T16:27:55,40.765682,-111.908569,1304.30,-9999.00,-9999.00,-9999.00,13.66,23.75,24.45,23.22,4.00,2.00,23.78,25.00,867.60,0.00,10.70,2.21,32.50,818.60,-9999.00,-9999.00,-9999.00,-9999.00,-9999.00,-9999.00,-9999.00,0,0,1
2022-06-03T16:28:00,40.765663,-111.908531,1304.20,-9999.00,-9999.00,-9999.00,13.66,23.76,24.45,23.23,4.00,2.00,23.72,25.00,867.50,0.00,9.30,2.22,32.50,818.60,-9999.00,-9999.00,-9999.00,-9999.00,-9999.00,-9999.00,-9999.00,0,0,1
2022-06-03T16:28:05,40.765667,-111.908508,1304.30,-9999.00,-9999.00,-9999.00,13.66,23.77,24.45,23.26,5.00,2.00,23.78,25.00,867.50,0.00,8.80,2.21,32.50,819.30,-9999.00,-9999.00,-9999.00,-9999.00,-9999.00,-9999.00,-9999.00,0,0,1
2022-06-03T16:28:10,40.765659,-111.908501,1304.40,-9999.00,-9999.00,-9999.00,13.66,23.77,24.45,23.33,5.00,2.00,23.78,25.00,867.40,0.00,10.90,2.22,32.50,819.30,-9999.00,-9999.00,-9999.00,-9999.00,-9999.00,-9999.00,-9999.00,0,0,1
2022-06-03T16:28:15,40.765659,-111.908493,1304.50,-9999.00,-9999.00,-9999.00,13.66,23.78,24.50,23.26,4.00,2.00,23.78,25.00,867.50,0.00,10.20,2.21,32.60,818.60,-9999.00,-9999.00,-9999.00,-9999.00,-9999.00,-9999.00,-9999.00,0,0,1
2022-06-03T16:28:20,40.765656,-111.908485,1304.50,-9999.00,-9999.00,-9999.00,13.66,23.78,24.45,22.94,5.00,2.00,23.78,25.00,867.40,0.00,9.20,2.21,32.60,818.60,-9999.00,-9999.00,-9999.00,-9999.00,-9999.00,-9999.00,-9999.00,0,0,1
2022-06-03T16:28:25,40.765652,-111.908478,1304.60,-9999.00,-9999.00,-9999.00,13.66,23.79,24.45,22.86,4.00,2.00,23.78,25.00,867.40,0.00,9.30,2.22,32.60,819.20,-9999.00,-9999.00,-9999.00,-9999.00,-9999.00,-9999.00,-9999.00,0,0,1
2022-06-03T16:28:30,40.765644,-111.908478,1304.60,-9999.00,-9999.00,-9999.00,13.67,23.79,24.45,22.87,4.00,2.00,23.78,25.00,867.50,0.00,11.20,2.21,32.60,819.20,-9999.00,-9999.00,-9999.00,-9999.00,-9999.00,-9999.00,-9999.00,0,0,1
2022-06-03T16:28:35,40.765640,-111.908485,1304.60,-9999.00,-9999.00,-9999.00,13.66,23.80,24.47,22.87,5.00,2.00,23.78,25.00,867.30,0.00,11.50,2.22,32.60,818.60,-9999.00,-9999.00,-9999.00,-9999.00,-9999.00,-9999.00,-9999.00,0,0,1
2022-06-03T16:28:40,40.765644,-111.908470,1304.60,-9999.00,-9999.00,-9999.00,13.66,23.80,24.47,22.36,4.00,2.00,23.78,25.00,867.30,0.00,12.50,2.21,32.60,818.60,-9999.00,-9999.00,-9999.00,-9999.00,-9999.00,-9999.00,-9999.00,0,0,1
2022-06-03T16:28:45,40.765656,-111.908463,1304.60,-9999.00,-9999.00,-9999.00,13.66,23.81,24.48,22.17,4.00,2.00,23.78,25.00,867.30,0.00,13.40,2.22,32.60,819.30,-9999.00,-9999.00,-9999.00,-9999.00,-9999.00,-9999.00,-9999.00,0,0,1
2022-06-03T16:28:50,40.765678,-111.908432,1304.40,-9999.00,-9999.00,-9999.00,13.66,23.82,24.47,22.17,4.00,2.00,23.78,25.00,867.30,0.00,12.30,2.21,32.70,819.20,-9999.00,-9999.00,-9999.00,-9999.00,-9999.00,-9999.00,-9999.00,0,0,1
2022-06-03T16:28:55,40.765701,-111.908394,1304.40,-9999.00,-9999.00,-9999.00,13.66,23.82,24.48,22.28,5.00,2.00,23.78,25.00,867.60,0.00,11.20,2.22,32.70,818.60,-9999.00,-9999.00,-9999.00,-9999.00,-9999.00,-9999.00,-9999.00,0,0,1
2022-06-03T16:29:00,40.765713,-111.908386,1304.50,-9999.00,-9999.00,-9999.00,13.66,23.83,24.47,22.40,5.00,2.00,23.78,25.00,867.30,0.00,12.90,2.21,32.70,818.70,-9999.00,-9999.00,-9999.00,-9999.00,-9999.00,-9999.00,-9999.00,0,0,1
2022-06-03T16:29:05,40.765709,-111.908340,1304.40,-9999.00,-9999.00,-9999.00,13.66,23.83,24.47,22.52,5.00,2.00,23.78,25.00,867.50,0.00,12.70,2.22,32.70,819.30,-9999.00,-9999.00,-9999.00,-9999.00,-9999.00,-9999.00,-9999.00,0,0,1
2022-06-03T16:29:10,40.765713,-111.908310,1304.20,-9999.00,-9999.00,-9999.00,13.67,23.84,24.47,22.66,4.00,2.00,23.78,25.00,867.50,0.00,11.50,2.22,32.70,819.30,-9999.00,-9999.00,-9999.00,-9999.00,-9999.00,-9999.00,-9999.00,0,0,1
2022-06-03T16:29:15,40.765717,-111.908310,1304.20,-9999.00,-9999.00,-9999.00,13.66,23.84,24.47,22.70,5.00,2.00,23.78,25.00,867.40,0.00,10.10,2.23,32.80,818.60,-9999.00,-9999.00,-9999.00,-9999.00,-9999.00,-9999.00,-9999.00,0,0,1
2022-06-03T16:29:20,40.765724,-111.908295,1304.20,-9999.00,-9999.00,-9999.00,13.67,23.85,24.47,22.69,5.00,2.00,23.78,25.00,867.30,0.00,10.60,2.22,32.80,818.60,-9999.00,-9999.00,-9999.00,-9999.00,-9999.00,-9999.00,-9999.00,0,0,1
2022-06-03T16:29:25,40.765747,-111.908279,1304.00,-9999.00,-9999.00,-9999.00,13.66,23.86,24.47,22.43,6.00,2.00,23.78,25.00,867.40,0.00,13.10,2.21,32.80,819.20,-9999.00,-9999.00,-9999.00,-9999.00,-9999.00,-9999.00,-9999.00,0,0,1
2022-06-03T16:29:30,40.765762,-111.908264,1304.00,-9999.00,-9999.00,-9999.00,13.66,23.86,24.47,22.35,5.00,2.00,23.78,25.00,867.50,0.00,13.20,2.21,32.80,819.30,-9999.00,-9999.00,-9999.00,-9999.00,-9999.00,-9999.00,-9999.00,0,0,1
2022-06-03T16:29:35,40.765751,-111.908272,1303.90,-9999.00,-9999.00,-9999.00,13.66,23.87,24.47,22.36,4.00,2.00,23.78,25.00,867.30,0.00,12.80,2.21,32.80,818.70,-9999.00,-9999.00,-9999.00,-9999.00,-9999.00,-9999.00,-9999.00,0,0,1
2022-06-03T16:29:40,40.765747,-111.908272,1303.70,-9999.00,-9999.00,-9999.00,13.66,23.87,24.47,22.43,4.00,2.00,23.89,25.00,867.50,0.00,8.50,2.22,32.80,818.60,-9999.00,-9999.00,-9999.00,-9999.00,-9999.00,-9999.00,-9999.00,0,0,1
2022-06-03T16:29:45,40.765747,-111.908264,1303.70,-9999.00,-9999.00,-9999.00,13.66,23.88,24.48,22.45,4.00,2.00,23.89,25.00,867.50,0.00,12.30,2.21,32.80,819.30,-9999.00,-9999.00,-9999.00,-9999.00,-9999.00,-9999.00,-9999.00,0,0,1
2022-06-03T16:29:50,40.765755,-111.908264,1303.70,-9999.00,-9999.00,-9999.00,13.67,23.88,24.50,22.43,3.00,2.00,23.89,25.00,867.40,0.00,12.80,2.21,32.90,819.30,-9999.00,-9999.00,-9999.00,-9999.00,-9999.00,-9999.00,-9999.00,0,0,1
2022-06-03T16:29:55,40.765759,-111.908257,1303.70,-9999.00,-9999.00,-9999.00,13.66,23.89,24.50,22.37,4.00,2.00,23.89,25.00,867.40,0.00,12.40,2.21,32.90,818.60,-9999.00,-9999.00,-9999.00,-9999.00,-9999.00,-9999.00,-9999.00,0,0,1
2022-06-03T16:30:00,40.765762,-111.908264,1303.70,-9999.00,-9999.00,-9999.00,13.67,23.89,24.50,22.36,5.00,2.00,23.89,25.00,867.40,0.00,12.10,2.22,32.90,818.60,-9999.00,-9999.00,-9999.00,-9999.00,-9999.00,-9999.00,-9999.00,0,0,1
2022-06-03T16:30:05,40.765759,-111.908272,1303.70,-9999.00,-9999.00,-9999.00,13.66,23.90,24.49,22.44,4.00,2.00,23.89,25.00,867.50,0.00,12.70,2.22,32.90,819.30,-9999.00,-9999.00,-9999.00,-9999.00,-9999.00,-9999.00,-9999.00,0,0,1
2022-06-03T16:30:10,40.765751,-111.908295,1303.60,-9999.00,-9999.00,-9999.00,13.67,23.91,24.49,22.55,4.00,2.00,23.89,25.00,867.40,0.00,11.70,2.22,32.90,819.30,-9999.00,-9999.00,-9999.00,-9999.00,-9999.00,-9999.00,-9999.00,0,0,1
2022-06-03T16:30:15,40.765747,-111.908287,1303.50,-9999.00,-9999.00,-9999.00,13.67,23.91,24.49,22.73,3.00,2.00,23.89,25.00,867.40,0.00,10.40,2.20,32.90,818.60,-9999.00,-9999.00,-9999.00,-9999.00,-9999.00,-9999.00,-9999.00,0,0,1
2022-06-03T16:30:20,40.765755,-111.908302,1303.60,-9999.00,-9999.00,-9999.00,13.66,23.92,24.49,22.80,4.00,2.00,23.89,25.00,867.30,0.00,11.40,2.22,33.00,818.60,-9999.00,-9999.00,-9999.00,-9999.00,-9999.00,-9999.00,-9999.00,0,0,1
2022-06-03T16:30:25,40.765762,-111.908318,1303.60,-9999.00,-9999.00,-9999.00,13.66,23.92,24.50,22.81,5.00,2.00,23.89,25.00,867.40,0.00,11.90,2.22,33.00,819.30,-9999.00,-9999.00,-9999.00,-9999.00,-9999.00,-9999.00,-9999.00,0,0,1
2022-06-03T16:30:30,40.765762,-111.908318,1303.60,-9999.00,-9999.00,-9999.00,13.67,23.93,24.52,22.86,5.00,2.00,23.89,25.00,867.30,0.00,13.50,2.21,33.00,819.30,-9999.00,-9999.00,-9999.00,-9999.00,-9999.00,-9999.00,-9999.00,0,0,1
2022-06-03T16:30:35,40.765766,-111.908325,1303.60,-9999.00,-9999.00,-9999.00,13.66,23.93,24.53,22.83,4.00,2.00,23.89,25.00,867.30,0.00,15.50,2.23,33.00,818.60,-9999.00,-9999.00,-9999.00,-9999.00,-9999.00,-9999.00,-9999.00,0,0,1
2022-06-03T16:30:40,40.765766,-111.908379,1303.60,-9999.00,-9999.00,-9999.00,13.67,23.94,24.51,22.79,4.00,2.00,23.89,25.00,867.30,0.00,12.80,2.22,33.00,818.60,-9999.00,-9999.00,-9999.00,-9999.00,-9999.00,-9999.00,-9999.00,0,0,1
2022-06-03T16:30:45,40.765762,-111.908440,1303.50,-9999.00,-9999.00,-9999.00,13.66,23.95,24.52,22.82,3.00,2.00,23.89,25.00,867.30,0.00,14.80,2.22,33.00,819.30,-9999.00,-9999.00,-9999.00,-9999.00,-9999.00,-9999.00,-9999.00,0,0,1
2022-06-03T16:30:50,40.765755,-111.908463,1303.40,-9999.00,-9999.00,-9999.00,13.66,23.95,24.51,22.89,4.00,2.00,23.89,25.00,867.50,0.00,12.80,2.21,33.00,819.30,-9999.00,-9999.00,-9999.00,-9999.00,-9999.00,-9999.00,-9999.00,0,0,1
2022-06-03T16:30:55,40.765751,-111.908478,1303.40,-9999.00,-9999.00,-9999.00,13.66,23.96,24.51,22.93,4.00,2.00,23.89,25.00,867.60,0.00,12.60,2.22,33.10,818.60,-9999.00,-9999.00,-9999.00,-9999.00,-9999.00,-9999.00,-9999.00,0,0,1
2022-06-03T16:31:00,40.765739,-111.908493,1303.20,-9999.00,-9999.00,-9999.00,13.66,23.96,24.52,22.92,3.00,2.00,23.89,25.00,867.50,0.00,13.70,2.21,33.10,818.60,-9999.00,-9999.00,-9999.00,-9999.00,-9999.00,-9999.00,-9999.00,0,0,1
2022-06-03T16:31:05,40.765728,-111.908508,1303.10,-9999.00,-9999.00,-9999.00,13.67,23.97,24.51,22.93,5.00,2.00,23.89,25.00,867.40,0.00,12.90,2.21,33.10,819.20,-9999.00,-9999.00,-9999.00,-9999.00,-9999.00,-9999.00,-9999.00,0,0,1
2022-06-03T16:31:10,40.765713,-111.908531,1302.80,-9999.00,-9999.00,-9999.00,13.66,23.97,24.51,22.95,3.00,2.00,23.89,25.00,867.20,0.00,12.10,2.23,33.10,819.20,-9999.00,-9999.00,-9999.00,-9999.00,-9999.00,-9999.00,-9999.00,0,0,1
2022-06-03T16:31:15,40.765701,-111.908546,1302.50,-9999.00,-9999.00,-9999.00,13.66,23.98,24.53,22.98,5.00,2.00,23.89,25.00,867.30,0.00,14.70,2.22,33.10,818.70,-9999.00,-9999.00,-9999.00,-9999.00,-9999.00,-9999.00,-9999.00,0,0,1
2022-06-03T16:31:20,40.765694,-111.908546,1302.40,-9999.00,-9999.00,-9999.00,13.67,23.98,24.53,23.03,5.00,2.00,23.89,25.00,867.30,0.00,12.10,2.21,33.10,818.70,-9999.00,-9999.00,-9999.00,-9999.00,-9999.00,-9999.00,-9999.00,0,0,1
2022-06-03T16:31:25,40.765694,-111.908546,1302.20,-9999.00,-9999.00,-9999.00,13.66,23.99,24.53,23.07,4.00,2.00,23.89,25.00,867.30,0.00,11.20,2.21,33.10,819.30,-9999.00,-9999.00,-9999.00,-9999.00,-9999.00,-9999.00,-9999.00,0,0,1
2022-06-03T16:31:30,40.765694,-111.908546,1302.20,-9999.00,-9999.00,-9999.00,13.67,24.00,24.53,23.10,4.00,2.00,23.89,25.00,867.30,0.00,12.00,2.22,33.20,819.30,-9999.00,-9999.00,-9999.00,-9999.00,-9999.00,-9999.00,-9999.00,0,0,1
2022-06-03T16:31:35,40.765686,-111.908569,1301.90,-9999.00,-9999.00,-9999.00,13.66,24.00,24.53,23.19,4.00,2.00,23.89,25.00,867.40,0.00,11.40,2.23,33.20,818.70,-9999.00,-9999.00,-9999.00,-9999.00,-9999.00,-9999.00,-9999.00,0,0,1
2022-06-03T16:31:40,40.765675,-111.908585,1301.40,-9999.00,-9999.00,-9999.00,13.67,24.01,24.53,23.22,3.00,2.00,23.89,25.00,867.30,0.00,11.80,2.22,33.20,818.60,-9999.00,-9999.00,-9999.00,-9999.00,-9999.00,-9999.00,-9999.00,0,0,1
2022-06-03T16:31:45,40.765671,-111.908592,1301.30,-9999.00,-9999.00,-9999.00,13.67,24.01,24.53,23.11,3.00,2.00,24.00,25.00,867.20,0.00,13.60,2.22,33.20,819.30,-9999.00,-9999.00,-9999.00,-9999.00,-9999.00,-9999.00,-9999.00,0,0,1
2022-06-03T16:31:50,40.765667,-111.908607,1301.30,-9999.00,-9999.00,-9999.00,13.66,24.02,24.53,23.05,3.00,2.00,23.89,25.00,867.20,0.00,13.30,2.22,33.20,819.30,-9999.00,-9999.00,-9999.00,-9999.00,-9999.00,-9999.00,-9999.00,0,0,1
2022-06-03T16:31:55,40.765656,-111.908607,1301.20,-9999.00,-9999.00,-9999.00,13.66,24.02,24.53,22.79,3.00,2.00,23.89,25.00,867.20,0.00,17.60,2.23,33.20,818.70,-9999.00,-9999.00,-9999.00,-9999.00,-9999.00,-9999.00,-9999.00,0,0,1
2022-06-03T16:32:00,40.765652,-111.908607,1301.20,-9999.00,-9999.00,-9999.00,13.66,24.03,24.55,22.32,4.00,2.00,24.00,25.00,867.50,0.00,15.50,2.21,33.20,818.70,-9999.00,-9999.00,-9999.00,-9999.00,-9999.00,-9999.00,-9999.00,0,0,1
2022-06-03T16:32:05,40.765648,-111.908600,1301.10,-9999.00,-9999.00,-9999.00,13.67,24.03,24.56,22.23,3.00,2.00,23.89,25.00,867.50,0.00,12.20,2.22,33.30,819.40,-9999.00,-9999.00,-9999.00,-9999.00,-9999.00,-9999.00,-9999.00,0,0,1
2022-06-03T16:32:10,40.765640,-111.908600,1301.10,-9999.00,-9999.00,-9999.00,13.66,24.04,24.56,22.32,4.00,2.00,24.00,25.00,867.60,0.00,12.50,2.22,33.30,819.40,-9999.00,-9999.00,-9999.00,-9999.00,-9999.00,-9999.00,-9999.00,0,0,1
2022-06-03T16:32:15,40.765644,-111.908607,1301.10,-9999.00,-9999.00,-9999.00,13.67,24.05,24.56,22.45,4.00,2.00,24.00,25.00,867.50,0.00,12.60,2.22,33.30,818.70,-9999.00,-9999.00,-9999.00,-9999.00,-9999.00,-9999.00,-9999.00,0,0,1
2022-06-03T16:32:20,40.765644,-111.908615,1301.10,-9999.00,-9999.00,-9999.00,13.67,24.05,24.55,22.69,3.00,2.00,24.00,25.00,867.30,0.00,12.30,2.23,33.30,818.70,-9999.00,-9999.00,-9999.00,-9999.00,-9999.00,-9999.00,-9999.00,0,0,1
2022-06-03T16:32:25,40.765644,-111.908630,1301.10,-9999.00,-9999.00,-9999.00,13.67,24.06,24.55,22.97,4.00,2.00,24.00,25.00,867.20,0.00,13.70,2.22,33.30,819.30,-9999.00,-9999.00,-9999.00,-9999.00,-9999.00,-9999.00,-9999.00,0,0,1
2022-06-03T16:32:30,40.765644,-111.908646,1301.10,-9999.00,-9999.00,-9999.00,13.67,24.06,24.56,23.12,4.00,2.00,24.00,25.00,867.40,0.00,7.80,2.23,33.30,819.30,-9999.00,-9999.00,-9999.00,-9999.00,-9999.00,-9999.00,-9999.00,0,0,1
2022-06-03T16:32:35,40.765640,-111.908661,1301.00,-9999.00,-9999.00,-9999.00,13.67,24.07,24.57,23.15,5.00,2.00,24.00,25.00,867.30,0.00,8.10,2.23,33.40,818.60,-9999.00,-9999.00,-9999.00,-9999.00,-9999.00,-9999.00,-9999.00,0,0,1
2022-06-03T16:32:40,40.765640,-111.908669,1301.00,-9999.00,-9999.00,-9999.00,13.66,24.07,24.57,23.12,4.00,2.00,24.00,25.00,867.40,0.00,7.80,2.21,33.40,818.60,-9999.00,-9999.00,-9999.00,-9999.00,-9999.00,-9999.00,-9999.00,0,0,1
2022-06-03T16:32:45,40.765644,-111.908684,1301.00,-9999.00,-9999.00,-9999.00,13.66,24.08,24.60,23.03,4.00,2.00,24.00,25.00,867.50,0.00,11.60,2.21,33.40,819.30,-9999.00,-9999.00,-9999.00,-9999.00,-9999.00,-9999.00,-9999.00,0,0,1
2022-06-03T16:32:50,40.765648,-111.908691,1301.00,-9999.00,-9999.00,-9999.00,13.67,24.08,24.62,22.90,4.00,2.00,24.00,25.00,867.40,0.00,9.30,2.22,33.40,819.30,-9999.00,-9999.00,-9999.00,-9999.00,-9999.00,-9999.00,-9999.00,0,0,1
2022-06-03T16:32:55,40.765648,-111.908691,1301.00,-9999.00,-9999.00,-9999.00,13.66,24.09,24.60,22.73,3.00,2.00,24.00,25.00,867.60,0.00,9.70,2.22,33.40,818.60,-9999.00,-9999.00,-9999.00,-9999.00,-9999.00,-9999.00,-9999.00,0,0,1
2022-06-03T16:33:00,40.765644,-111.908684,1301.00,-9999.00,-9999.00,-9999.00,13.67,24.10,24.61,22.24,3.00,2.00,24.00,25.00,867.40,0.00,10.60,2.20,33.40,818.70,-9999.00,-9999.00,-9999.00,-9999.00,-9999.00,-9999.00,-9999.00,0,0,1
2022-06-03T16:33:05,40.765640,-111.908699,1300.90,-9999.00,-9999.00,-9999.00,13.67,24.10,24.62,22.07,3.00,2.00,24.00,25.00,867.40,0.00,10.90,2.22,33.40,819.30,-9999.00,-9999.00,-9999.00,-9999.00,-9999.00,-9999.00,-9999.00,0,0,1
2022-06-03T16:33:10,40.765636,-111.908699,1300.90,-9999.00,-9999.00,-9999.00,13.67,24.11,24.61,21.95,5.00,2.00,24.00,25.00,867.30,0.00,10.70,2.22,33.40,819.30,-9999.00,-9999.00,-9999.00,-9999.00,-9999.00,-9999.00,-9999.00,0,0,1
2022-06-03T16:33:15,40.765633,-111.908691,1300.90,-9999.00,-9999.00,-9999.00,13.66,24.11,24.62,22.01,4.00,2.00,24.00,25.00,867.30,0.00,10.30,2.22,33.50,818.70,-9999.00,-9999.00,-9999.00,-9999.00,-9999.00,-9999.00,-9999.00,0,0,1
2022-06-03T16:33:20,40.765629,-111.908691,1300.90,-9999.00,-9999.00,-9999.00,13.67,24.12,24.61,22.36,3.00,2.00,24.00,25.00,867.50,0.00,14.00,2.22,33.50,818.70,-9999.00,-9999.00,-9999.00,-9999.00,-9999.00,-9999.00,-9999.00,0,0,1
2022-06-03T16:33:25,40.765625,-111.908691,1300.90,-9999.00,-9999.00,-9999.00,13.66,24.12,24.62,22.58,4.00,2.00,24.11,25.00,867.40,0.00,13.00,2.21,33.50,819.30,-9999.00,-9999.00,-9999.00,-9999.00,-9999.00,-9999.00,-9999.00,0,0,1
2022-06-03T16:33:30,40.765617,-111.908691,1300.90,-9999.00,-9999.00,-9999.00,13.66,24.13,24.62,22.59,3.00,2.00,24.00,25.00,867.40,0.00,13.50,2.22,33.50,819.30,-9999.00,-9999.00,-9999.00,-9999.00,-9999.00,-9999.00,-9999.00,0,0,1
2022-06-03T16:33:35,40.765614,-111.908699,1300.80,-9999.00,-9999.00,-9999.00,13.66,24.13,24.62,22.44,3.00,2.00,24.00,25.00,867.50,0.00,15.60,2.22,33.50,818.70,-9999.00,-9999.00,-9999.00,-9999.00,-9999.00,-9999.00,-9999.00,0,0,1
2022-06-03T16:33:40,40.765614,-111.908707,1300.80,-9999.00,-9999.00,-9999.00,13.66,24.14,24.64,22.57,3.00,2.00,24.00,25.00,867.30,0.00,15.10,2.22,33.50,818.70,-9999.00,-9999.00,-9999.00,-9999.00,-9999.00,-9999.00,-9999.00,0,0,1
2022-06-03T16:33:45,40.765621,-111.908699,1300.80,-9999.00,-9999.00,-9999.00,13.66,24.15,24.63,22.58,3.00,2.00,24.11,25.00,867.40,0.00,17.70,2.22,33.50,819.40,-9999.00,-9999.00,-9999.00,-9999.00,-9999.00,-9999.00,-9999.00,0,0,1
2022-06-03T16:33:50,40.765621,-111.908691,1300.80,-9999.00,-9999.00,-9999.00,13.66,24.15,24.63,22.33,3.00,2.00,24.11,24.00,867.40,0.00,13.50,2.21,33.60,819.40,-9999.00,-9999.00,-9999.00,-9999.00,-9999.00,-9999.00,-9999.00,0,0,1
2022-06-03T16:33:55,40.765621,-111.908684,1300.80,-9999.00,-9999.00,-9999.00,13.65,24.16,24.64,21.97,3.00,2.00,24.11,24.00,867.40,0.00,14.60,2.22,33.60,818.70,-9999.00,-9999.00,-9999.00,-9999.00,-9999.00,-9999.00,-9999.00,0,0,1
2022-06-03T16:34:00,40.765625,-111.908661,1300.80,-9999.00,-9999.00,-9999.00,13.66,24.16,24.64,22.00,3.00,2.00,24.11,24.00,867.30,0.00,13.80,2.23,33.60,818.80,-9999.00,-9999.00,-9999.00,-9999.00,-9999.00,-9999.00,-9999.00,0,0,1
2022-06-03T16:34:05,40.765644,-111.908623,1301.10,-9999.00,-9999.00,-9999.00,13.66,24.17,24.64,22.14,3.00,2.00,24.11,24.00,867.20,0.00,14.60,2.22,33.60,819.50,-9999.00,-9999.00,-9999.00,-9999.00,-9999.00,-9999.00,-9999.00,0,0,1
2022-06-03T16:34:10,40.765659,-111.908592,1301.30,-9999.00,-9999.00,-9999.00,13.66,24.17,24.66,22.21,4.00,2.00,24.11,24.00,867.40,0.00,14.80,2.22,33.60,819.50,-9999.00,-9999.00,-9999.00,-9999.00,-9999.00,-9999.00,-9999.00,0,0,1
2022-06-03T16:34:15,40.765675,-111.908592,1301.20,-9999.00,-9999.00,-9999.00,13.66,24.18,24.65,22.20,4.00,2.00,24.11,24.00,867.30,0.00,12.70,2.21,33.60,818.60,-9999.00,-9999.00,-9999.00,-9999.00,-9999.00,-9999.00,-9999.00,0,0,1
2022-06-03T16:34:20,40.765678,-111.908600,1301.10,-9999.00,-9999.00,-9999.00,13.67,24.18,24.66,22.13,3.00,2.00,24.11,24.00,867.30,0.00,17.40,2.21,33.60,818.60,-9999.00,-9999.00,-9999.00,-9999.00,-9999.00,-9999.00,-9999.00,0,0,1
2022-06-03T16:34:25,40.765678,-111.908600,1301.20,-9999.00,-9999.00,-9999.00,13.66,24.19,24.66,22.11,3.00,2.00,24.11,24.00,867.50,0.00,16.40,2.21,33.70,819.50,-9999.00,-9999.00,-9999.00,-9999.00,-9999.00,-9999.00,-9999.00,0,0,1
2022-06-03T16:34:30,40.765678,-111.908585,1301.20,-9999.00,-9999.00,-9999.00,13.66,24.20,24.65,22.07,3.00,2.00,24.11,24.00,867.50,0.00,13.60,2.22,33.70,819.40,-9999.00,-9999.00,-9999.00,-9999.00,-9999.00,-9999.00,-9999.00,0,0,1
2022-06-03T16:34:35,40.765678,-111.908585,1301.20,-9999.00,-9999.00,-9999.00,13.67,24.20,24.66,22.02,3.00,2.00,24.11,24.00,867.40,0.00,12.80,2.21,33.70,818.70,-9999.00,-9999.00,-9999.00,-9999.00,-9999.00,-9999.00,-9999.00,0,0,1
2022-06-03T16:34:40,40.765682,-111.908585,1301.20,-9999.00,-9999.00,-9999.00,13.67,24.21,24.66,21.77,3.00,2.00,24.11,24.00,867.30,0.00,14.10,2.23,33.70,818.70,-9999.00,-9999.00,-9999.00,-9999.00,-9999.00,-9999.00,-9999.00,0,0,1
2022-06-03T16:34:45,40.765686,-111.908585,1301.10,-9999.00,-9999.00,-9999.00,13.66,24.21,24.66,21.71,3.00,2.00,24.11,24.00,867.30,0.00,15.60,2.23,33.70,819.40,-9999.00,-9999.00,-9999.00,-9999.00,-9999.00,-9999.00,-9999.00,0,0,1
2022-06-03T16:34:50,40.765690,-111.908585,1301.10,-9999.00,-9999.00,-9999.00,13.67,24.22,24.68,21.66,2.00,2.00,24.11,24.00,867.40,0.00,18.10,2.23,33.70,819.40,-9999.00,-9999.00,-9999.00,-9999.00,-9999.00,-9999.00,-9999.00,0,0,1
2022-06-03T16:34:55,40.765694,-111.908585,1301.10,-9999.00,-9999.00,-9999.00,13.66,24.22,24.68,21.67,3.00,2.00,24.11,24.00,867.40,0.00,18.30,2.22,33.70,818.60,-9999.00,-9999.00,-9999.00,-9999.00,-9999.00,-9999.00,-9999.00,0,0,1
2022-06-03T16:35:00,40.765697,-111.908585,1301.10,-9999.00,-9999.00,-9999.00,13.66,24.23,24.68,21.71,3.00,2.00,24.11,24.00,867.40,0.00,18.10,2.22,33.80,818.60,-9999.00,-9999.00,-9999.00,-9999.00,-9999.00,-9999.00,-9999.00,0,0,1
2022-06-03T16:35:05,40.765701,-111.908585,1301.10,-9999.00,-9999.00,-9999.00,13.66,24.23,24.68,21.76,3.00,2.00,24.11,24.00,867.40,0.00,12.60,2.21,33.80,819.30,-9999.00,-9999.00,-9999.00,-9999.00,-9999.00,-9999.00,-9999.00,0,0,1
2022-06-03T16:35:10,40.765701,-111.908585,1301.10,-9999.00,-9999.00,-9999.00,13.67,24.24,24.72,21.77,3.00,2.00,24.11,24.00,867.40,0.00,13.90,2.22,33.80,819.30,-9999.00,-9999.00,-9999.00,-9999.00,-9999.00,-9999.00,-9999.00,0,0,1
2022-06-03T16:35:15,40.765705,-111.908577,1301.10,-9999.00,-9999.00,-9999.00,13.67,24.25,24.67,21.56,3.00,2.00,24.22,24.00,867.30,0.00,16.10,2.22,33.80,818.70,-9999.00,-9999.00,-9999.00,-9999.00,-9999.00,-9999.00,-9999.00,0,0,1
2022-06-03T16:35:20,40.765701,-111.908577,1301.10,-9999.00,-9999.00,-9999.00,13.66,24.25,24.68,21.56,3.00,2.00,24.11,24.00,867.40,0.00,19.10,2.22,33.80,818.70,-9999.00,-9999.00,-9999.00,-9999.00,-9999.00,-9999.00,-9999.00,0,0,1
2022-06-03T16:35:25,40.765697,-111.908585,1301.00,-9999.00,-9999.00,-9999.00,13.66,24.26,24.68,21.61,3.00,2.00,24.22,24.00,867.30,0.00,18.30,2.22,33.80,819.30,-9999.00,-9999.00,-9999.00,-9999.00,-9999.00,-9999.00,-9999.00,0,0,1
2022-06-03T16:35:30,40.765694,-111.908585,1301.00,-9999.00,-9999.00,-9999.00,13.67,24.26,24.68,21.62,2.00,2.00,24.11,24.00,867.40,0.00,19.20,2.22,33.80,819.40,-9999.00,-9999.00,-9999.00,-9999.00,-9999.00,-9999.00,-9999.00,0,0,1
2022-06-03T16:35:35,40.765694,-111.908577,1301.00,-9999.00,-9999.00,-9999.00,13.67,24.27,24.68,21.58,2.00,2.00,24.22,24.00,867.30,0.00,15.20,2.22,33.80,818.70,-9999.00,-9999.00,-9999.00,-9999.00,-9999.00,-9999.00,-9999.00,0,0,1
2022-06-03T16:35:40,40.765690,-111.908569,1301.00,-9999.00,-9999.00,-9999.00,13.67,24.27,24.70,21.64,3.00,2.00,24.22,24.00,867.30,0.00,16.70,2.21,33.90,818.80,-9999.00,-9999.00,-9999.00,-9999.00,-9999.00,-9999.00,-9999.00,0,0,1
2022-06-03T16:35:45,40.765690,-111.908569,1301.00,-9999.00,-9999.00,-9999.00,13.67,24.28,24.69,21.72,4.00,2.00,24.22,24.00,867.30,0.00,17.70,2.21,33.90,819.40,-9999.00,-9999.00,-9999.00,-9999.00,-9999.00,-9999.00,-9999.00,0,0,1
2022-06-03T16:35:50,40.765690,-111.908577,1301.00,-9999.00,-9999.00,-9999.00,13.66,24.28,24.70,21.62,4.00,2.00,24.22,24.00,867.60,0.00,16.50,2.23,33.90,819.30,-9999.00,-9999.00,-9999.00,-9999.00,-9999.00,-9999.00,-9999.00,0,0,1
2022-06-03T16:35:55,40.765690,-111.908577,1301.10,-9999.00,-9999.00,-9999.00,13.66,24.29,24.70,21.25,3.00,2.00,24.22,24.00,867.60,0.00,16.60,2.22,33.90,818.70,-9999.00,-9999.00,-9999.00,-9999.00,-9999.00,-9999.00,-9999.00,0,0,1
2022-06-03T16:36:00,40.765690,-111.908585,1301.00,-9999.00,-9999.00,-9999.00,13.67,24.29,24.70,21.20,4.00,2.00,24.22,24.00,867.60,0.00,20.10,2.23,33.90,818.70,-9999.00,-9999.00,-9999.00,-9999.00,-9999.00,-9999.00,-9999.00,0,0,1
2022-06-03T16:36:05,40.765686,-111.908592,1301.00,-9999.00,-9999.00,-9999.00,13.66,24.30,24.70,21.14,3.00,2.00,24.22,24.00,867.40,0.00,17.10,2.22,33.90,819.40,-9999.00,-9999.00,-9999.00,-9999.00,-9999.00,-9999.00,-9999.00,0,0,1
2022-06-03T16:36:10,40.765682,-111.908592,1301.00,-9999.00,-9999.00,-9999.00,13.67,24.30,24.69,21.16,3.00,2.00,24.22,24.00,867.40,0.00,18.70,2.22,33.90,819.40,-9999.00,-9999.00,-9999.00,-9999.00,-9999.00,-9999.00,-9999.00,0,0,1
2022-06-03T16:36:15,40.765682,-111.908600,1301.00,-9999.00,-9999.00,-9999.00,13.67,24.31,24.70,21.26,3.00,2.00,24.22,24.00,867.60,0.00,18.20,2.23,34.00,818.70,-9999.00,-9999.00,-9999.00,-9999.00,-9999.00,-9999.00,-9999.00,0,0,1
2022-06-03T16:36:20,40.765675,-111.908600,1301.00,-9999.00,-9999.00,-9999.00,13.67,24.32,24.70,21.32,3.00,2.00,24.22,24.00,867.50,0.00,20.90,2.22,34.00,818.70,-9999.00,-9999.00,-9999.00,-9999.00,-9999.00,-9999.00,-9999.00,0,0,1
2022-06-03T16:36:25,40.765667,-111.908600,1300.90,-9999.00,-9999.00,-9999.00,13.66,24.32,24.70,21.38,4.00,2.00,24.22,24.00,867.40,0.00,17.10,2.22,34.00,819.40,-9999.00,-9999.00,-9999.00,-9999.00,-9999.00,-9999.00,-9999.00,0,0,1
2022-06-03T16:36:30,40.765663,-111.908600,1300.90,-9999.00,-9999.00,-9999.00,13.67,24.33,24.70,21.44,4.00,2.00,24.22,24.00,867.60,0.00,19.10,2.22,34.00,819.50,-9999.00,-9999.00,-9999.00,-9999.00,-9999.00,-9999.00,-9999.00,0,0,1
2022-06-03T16:36:35,40.765663,-111.908600,1300.90,-9999.00,-9999.00,-9999.00,13.67,24.33,24.70,21.79,4.00,2.00,24.22,23.00,867.30,0.00,19.80,2.22,34.00,818.70,-9999.00,-9999.00,-9999.00,-9999.00,-9999.00,-9999.00,-9999.00,0,0,1
2022-06-03T16:36:40,40.765663,-111.908600,1300.90,-9999.00,-9999.00,-9999.00,13.66,24.34,24.69,21.94,4.00,2.00,24.22,23.00,867.30,0.00,19.80,2.22,34.00,818.70,-9999.00,-9999.00,-9999.00,-9999.00,-9999.00,-9999.00,-9999.00,0,0,1
2022-06-03T16:36:45,40.765663,-111.908607,1300.90,-9999.00,-9999.00,-9999.00,13.66,24.34,24.71,22.19,3.00,2.00,24.22,23.00,867.30,0.00,16.50,2.23,34.00,819.40,-9999.00,-9999.00,-9999.00,-9999.00,-9999.00,-9999.00,-9999.00,0,0,1
2022-06-03T16:36:50,40.765663,-111.908600,1300.90,-9999.00,-9999.00,-9999.00,13.66,24.35,24.71,22.24,4.00,2.00,24.22,24.00,867.30,0.00,15.40,2.22,34.00,819.50,-9999.00,-9999.00,-9999.00,-9999.00,-9999.00,-9999.00,-9999.00,0,0,1
2022-06-03T16:36:55,40.765663,-111.908592,1300.90,-9999.00,-9999.00,-9999.00,13.67,24.35,24.72,22.00,4.00,2.00,24.22,23.00,867.30,0.00,18.10,2.23,34.10,818.60,-9999.00,-9999.00,-9999.00,-9999.00,-9999.00,-9999.00,-9999.00,0,0,1
2022-06-03T16:37:00,40.765663,-111.908585,1300.90,-9999.00,-9999.00,-9999.00,13.66,24.36,24.71,21.89,4.00,2.00,24.28,23.00,867.30,0.00,16.40,2.23,34.10,818.70,-9999.00,-9999.00,-9999.00,-9999.00,-9999.00,-9999.00,-9999.00,0,0,1
2022-06-03T16:37:05,40.765667,-111.908577,1300.90,-9999.00,-9999.00,-9999.00,13.67,24.36,24.72,21.84,4.00,2.00,24.28,23.00,867.50,0.00,16.20,2.21,34.10,819.50,-9999.00,-9999.00,-9999.00,-9999.00,-9999.00,-9999.00,-9999.00,0,0,1
2022-06-03T16:37:10,40.765671,-111.908569,1301.10,-9999.00,-9999.00,-9999.00,13.66,24.37,24.72,21.82,3.00,2.00,24.28,23.00,867.60,0.00,19.30,2.23,34.10,819.40,-9999.00,-9999.00,-9999.00,-9999.00,-9999.00,-9999.00,-9999.00,0,0,1
2022-06-03T16:37:15,40.765671,-111.908562,1301.10,-9999.00,-9999.00,-9999.00,13.66,24.38,24.71,21.84,4.00,2.00,24.28,23.00,867.40,0.00,18.50,2.23,34.10,818.70,-9999.00,-9999.00,-9999.00,-9999.00,-9999.00,-9999.00,-9999.00,0,0,1
2022-06-03T16:37:20,40.765671,-111.908569,1301.10,-9999.00,-9999.00,-9999.00,13.66,24.38,24.71,21.84,4.00,2.00,24.28,23.00,867.60,0.00,18.20,2.23,34.10,818.70,-9999.00,-9999.00,-9999.00,-9999.00,-9999.00,-9999.00,-9999.00,0,0,1
2022-06-03T16:37:25,40.765678,-111.908562,1301.10,-9999.00,-9999.00,-9999.00,13.67,24.39,24.72,21.84,3.00,2.00,24.28,23.00,867.40,0.00,18.30,2.22,34.10,819.40,-9999.00,-9999.00,-9999.00,-9999.00,-9999.00,-9999.00,-9999.00,0,0,1
2022-06-03T16:37:30,40.765682,-111.908562,1300.90,-9999.00,-9999.00,-9999.00,13.66,24.39,24.73,21.74,4.00,2.00,24.28,23.00,867.60,0.00,18.90,2.22,34.10,819.40,-9999.00,-9999.00,-9999.00,-9999.00,-9999.00,-9999.00,-9999.00,0,0,1
2022-06-03T16:37:35,40.765690,-111.908562,1300.80,-9999.00,-9999.00,-9999.00,13.66,24.40,24.78,21.67,4.00,2.00,24.28,23.00,867.40,0.00,16.30,2.22,34.20,818.70,-9999.00,-9999.00,-9999.00,-9999.00,-9999.00,-9999.00,-9999.00,0,0,1
2022-06-03T16:37:40,40.765690,-111.908562,1300.80,-9999.00,-9999.00,-9999.00,13.66,24.40,24.73,21.65,3.00,2.00,24.28,23.00,867.60,0.00,17.90,2.22,34.20,818.70,-9999.00,-9999.00,-9999.00,-9999.00,-9999.00,-9999.00,-9999.00,0,0,1
2022-06-03T16:37:45,40.765694,-111.908562,1300.80,-9999.00,-9999.00,-9999.00,13.66,24.41,24.74,21.68,4.00,2.00,24.28,23.00,867.50,0.00,16.00,2.23,34.20,819.40,-9999.00,-9999.00,-9999.00,-9999.00,-9999.00,-9999.00,-9999.00,0,0,1
