Timestamp_UTC,Latitude_ddeg,Longitude_ddeg,Elevation_m,GPS_Speed_m/s,GPS_Direction_deg,GPS_RMC_Valid_binary,Battery_Voltage_volts,Bus_Box_Temperature_degC,Bus_Top_Temperature_degC,Bus_Top_Relative_Humidity_%,ES642_PM2.5_Concentration_ug/m3,ES642_Air_Flow_Rate_L/min,ES642_Internal_Air_Temperature_degC,ES642_Internal_Relative_Humidity_%,ES642_Internal_Air_Pressure_hpa,ES642_Error_Code_code,2B_Ozone_Concentration_ppbv,2B_Air_Flow_Rate_L/min,2B_Internal_Air_Temperature_degC,2B_Internal_Air_Pressure_hpa,2B405_NO_Concentration_ppbv,2B405_NO2_Concentration_ppbv,2B405_NOX_Concentration_ppbv,2B405_Internal_Air_Temperature_degC,2B405_Internal_Air_Pressure_hpa,2B405_Air_Flow_Rate_L/min,2B405_Cell_O3_Flow_Rate_mL/min,PM2.5_Data_Flagged_binary,Ozone_Data_Flagged_binary,GPS_Data_Flagged_binary,Time_Tuple,Date,Year,Month,Day_of_Year,Day_of_Month,Minute,Hour,Transit_ID
2022-04-01 00:00:00,40.765656,-111.909821,1270.1,-9999.0,-9999.0,-9999.0,13.78,19.36,11.39,31.17,1.0,2.0,17.28,16.0,867.7,0.0,44.2,2.18,33.2,808.0,-0.6,9.9,9.3,23.4,808.8,1.78,118.4,0.0,0,1,"time.struct_time(tm_year=2022, tm_mon=4, tm_mday=1, tm_hour=0, tm_min=0, tm_sec=0, tm_wday=4, tm_yday=91, tm_isdst=-1)",2022-04-01,2022,4,91,1,0,0,BUS02
2022-04-01 00:02:30,40.765648,-111.909828,1270.6,-9999.0,-9999.0,-9999.0,13.78,19.35,11.45,30.09,2.0,2.0,17.28,16.0,867.7,0.0,31.4,2.2,33.2,808.3,-1.1,8.1,7.0,23.4,808.7,1.78,119.0,0.0,0,1,"time.struct_time(tm_year=2022, tm_mon=4, tm_mday=1, tm_hour=0, tm_min=2, tm_sec=30, tm_wday=4, tm_yday=91, tm_isdst=-1)",2022-04-01,2022,4,91,1,2,0,BUS02
2022-04-01 00:05:00,40.765636,-111.909821,1270.0,-9999.0,-9999.0,-9999.0,13.78,19.34,11.31,32.02,1.0,2.0,17.28,16.0,867.7,0.0,43.0,2.19,33.2,807.9,4.3,14.5,18.8,23.5,808.8,1.78,118.8,0.0,0,0,"time.struct_time(tm_year=2022, tm_mon=4, tm_mday=1, tm_hour=0, tm_min=5, tm_sec=0, tm_wday=4, tm_yday=91, tm_isdst=-1)",2022-04-01,2022,4,91,1,5,0,BUS02
2022-04-01 00:07:30,40.765644,-111.909821,1270.0,-9999.0,-9999.0,-9999.0,13.78,19.33,11.25,31.76,1.0,2.0,17.22,16.0,867.5,0.0,39.9,2.19,33.2,808.2,5.3,11.6,16.9,23.5,808.8,1.78,118.7,0.0,0,0,"time.struct_time(tm_year=2022, tm_mon=4, tm_mday=1, tm_hour=0, tm_min=7, tm_sec=30, tm_wday=4, tm_yday=91, tm_isdst=-1)",2022-04-01,2022,4,91,1,7,0,BUS02
2022-04-01 00:10:00,40.765663,-111.909805,1270.1,-9999.0,-9999.0,-9999.0,13.78,19.32,11.29,31.17,1.0,2.0,17.22,16.0,867.6,0.0,42.6,2.19,33.2,808.0,2.9,11.5,14.4,23.5,808.8,1.78,118.6,0.0,0,0,"time.struct_time(tm_year=2022, tm_mon=4, tm_mday=1, tm_hour=0, tm_min=10, tm_sec=0, tm_wday=4, tm_yday=91, tm_isdst=-1)",2022-04-01,2022,4,91,1,10,0,BUS02
2022-04-01 00:12:30,40.765671,-111.909798,1269.2,-9999.0,-9999.0,-9999.0,13.78,19.3,11.17,30.91,1.0,2.0,17.22,16.0,867.7,0.0,43.3,2.2,33.2,808.3,-0.1,7.0,6.9,23.5,808.9,1.79,118.7,0.0,0,0,"time.struct_time(tm_year=2022, tm_mon=4, tm_mday=1, tm_hour=0, tm_min=12, tm_sec=30, tm_wday=4, tm_yday=91, tm_isdst=-1)",2022-04-01,2022,4,91,1,12,0,BUS02
2022-04-01 00:15:00,40.76569,-111.909782,1269.8,-9999.0,-9999.0,-9999.0,13.78,19.28,11.13,31.31,2.0,2.0,17.11,16.0,867.8,0.0,45.1,2.2,33.2,808.0,4.1,8.5,12.7,23.5,808.8,1.78,118.8,0.0,0,0,"time.struct_time(tm_year=2022, tm_mon=4, tm_mday=1, tm_hour=0, tm_min=15, tm_sec=0, tm_wday=4, tm_yday=91, tm_isdst=-1)",2022-04-01,2022,4,91,1,15,0,BUS02
2022-04-01 00:17:30,40.765694,-111.909782,1270.6,-9999.0,-9999.0,-9999.0,13.78,19.26,11.23,31.28,1.0,2.0,17.11,16.0,867.8,0.0,39.8,2.19,33.2,808.3,-1.0,5.1,4.1,23.5,808.9,1.78,118.7,0.0,0,0,"time.struct_time(tm_year=2022, tm_mon=4, tm_mday=1, tm_hour=0, tm_min=17, tm_sec=30, tm_wday=4, tm_yday=91, tm_isdst=-1)",2022-04-01,2022,4,91,1,17,0,BUS02
2022-04-01 00:20:00,40.765694,-111.909767,1270.2,-9999.0,-9999.0,-9999.0,13.78,19.24,11.14,32.44,1.0,2.0,17.0,16.0,867.6,0.0,36.2,2.19,33.2,808.0,-2.1,9.1,6.9,23.6,808.9,1.78,118.8,0.0,0,0,"time.struct_time(tm_year=2022, tm_mon=4, tm_mday=1, tm_hour=0, tm_min=20, tm_sec=0, tm_wday=4, tm_yday=91, tm_isdst=-1)",2022-04-01,2022,4,91,1,20,0,BUS02
2022-04-01 00:22:30,40.765694,-111.909767,1270.3,-9999.0,-9999.0,-9999.0,13.78,19.22,11.17,30.92,1.0,2.0,17.0,16.0,867.6,0.0,37.7,2.2,33.2,808.4,1.2,9.8,11.0,23.6,808.8,1.78,118.9,0.0,0,0,"time.struct_time(tm_year=2022, tm_mon=4, tm_mday=1, tm_hour=0, tm_min=22, tm_sec=30, tm_wday=4, tm_yday=91, tm_isdst=-1)",2022-04-01,2022,4,91,1,22,0,BUS02
2022-04-01 00:25:00,40.765697,-111.90976,1269.4,-9999.0,-9999.0,-9999.0,13.78,19.2,11.33,30.59,1.0,2.0,16.89,16.0,867.9,0.0,36.8,2.19,33.2,808.0,-1.4,6.0,4.6,23.6,808.8,1.78,118.8,0.0,0,0,"time.struct_time(tm_year=2022, tm_mon=4, tm_mday=1, tm_hour=0, tm_min=25, tm_sec=0, tm_wday=4, tm_yday=91, tm_isdst=-1)",2022-04-01,2022,4,91,1,25,0,BUS02
2022-04-01 00:28:35,40.765709,-111.909752,1269.0,-9999.0,-9999.0,-9999.0,13.78,19.16,11.27,30.55,1.0,2.0,16.78,16.0,867.7,0.0,30.5,2.19,33.2,808.1,-0.9,14.7,13.7,23.6,808.9,1.84,116.1,0.0,0,0,"time.struct_time(tm_year=2022, tm_mon=4, tm_mday=1, tm_hour=0, tm_min=28, tm_sec=35, tm_wday=4, tm_yday=91, tm_isdst=-1)",2022-04-01,2022,4,91,1,28,0,BUS02
2022-04-01 00:31:05,40.765697,-111.909752,1268.4,-9999.0,-9999.0,-9999.0,13.78,19.13,11.19,31.47,2.0,2.0,16.78,16.0,867.9,0.0,21.6,2.2,33.2,808.3,9.4,13.9,23.2,23.6,808.8,1.84,116.5,0.0,0,0,"time.struct_time(tm_year=2022, tm_mon=4, tm_mday=1, tm_hour=0, tm_min=31, tm_sec=5, tm_wday=4, tm_yday=91, tm_isdst=-1)",2022-04-01,2022,4,91,1,31,0,BUS02
2022-04-01 00:33:35,40.76569,-111.90976,1269.0,-9999.0,-9999.0,-9999.0,13.78,19.11,11.15,31.28,2.0,2.0,16.78,16.0,867.9,0.0,32.8,2.18,33.2,808.0,7.9,20.5,28.4,23.6,808.9,1.84,116.2,0.0,0,0,"time.struct_time(tm_year=2022, tm_mon=4, tm_mday=1, tm_hour=0, tm_min=33, tm_sec=35, tm_wday=4, tm_yday=91, tm_isdst=-1)",2022-04-01,2022,4,91,1,33,0,BUS02
2022-04-01 00:36:05,40.76569,-111.909767,1268.8,-9999.0,-9999.0,-9999.0,13.78,19.09,11.11,31.13,1.0,2.0,16.72,16.0,867.6,0.0,34.4,2.2,33.2,808.4,1.4,12.0,13.4,23.7,808.9,1.84,116.3,0.0,0,0,"time.struct_time(tm_year=2022, tm_mon=4, tm_mday=1, tm_hour=0, tm_min=36, tm_sec=5, tm_wday=4, tm_yday=91, tm_isdst=-1)",2022-04-01,2022,4,91,1,36,0,BUS02
2022-04-01 00:38:35,40.765678,-111.909767,1269.3,-9999.0,-9999.0,-9999.0,13.78,19.06,11.06,31.82,1.0,2.0,16.72,16.0,867.8,0.0,37.7,2.19,33.2,808.1,-1.0,6.8,5.8,23.7,808.8,1.84,116.6,0.0,0,0,"time.struct_time(tm_year=2022, tm_mon=4, tm_mday=1, tm_hour=0, tm_min=38, tm_sec=35, tm_wday=4, tm_yday=91, tm_isdst=-1)",2022-04-01,2022,4,91,1,38,0,BUS02
2022-04-01 00:41:05,40.765675,-111.90976,1269.8,-9999.0,-9999.0,-9999.0,13.78,19.04,11.04,31.57,2.0,2.0,16.72,16.0,867.8,0.0,27.6,2.18,33.1,808.3,57.9,14.0,71.9,23.7,808.7,1.84,116.9,0.0,0,0,"time.struct_time(tm_year=2022, tm_mon=4, tm_mday=1, tm_hour=0, tm_min=41, tm_sec=5, tm_wday=4, tm_yday=91, tm_isdst=-1)",2022-04-01,2022,4,91,1,41,0,BUS02
2022-04-01 00:43:35,40.765675,-111.90976,1270.3,-9999.0,-9999.0,-9999.0,13.78,19.02,10.95,32.35,2.0,2.0,16.61,16.0,867.6,0.0,27.3,2.19,33.1,808.0,24.3,25.7,50.0,23.7,808.7,1.84,116.7,0.0,0,0,"time.struct_time(tm_year=2022, tm_mon=4, tm_mday=1, tm_hour=0, tm_min=43, tm_sec=35, tm_wday=4, tm_yday=91, tm_isdst=-1)",2022-04-01,2022,4,91,1,43,0,BUS02
2022-04-01 00:46:05,40.765678,-111.909752,1270.9,-9999.0,-9999.0,-9999.0,13.78,18.99,10.8,33.05,1.0,2.0,16.61,16.0,867.7,0.0,34.3,2.19,33.1,808.4,4.5,13.7,18.2,23.7,808.7,1.84,116.8,0.0,0,0,"time.struct_time(tm_year=2022, tm_mon=4, tm_mday=1, tm_hour=0, tm_min=46, tm_sec=5, tm_wday=4, tm_yday=91, tm_isdst=-1)",2022-04-01,2022,4,91,1,46,0,BUS02
2022-04-01 00:48:35,40.765678,-111.909744,1270.9,-9999.0,-9999.0,-9999.0,13.78,18.97,10.83,33.25,2.0,2.0,16.61,16.0,867.7,0.0,19.4,2.18,33.1,808.1,21.2,14.9,36.1,23.7,808.9,1.84,116.5,0.0,0,0,"time.struct_time(tm_year=2022, tm_mon=4, tm_mday=1, tm_hour=0, tm_min=48, tm_sec=35, tm_wday=4, tm_yday=91, tm_isdst=-1)",2022-04-01,2022,4,91,1,48,0,BUS02
2022-04-01 00:51:05,40.765667,-111.909737,1270.2,-9999.0,-9999.0,-9999.0,13.78,18.94,10.93,33.7,1.0,2.0,16.5,16.0,867.7,0.0,40.0,2.19,33.1,808.3,14.9,12.4,27.3,23.7,808.7,1.84,116.8,0.0,0,0,"time.struct_time(tm_year=2022, tm_mon=4, tm_mday=1, tm_hour=0, tm_min=51, tm_sec=5, tm_wday=4, tm_yday=91, tm_isdst=-1)",2022-04-01,2022,4,91,1,51,0,BUS02
2022-04-01 00:53:35,40.765663,-111.909737,1270.3,-9999.0,-9999.0,-9999.0,13.78,18.91,10.94,33.47,1.0,2.0,16.39,16.0,867.7,0.0,33.1,2.18,33.1,808.0,1.9,6.4,8.3,23.7,808.7,1.84,116.8,0.0,0,0,"time.struct_time(tm_year=2022, tm_mon=4, tm_mday=1, tm_hour=0, tm_min=53, tm_sec=35, tm_wday=4, tm_yday=91, tm_isdst=-1)",2022-04-01,2022,4,91,1,53,0,BUS02
2022-04-01 00:56:05,40.765648,-111.909729,1270.1,-9999.0,-9999.0,-9999.0,13.78,18.88,10.91,32.88,1.0,2.0,16.39,16.0,867.7,0.0,42.3,2.19,33.1,808.3,0.0,8.1,8.1,23.7,808.6,1.84,116.9,0.0,0,0,"time.struct_time(tm_year=2022, tm_mon=4, tm_mday=1, tm_hour=0, tm_min=56, tm_sec=5, tm_wday=4, tm_yday=91, tm_isdst=-1)",2022-04-01,2022,4,91,1,56,0,BUS02
2022-04-01 00:58:35,40.765644,-111.909714,1269.4,-9999.0,-9999.0,-9999.0,13.78,18.85,10.95,33.25,1.0,2.0,16.39,16.0,867.6,0.0,38.6,2.19,33.0,808.1,-1.2,5.7,4.5,23.7,808.7,1.83,116.6,0.0,0,0,"time.struct_time(tm_year=2022, tm_mon=4, tm_mday=1, tm_hour=0, tm_min=58, tm_sec=35, tm_wday=4, tm_yday=91, tm_isdst=-1)",2022-04-01,2022,4,91,1,58,0,BUS02
2022-04-01 01:01:05,40.765652,-111.909714,1269.0,-9999.0,-9999.0,-9999.0,13.78,18.82,10.92,34.25,2.0,2.0,16.39,16.0,867.7,0.0,31.1,2.19,33.0,808.3,-9999.0,-9999.0,-9999.0,-9999.0,-9999.0,-9999.0,-9999.0,0.0,0,0,"time.struct_time(tm_year=2022, tm_mon=4, tm_mday=1, tm_hour=1, tm_min=1, tm_sec=5, tm_wday=4, tm_yday=91, tm_isdst=-1)",2022-04-01,2022,4,91,1,1,1,BUS02
2022-04-01 01:03:35,40.765663,-111.909706,1268.9,-9999.0,-9999.0,-9999.0,13.78,18.79,10.74,33.91,1.0,2.0,16.28,16.0,867.7,0.0,37.4,2.19,33.0,808.0,7.4,10.8,18.2,23.7,808.7,1.84,116.9,0.0,0,0,"time.struct_time(tm_year=2022, tm_mon=4, tm_mday=1, tm_hour=1, tm_min=3, tm_sec=35, tm_wday=4, tm_yday=91, tm_isdst=-1)",2022-04-01,2022,4,91,1,3,1,BUS02
2022-04-01 01:06:05,40.765652,-111.909706,1269.2,-9999.0,-9999.0,-9999.0,13.78,18.77,10.7,34.27,4.0,2.0,16.28,17.0,867.6,0.0,-0.1,2.19,33.0,808.3,173.9,15.7,189.6,23.7,808.7,1.84,116.9,0.0,0,0,"time.struct_time(tm_year=2022, tm_mon=4, tm_mday=1, tm_hour=1, tm_min=6, tm_sec=5, tm_wday=4, tm_yday=91, tm_isdst=-1)",2022-04-01,2022,4,91,1,6,1,BUS02
2022-04-01 01:08:35,40.765659,-111.909714,1268.7,-9999.0,-9999.0,-9999.0,13.78,18.74,10.68,34.44,2.0,2.0,16.28,17.0,867.7,0.0,9.7,2.19,33.0,808.0,136.4,52.6,189.0,23.7,808.6,1.84,117.1,0.0,0,0,"time.struct_time(tm_year=2022, tm_mon=4, tm_mday=1, tm_hour=1, tm_min=8, tm_sec=35, tm_wday=4, tm_yday=91, tm_isdst=-1)",2022-04-01,2022,4,91,1,8,1,BUS02
2022-04-01 01:11:05,40.765652,-111.909698,1268.9,-9999.0,-9999.0,-9999.0,13.78,18.72,10.64,34.89,2.0,2.0,16.28,17.0,867.7,0.0,30.1,2.19,33.0,808.3,-9999.0,-9999.0,-9999.0,-9999.0,-9999.0,-9999.0,-9999.0,0.0,0,0,"time.struct_time(tm_year=2022, tm_mon=4, tm_mday=1, tm_hour=1, tm_min=11, tm_sec=5, tm_wday=4, tm_yday=91, tm_isdst=-1)",2022-04-01,2022,4,91,1,11,1,BUS02
2022-04-01 01:13:35,40.765659,-111.909691,1268.2,-9999.0,-9999.0,-9999.0,13.78,18.69,10.58,34.92,1.0,2.0,16.28,17.0,867.6,0.0,22.5,2.19,32.9,808.0,-9999.0,-9999.0,-9999.0,-9999.0,-9999.0,-9999.0,-9999.0,0.0,0,0,"time.struct_time(tm_year=2022, tm_mon=4, tm_mday=1, tm_hour=1, tm_min=13, tm_sec=35, tm_wday=4, tm_yday=91, tm_isdst=-1)",2022-04-01,2022,4,91,1,13,1,BUS02
2022-04-01 01:16:05,40.765663,-111.909683,1268.3,-9999.0,-9999.0,-9999.0,13.78,18.67,10.61,35.03,1.0,2.0,16.28,17.0,867.6,0.0,32.2,2.19,32.9,808.2,-9999.0,-9999.0,-9999.0,-9999.0,-9999.0,-9999.0,-9999.0,0.0,0,0,"time.struct_time(tm_year=2022, tm_mon=4, tm_mday=1, tm_hour=1, tm_min=16, tm_sec=5, tm_wday=4, tm_yday=91, tm_isdst=-1)",2022-04-01,2022,4,91,1,16,1,BUS02
2022-04-01 01:18:35,40.765659,-111.909676,1268.9,-9999.0,-9999.0,-9999.0,13.78,18.65,10.66,33.84,2.0,2.0,16.22,17.0,867.6,0.0,26.1,2.2,32.9,807.9,4.4,10.3,14.7,23.7,808.6,1.84,117.4,0.0,0,0,"time.struct_time(tm_year=2022, tm_mon=4, tm_mday=1, tm_hour=1, tm_min=18, tm_sec=35, tm_wday=4, tm_yday=91, tm_isdst=-1)",2022-04-01,2022,4,91,1,18,1,BUS02
2022-04-01 01:21:05,40.765644,-111.909683,1269.4,-9999.0,-9999.0,-9999.0,13.78,18.64,10.8,33.35,1.0,2.0,16.22,16.0,867.5,0.0,40.2,2.19,32.9,808.1,0.1,7.2,7.3,23.7,808.5,1.84,117.6,0.0,0,0,"time.struct_time(tm_year=2022, tm_mon=4, tm_mday=1, tm_hour=1, tm_min=21, tm_sec=5, tm_wday=4, tm_yday=91, tm_isdst=-1)",2022-04-01,2022,4,91,1,21,1,BUS02
2022-04-01 01:23:35,40.765636,-111.909683,1269.8,-9999.0,-9999.0,-9999.0,13.78,18.62,10.87,33.19,2.0,2.0,16.22,16.0,867.4,0.0,32.1,2.18,32.9,807.8,1.3,3.0,4.3,23.7,808.4,1.84,117.7,0.0,0,0,"time.struct_time(tm_year=2022, tm_mon=4, tm_mday=1, tm_hour=1, tm_min=23, tm_sec=35, tm_wday=4, tm_yday=91, tm_isdst=-1)",2022-04-01,2022,4,91,1,23,1,BUS02
2022-04-01 01:26:05,40.765629,-111.909683,1269.5,-9999.0,-9999.0,-9999.0,13.78,18.6,10.89,32.95,1.0,2.0,16.11,16.0,867.5,0.0,38.8,2.18,32.8,808.2,2.3,11.5,13.7,23.7,808.5,1.84,117.5,0.0,0,0,"time.struct_time(tm_year=2022, tm_mon=4, tm_mday=1, tm_hour=1, tm_min=26, tm_sec=5, tm_wday=4, tm_yday=91, tm_isdst=-1)",2022-04-01,2022,4,91,1,26,1,BUS02
2022-04-01 01:29:40,40.765629,-111.909691,1270.8,-9999.0,-9999.0,-9999.0,13.78,18.57,10.87,32.95,1.0,2.0,16.11,16.0,867.6,0.0,27.4,2.18,32.8,807.8,2.7,12.0,14.7,23.7,808.4,1.78,119.5,0.0,0,0,"time.struct_time(tm_year=2022, tm_mon=4, tm_mday=1, tm_hour=1, tm_min=29, tm_sec=40, tm_wday=4, tm_yday=91, tm_isdst=-1)",2022-04-01,2022,4,91,1,29,1,BUS02
2022-04-01 01:32:10,40.765621,-111.909683,1270.7,-9999.0,-9999.0,-9999.0,13.78,18.55,10.77,33.29,2.0,2.0,16.0,16.0,867.6,0.0,25.8,2.2,32.8,808.1,11.3,24.0,35.3,23.7,808.4,1.78,119.6,0.0,0,0,"time.struct_time(tm_year=2022, tm_mon=4, tm_mday=1, tm_hour=1, tm_min=32, tm_sec=10, tm_wday=4, tm_yday=91, tm_isdst=-1)",2022-04-01,2022,4,91,1,32,1,BUS02
2022-04-01 01:34:40,40.765614,-111.909676,1269.7,-9999.0,-9999.0,-9999.0,13.78,18.53,10.66,33.7,2.0,2.0,16.0,16.0,867.6,0.0,20.7,2.19,32.8,807.8,58.7,24.6,83.3,23.7,808.6,1.78,119.2,0.0,0,0,"time.struct_time(tm_year=2022, tm_mon=4, tm_mday=1, tm_hour=1, tm_min=34, tm_sec=40, tm_wday=4, tm_yday=91, tm_isdst=-1)",2022-04-01,2022,4,91,1,34,1,BUS02
2022-04-01 01:37:10,40.765621,-111.909683,1269.0,-9999.0,-9999.0,-9999.0,13.78,18.51,10.67,33.31,1.0,2.0,16.0,16.0,867.3,0.0,28.7,2.19,32.8,808.0,34.1,30.9,65.0,23.7,808.5,1.78,119.4,0.0,0,0,"time.struct_time(tm_year=2022, tm_mon=4, tm_mday=1, tm_hour=1, tm_min=37, tm_sec=10, tm_wday=4, tm_yday=91, tm_isdst=-1)",2022-04-01,2022,4,91,1,37,1,BUS02
2022-04-01 01:39:40,40.765633,-111.909691,1269.3,-9999.0,-9999.0,-9999.0,13.78,18.5,10.67,33.03,1.0,2.0,16.0,16.0,867.3,0.0,28.3,2.19,32.8,807.7,13.0,25.0,38.0,23.7,808.5,1.78,119.2,0.0,0,0,"time.struct_time(tm_year=2022, tm_mon=4, tm_mday=1, tm_hour=1, tm_min=39, tm_sec=40, tm_wday=4, tm_yday=91, tm_isdst=-1)",2022-04-01,2022,4,91,1,39,1,BUS02
2022-04-01 01:42:10,40.765648,-111.909683,1269.4,-9999.0,-9999.0,-9999.0,13.78,18.48,10.64,33.11,1.0,2.0,16.0,16.0,867.3,0.0,31.9,2.19,32.7,808.0,-1.3,11.0,9.7,23.6,808.5,1.78,119.2,0.0,0,0,"time.struct_time(tm_year=2022, tm_mon=4, tm_mday=1, tm_hour=1, tm_min=42, tm_sec=10, tm_wday=4, tm_yday=91, tm_isdst=-1)",2022-04-01,2022,4,91,1,42,1,BUS02
2022-04-01 01:44:40,40.765663,-111.909683,1269.6,-9999.0,-9999.0,-9999.0,13.78,18.46,10.62,33.07,2.0,2.0,15.89,16.0,867.4,0.0,13.0,2.2,32.7,807.7,13.1,20.0,33.1,23.6,808.4,1.78,119.3,0.0,0,0,"time.struct_time(tm_year=2022, tm_mon=4, tm_mday=1, tm_hour=1, tm_min=44, tm_sec=40, tm_wday=4, tm_yday=91, tm_isdst=-1)",2022-04-01,2022,4,91,1,44,1,BUS02
2022-04-01 01:47:10,40.765667,-111.909676,1269.8,-9999.0,-9999.0,-9999.0,13.78,18.45,10.64,32.57,1.0,2.0,15.89,16.0,867.5,0.0,27.9,2.19,32.7,807.9,10.8,26.6,37.4,23.6,808.4,1.78,119.2,0.0,0,0,"time.struct_time(tm_year=2022, tm_mon=4, tm_mday=1, tm_hour=1, tm_min=47, tm_sec=10, tm_wday=4, tm_yday=91, tm_isdst=-1)",2022-04-01,2022,4,91,1,47,1,BUS02
2022-04-01 01:49:40,40.765671,-111.909683,1269.9,-9999.0,-9999.0,-9999.0,13.78,18.43,10.6,32.04,1.0,2.0,15.89,16.0,867.2,0.0,38.9,2.2,32.7,807.6,-1.8,10.3,8.5,23.6,808.4,1.78,119.3,0.0,0,0,"time.struct_time(tm_year=2022, tm_mon=4, tm_mday=1, tm_hour=1, tm_min=49, tm_sec=40, tm_wday=4, tm_yday=91, tm_isdst=-1)",2022-04-01,2022,4,91,1,49,1,BUS02
2022-04-01 01:52:10,40.765678,-111.909683,1269.9,-9999.0,-9999.0,-9999.0,13.78,18.42,10.54,32.33,1.0,2.0,15.89,16.0,867.2,0.0,30.5,2.18,32.7,808.0,-0.8,9.5,8.7,23.6,808.4,1.78,119.2,0.0,0,0,"time.struct_time(tm_year=2022, tm_mon=4, tm_mday=1, tm_hour=1, tm_min=52, tm_sec=10, tm_wday=4, tm_yday=91, tm_isdst=-1)",2022-04-01,2022,4,91,1,52,1,BUS02
2022-04-01 01:54:40,40.765682,-111.909676,1270.5,-9999.0,-9999.0,-9999.0,13.78,18.4,10.55,32.51,1.0,2.0,15.89,16.0,867.2,0.0,34.9,2.19,32.7,807.6,-0.3,12.1,11.8,23.6,808.4,1.78,119.1,0.0,0,0,"time.struct_time(tm_year=2022, tm_mon=4, tm_mday=1, tm_hour=1, tm_min=54, tm_sec=40, tm_wday=4, tm_yday=91, tm_isdst=-1)",2022-04-01,2022,4,91,1,54,1,BUS02
2022-04-01 01:57:10,40.765678,-111.909683,1270.7,-9999.0,-9999.0,-9999.0,13.78,18.39,10.46,31.78,1.0,2.0,15.78,16.0,867.3,0.0,36.5,2.2,32.7,807.9,-0.0,7.3,7.3,23.6,808.4,1.78,119.1,0.0,0,0,"time.struct_time(tm_year=2022, tm_mon=4, tm_mday=1, tm_hour=1, tm_min=57, tm_sec=10, tm_wday=4, tm_yday=91, tm_isdst=-1)",2022-04-01,2022,4,91,1,57,1,BUS02
2022-04-01 01:59:40,40.765678,-111.909683,1270.8,-9999.0,-9999.0,-9999.0,13.78,18.37,10.38,31.7,1.0,2.0,15.78,16.0,867.4,0.0,37.8,2.19,32.6,807.5,-0.0,6.7,6.7,23.6,808.3,1.78,119.6,0.0,0,0,"time.struct_time(tm_year=2022, tm_mon=4, tm_mday=1, tm_hour=1, tm_min=59, tm_sec=40, tm_wday=4, tm_yday=91, tm_isdst=-1)",2022-04-01,2022,4,91,1,59,1,BUS02
2022-04-01 02:02:10,40.765678,-111.909683,1270.9,-9999.0,-9999.0,-9999.0,13.78,18.35,10.36,31.7,2.0,2.0,15.78,16.0,867.3,0.0,36.7,2.19,32.6,807.9,-2.7,6.7,4.0,23.6,808.3,1.78,119.5,0.0,0,0,"time.struct_time(tm_year=2022, tm_mon=4, tm_mday=1, tm_hour=2, tm_min=2, tm_sec=10, tm_wday=4, tm_yday=91, tm_isdst=-1)",2022-04-01,2022,4,91,1,2,2,BUS02
2022-04-01 02:04:40,40.765682,-111.909683,1271.4,-9999.0,-9999.0,-9999.0,13.78,18.33,10.36,31.96,2.0,2.0,15.72,16.0,867.2,0.0,35.3,2.19,32.6,807.6,-3.9,6.7,2.8,23.6,808.2,1.79,119.8,0.0,0,0,"time.struct_time(tm_year=2022, tm_mon=4, tm_mday=1, tm_hour=2, tm_min=4, tm_sec=40, tm_wday=4, tm_yday=91, tm_isdst=-1)",2022-04-01,2022,4,91,1,4,2,BUS02
2022-04-01 02:07:10,40.765694,-111.909676,1272.5,-9999.0,-9999.0,-9999.0,13.78,18.31,10.34,32.12,1.0,2.0,15.72,16.0,867.4,0.0,39.0,2.19,32.6,807.9,-2.9,9.8,6.9,23.6,808.3,1.78,119.3,0.0,0,0,"time.struct_time(tm_year=2022, tm_mon=4, tm_mday=1, tm_hour=2, tm_min=7, tm_sec=10, tm_wday=4, tm_yday=91, tm_isdst=-1)",2022-04-01,2022,4,91,1,7,2,BUS02
2022-04-01 02:09:40,40.765705,-111.909683,1272.7,-9999.0,-9999.0,-9999.0,13.78,18.29,10.38,31.92,2.0,2.0,15.72,16.0,867.3,0.0,35.5,2.19,32.6,807.6,-0.7,6.6,5.8,23.6,808.2,1.78,119.6,0.0,0,0,"time.struct_time(tm_year=2022, tm_mon=4, tm_mday=1, tm_hour=2, tm_min=9, tm_sec=40, tm_wday=4, tm_yday=91, tm_isdst=-1)",2022-04-01,2022,4,91,1,9,2,BUS02
2022-04-01 02:12:10,40.765701,-111.909691,1273.2,-9999.0,-9999.0,-9999.0,13.78,18.27,10.44,31.48,1.0,2.0,15.61,16.0,867.2,0.0,36.2,2.19,32.6,807.9,-1.0,8.7,7.8,23.6,808.3,1.78,119.2,0.0,0,0,"time.struct_time(tm_year=2022, tm_mon=4, tm_mday=1, tm_hour=2, tm_min=12, tm_sec=10, tm_wday=4, tm_yday=91, tm_isdst=-1)",2022-04-01,2022,4,91,1,12,2,BUS02
2022-04-01 02:14:40,40.765709,-111.909683,1273.0,-9999.0,-9999.0,-9999.0,13.78,18.25,10.52,31.05,1.0,2.0,15.5,16.0,867.2,0.0,38.4,2.19,32.6,807.5,2.6,11.5,14.1,23.6,808.2,1.78,119.8,0.0,0,0,"time.struct_time(tm_year=2022, tm_mon=4, tm_mday=1, tm_hour=2, tm_min=14, tm_sec=40, tm_wday=4, tm_yday=91, tm_isdst=-1)",2022-04-01,2022,4,91,1,14,2,BUS02
2022-04-01 02:17:10,40.765713,-111.909683,1273.2,-9999.0,-9999.0,-9999.0,13.78,18.23,10.54,31.16,1.0,2.0,15.5,16.0,867.2,0.0,24.4,2.19,32.5,807.9,-0.1,11.8,11.7,23.5,808.2,1.78,119.7,0.0,0,0,"time.struct_time(tm_year=2022, tm_mon=4, tm_mday=1, tm_hour=2, tm_min=17, tm_sec=10, tm_wday=4, tm_yday=91, tm_isdst=-1)",2022-04-01,2022,4,91,1,17,2,BUS02
2022-04-01 02:19:40,40.765713,-111.909683,1272.9,-9999.0,-9999.0,-9999.0,13.78,18.2,10.54,31.4,1.0,2.0,15.5,16.0,867.3,0.0,24.1,2.2,32.5,807.6,4.3,17.4,21.8,23.5,808.3,1.78,119.3,0.0,0,0,"time.struct_time(tm_year=2022, tm_mon=4, tm_mday=1, tm_hour=2, tm_min=19, tm_sec=40, tm_wday=4, tm_yday=91, tm_isdst=-1)",2022-04-01,2022,4,91,1,19,2,BUS02
2022-04-01 02:22:10,40.765713,-111.909683,1273.1,-9999.0,-9999.0,-9999.0,13.78,18.18,10.53,31.6,1.0,2.0,15.5,16.0,867.2,0.0,19.4,2.19,32.5,807.9,2.3,23.5,25.7,23.5,808.3,1.78,119.4,0.0,0,0,"time.struct_time(tm_year=2022, tm_mon=4, tm_mday=1, tm_hour=2, tm_min=22, tm_sec=10, tm_wday=4, tm_yday=91, tm_isdst=-1)",2022-04-01,2022,4,91,1,22,2,BUS02
2022-04-01 02:24:40,40.765713,-111.909676,1272.8,-9999.0,-9999.0,-9999.0,13.78,18.16,10.41,32.02,1.0,2.0,15.39,16.0,867.2,0.0,24.3,2.18,32.5,807.5,-0.9,27.6,26.7,23.5,808.2,1.78,119.5,0.0,0,0,"time.struct_time(tm_year=2022, tm_mon=4, tm_mday=1, tm_hour=2, tm_min=24, tm_sec=40, tm_wday=4, tm_yday=91, tm_isdst=-1)",2022-04-01,2022,4,91,1,24,2,BUS02
2022-04-01 02:27:10,40.765717,-111.909683,1272.9,-9999.0,-9999.0,-9999.0,13.78,18.14,10.37,32.09,1.0,2.0,15.39,16.0,867.2,0.0,24.0,2.2,32.5,807.9,2.5,20.7,23.2,23.5,808.4,1.79,119.5,0.0,0,0,"time.struct_time(tm_year=2022, tm_mon=4, tm_mday=1, tm_hour=2, tm_min=27, tm_sec=10, tm_wday=4, tm_yday=91, tm_isdst=-1)",2022-04-01,2022,4,91,1,27,2,BUS02
2022-04-01 02:30:45,40.765713,-111.909676,1273.6,-9999.0,-9999.0,-9999.0,13.78,18.11,10.36,32.36,1.0,2.0,15.39,16.0,867.5,0.0,36.1,2.19,32.4,807.9,2.9,15.8,18.7,23.5,808.3,1.84,117.1,0.0,0,0,"time.struct_time(tm_year=2022, tm_mon=4, tm_mday=1, tm_hour=2, tm_min=30, tm_sec=45, tm_wday=4, tm_yday=91, tm_isdst=-1)",2022-04-01,2022,4,91,1,30,2,BUS02
2022-04-01 02:33:15,40.765717,-111.909676,1273.8,-9999.0,-9999.0,-9999.0,13.78,18.08,10.32,33.25,2.0,2.0,15.28,16.0,867.4,0.0,30.2,2.19,32.4,807.6,-1.3,10.4,9.1,23.5,808.3,1.84,117.0,0.0,0,0,"time.struct_time(tm_year=2022, tm_mon=4, tm_mday=1, tm_hour=2, tm_min=33, tm_sec=15, tm_wday=4, tm_yday=91, tm_isdst=-1)",2022-04-01,2022,4,91,1,33,2,BUS02
2022-04-01 02:35:45,40.765717,-111.909676,1273.1,-9999.0,-9999.0,-9999.0,13.78,18.06,10.34,33.43,2.0,2.0,15.22,16.0,867.5,0.0,29.0,2.19,32.4,807.9,0.5,7.2,7.7,23.5,808.4,1.84,117.1,0.0,0,0,"time.struct_time(tm_year=2022, tm_mon=4, tm_mday=1, tm_hour=2, tm_min=35, tm_sec=45, tm_wday=4, tm_yday=91, tm_isdst=-1)",2022-04-01,2022,4,91,1,35,2,BUS02
2022-04-01 02:38:15,40.76572,-111.909676,1273.0,-9999.0,-9999.0,-9999.0,13.78,18.03,10.39,33.59,2.0,2.0,15.22,16.0,867.5,0.0,29.7,2.19,32.4,807.7,0.0,10.8,10.8,23.4,808.3,1.84,117.1,0.0,0,0,"time.struct_time(tm_year=2022, tm_mon=4, tm_mday=1, tm_hour=2, tm_min=38, tm_sec=15, tm_wday=4, tm_yday=91, tm_isdst=-1)",2022-04-01,2022,4,91,1,38,2,BUS02
2022-04-01 02:40:45,40.765713,-111.909683,1273.4,-9999.0,-9999.0,-9999.0,13.78,18.0,10.34,33.45,2.0,2.0,15.11,16.0,867.4,0.0,32.5,2.18,32.4,808.0,2.6,9.6,12.2,23.4,808.4,1.84,117.0,0.0,0,0,"time.struct_time(tm_year=2022, tm_mon=4, tm_mday=1, tm_hour=2, tm_min=40, tm_sec=45, tm_wday=4, tm_yday=91, tm_isdst=-1)",2022-04-01,2022,4,91,1,40,2,BUS02
2022-04-01 02:43:15,40.765713,-111.909691,1273.7,-9999.0,-9999.0,-9999.0,13.78,17.97,10.28,33.67,3.0,2.0,15.0,16.0,867.3,0.0,29.6,2.18,32.3,807.6,-1.5,11.7,10.2,23.4,808.3,1.84,117.0,0.0,0,0,"time.struct_time(tm_year=2022, tm_mon=4, tm_mday=1, tm_hour=2, tm_min=43, tm_sec=15, tm_wday=4, tm_yday=91, tm_isdst=-1)",2022-04-01,2022,4,91,1,43,2,BUS02
2022-04-01 02:45:45,40.765717,-111.909698,1273.9,-9999.0,-9999.0,-9999.0,13.78,17.94,10.26,33.37,3.0,2.0,15.0,16.0,867.4,0.0,30.4,2.18,32.3,808.0,-2.4,12.6,10.2,23.4,808.4,1.84,117.2,0.0,0,0,"time.struct_time(tm_year=2022, tm_mon=4, tm_mday=1, tm_hour=2, tm_min=45, tm_sec=45, tm_wday=4, tm_yday=91, tm_isdst=-1)",2022-04-01,2022,4,91,1,45,2,BUS02
2022-04-01 02:48:15,40.76572,-111.909698,1273.8,-9999.0,-9999.0,-9999.0,13.78,17.9,10.26,33.25,2.0,2.0,14.89,16.0,867.3,0.0,27.6,2.18,32.3,807.6,0.6,10.6,11.2,23.4,808.3,1.84,117.1,0.0,0,0,"time.struct_time(tm_year=2022, tm_mon=4, tm_mday=1, tm_hour=2, tm_min=48, tm_sec=15, tm_wday=4, tm_yday=91, tm_isdst=-1)",2022-04-01,2022,4,91,1,48,2,BUS02
2022-04-01 02:50:45,40.76572,-111.909714,1273.8,-9999.0,-9999.0,-9999.0,13.78,17.87,10.26,33.29,2.0,2.0,14.89,16.0,867.5,0.0,28.2,2.19,32.3,808.1,-1.1,12.2,11.1,23.4,808.4,1.84,116.9,0.0,0,0,"time.struct_time(tm_year=2022, tm_mon=4, tm_mday=1, tm_hour=2, tm_min=50, tm_sec=45, tm_wday=4, tm_yday=91, tm_isdst=-1)",2022-04-01,2022,4,91,1,50,2,BUS02
2022-04-01 02:53:15,40.765717,-111.909714,1274.4,-9999.0,-9999.0,-9999.0,13.78,17.83,10.24,33.19,1.0,2.0,14.78,16.0,867.5,0.0,30.5,2.19,32.3,807.7,-1.2,12.8,11.6,23.3,808.5,1.84,117.0,0.0,0,0,"time.struct_time(tm_year=2022, tm_mon=4, tm_mday=1, tm_hour=2, tm_min=53, tm_sec=15, tm_wday=4, tm_yday=91, tm_isdst=-1)",2022-04-01,2022,4,91,1,53,2,BUS02
2022-04-01 02:55:45,40.76572,-111.909729,1274.9,-9999.0,-9999.0,-9999.0,13.78,17.79,10.2,33.39,2.0,2.0,14.78,16.0,867.7,0.0,27.0,2.18,32.2,808.1,-1.7,14.9,13.2,23.3,808.4,1.84,117.3,0.0,0,0,"time.struct_time(tm_year=2022, tm_mon=4, tm_mday=1, tm_hour=2, tm_min=55, tm_sec=45, tm_wday=4, tm_yday=91, tm_isdst=-1)",2022-04-01,2022,4,91,1,55,2,BUS02
2022-04-01 02:58:15,40.765724,-111.909729,1275.1,-9999.0,-9999.0,-9999.0,13.78,17.75,10.2,33.27,3.0,2.0,14.72,16.0,867.4,0.0,27.9,2.19,32.2,807.7,13.6,20.6,34.3,23.3,808.5,1.84,117.2,0.0,0,0,"time.struct_time(tm_year=2022, tm_mon=4, tm_mday=1, tm_hour=2, tm_min=58, tm_sec=15, tm_wday=4, tm_yday=91, tm_isdst=-1)",2022-04-01,2022,4,91,1,58,2,BUS02
2022-04-01 03:00:45,40.765728,-111.909737,1275.6,-9999.0,-9999.0,-9999.0,13.78,17.72,10.16,33.29,2.0,2.0,14.72,16.0,867.7,0.0,25.4,2.19,32.2,808.1,2.8,16.6,19.4,23.3,808.5,1.85,117.1,0.0,0,0,"time.struct_time(tm_year=2022, tm_mon=4, tm_mday=1, tm_hour=3, tm_min=0, tm_sec=45, tm_wday=4, tm_yday=91, tm_isdst=-1)",2022-04-01,2022,4,91,1,0,3,BUS02
2022-04-01 03:03:15,40.765724,-111.909737,1276.0,-9999.0,-9999.0,-9999.0,13.78,17.68,10.1,33.39,2.0,2.0,14.61,16.0,867.4,0.0,31.3,2.18,32.1,807.8,3.0,12.8,15.8,23.3,808.5,1.85,117.2,0.0,0,0,"time.struct_time(tm_year=2022, tm_mon=4, tm_mday=1, tm_hour=3, tm_min=3, tm_sec=15, tm_wday=4, tm_yday=91, tm_isdst=-1)",2022-04-01,2022,4,91,1,3,3,BUS02
2022-04-01 03:05:45,40.765724,-111.909737,1275.9,-9999.0,-9999.0,-9999.0,13.78,17.64,10.06,33.5,3.0,2.0,14.61,16.0,867.5,0.0,26.7,2.19,32.1,808.2,-1.5,14.6,13.1,23.2,808.5,1.84,117.1,0.0,0,0,"time.struct_time(tm_year=2022, tm_mon=4, tm_mday=1, tm_hour=3, tm_min=5, tm_sec=45, tm_wday=4, tm_yday=91, tm_isdst=-1)",2022-04-01,2022,4,91,1,5,3,BUS02
2022-04-01 03:08:15,40.765724,-111.909744,1276.1,-9999.0,-9999.0,-9999.0,13.78,17.6,10.02,33.45,4.0,2.0,14.5,17.0,867.6,0.0,23.5,2.18,32.1,807.8,2.9,14.1,16.9,23.2,808.5,1.84,117.2,0.0,0,0,"time.struct_time(tm_year=2022, tm_mon=4, tm_mday=1, tm_hour=3, tm_min=8, tm_sec=15, tm_wday=4, tm_yday=91, tm_isdst=-1)",2022-04-01,2022,4,91,1,8,3,BUS02
2022-04-01 03:10:45,40.765724,-111.909744,1276.0,-9999.0,-9999.0,-9999.0,13.78,17.56,9.96,33.63,3.0,2.0,14.5,17.0,867.5,0.0,25.2,2.19,32.0,808.3,0.4,14.4,14.8,23.2,808.7,1.85,117.1,0.0,0,0,"time.struct_time(tm_year=2022, tm_mon=4, tm_mday=1, tm_hour=3, tm_min=10, tm_sec=45, tm_wday=4, tm_yday=91, tm_isdst=-1)",2022-04-01,2022,4,91,1,10,3,BUS02
2022-04-01 03:13:15,40.765732,-111.90976,1276.3,-9999.0,-9999.0,-9999.0,13.78,17.52,9.91,33.53,3.0,2.0,14.39,17.0,867.6,0.0,28.9,2.19,32.0,807.9,-0.1,12.2,12.1,23.2,808.7,1.85,117.1,0.0,0,0,"time.struct_time(tm_year=2022, tm_mon=4, tm_mday=1, tm_hour=3, tm_min=13, tm_sec=15, tm_wday=4, tm_yday=91, tm_isdst=-1)",2022-04-01,2022,4,91,1,13,3,BUS02
2022-04-01 03:15:45,40.765743,-111.90976,1276.4,-9999.0,-9999.0,-9999.0,13.78,17.48,9.86,33.45,3.0,2.0,14.39,16.0,867.5,0.0,26.2,2.19,32.0,808.2,-1.5,13.5,12.1,23.1,808.8,1.85,116.7,0.0,0,0,"time.struct_time(tm_year=2022, tm_mon=4, tm_mday=1, tm_hour=3, tm_min=15, tm_sec=45, tm_wday=4, tm_yday=91, tm_isdst=-1)",2022-04-01,2022,4,91,1,15,3,BUS02
2022-04-01 03:18:15,40.765747,-111.90976,1276.1,-9999.0,-9999.0,-9999.0,13.78,17.44,9.82,33.41,2.0,2.0,14.28,16.0,867.6,0.0,32.0,2.19,31.9,807.9,-0.0,13.2,13.2,23.1,808.8,1.85,116.9,0.0,0,0,"time.struct_time(tm_year=2022, tm_mon=4, tm_mday=1, tm_hour=3, tm_min=18, tm_sec=15, tm_wday=4, tm_yday=91, tm_isdst=-1)",2022-04-01,2022,4,91,1,18,3,BUS02
2022-04-01 03:20:45,40.765747,-111.90976,1276.6,-9999.0,-9999.0,-9999.0,13.78,17.4,9.82,32.82,2.0,2.0,14.28,16.0,867.8,0.0,32.3,2.18,31.9,808.3,2.6,10.9,13.4,23.1,808.7,1.85,117.0,0.0,0,0,"time.struct_time(tm_year=2022, tm_mon=4, tm_mday=1, tm_hour=3, tm_min=20, tm_sec=45, tm_wday=4, tm_yday=91, tm_isdst=-1)",2022-04-01,2022,4,91,1,20,3,BUS02
2022-04-01 03:23:15,40.765743,-111.90976,1276.9,-9999.0,-9999.0,-9999.0,13.78,17.36,9.66,32.7,1.0,2.0,14.22,16.0,867.7,0.0,34.0,2.19,31.9,808.0,-0.4,6.7,6.2,23.1,808.7,1.84,116.8,0.0,0,0,"time.struct_time(tm_year=2022, tm_mon=4, tm_mday=1, tm_hour=3, tm_min=23, tm_sec=15, tm_wday=4, tm_yday=91, tm_isdst=-1)",2022-04-01,2022,4,91,1,23,3,BUS02
2022-04-01 03:25:45,40.765743,-111.909752,1277.0,-9999.0,-9999.0,-9999.0,13.78,17.32,9.6,33.13,1.0,2.0,14.22,16.0,867.6,0.0,33.4,2.19,31.8,808.3,-1.0,7.1,6.1,23.0,808.8,1.85,116.9,0.0,0,0,"time.struct_time(tm_year=2022, tm_mon=4, tm_mday=1, tm_hour=3, tm_min=25, tm_sec=45, tm_wday=4, tm_yday=91, tm_isdst=-1)",2022-04-01,2022,4,91,1,25,3,BUS02
2022-04-01 03:28:15,40.765747,-111.909744,1277.3,-9999.0,-9999.0,-9999.0,13.78,17.28,9.56,32.85,2.0,2.0,14.11,16.0,867.9,0.0,39.7,2.18,31.8,808.0,0.7,8.4,9.0,23.0,808.8,1.85,117.0,0.0,0,0,"time.struct_time(tm_year=2022, tm_mon=4, tm_mday=1, tm_hour=3, tm_min=28, tm_sec=15, tm_wday=4, tm_yday=91, tm_isdst=-1)",2022-04-01,2022,4,91,1,28,3,BUS02
2022-04-01 03:31:50,40.765743,-111.909752,1277.4,-9999.0,-9999.0,-9999.0,13.78,17.21,9.43,32.97,1.0,2.0,14.0,16.0,867.9,0.0,40.0,2.18,31.8,808.4,4.2,5.1,9.3,23.0,808.9,1.85,117.5,0.0,0,0,"time.struct_time(tm_year=2022, tm_mon=4, tm_mday=1, tm_hour=3, tm_min=31, tm_sec=50, tm_wday=4, tm_yday=91, tm_isdst=-1)",2022-04-01,2022,4,91,1,31,3,BUS02
2022-04-01 03:34:20,40.765755,-111.909744,1277.4,-9999.0,-9999.0,-9999.0,13.78,17.17,9.31,33.21,1.0,2.0,13.89,16.0,867.9,0.0,35.1,2.18,31.7,808.0,0.0,4.5,4.5,22.9,808.9,1.84,117.5,0.0,0,0,"time.struct_time(tm_year=2022, tm_mon=4, tm_mday=1, tm_hour=3, tm_min=34, tm_sec=20, tm_wday=4, tm_yday=91, tm_isdst=-1)",2022-04-01,2022,4,91,1,34,3,BUS02
2022-04-01 03:36:50,40.765755,-111.909729,1274.6,-9999.0,-9999.0,-9999.0,13.78,17.12,9.27,32.97,1.0,2.0,13.78,16.0,868.0,0.0,37.7,2.19,31.7,808.4,-0.8,5.5,4.7,22.9,808.9,1.84,117.4,0.0,0,0,"time.struct_time(tm_year=2022, tm_mon=4, tm_mday=1, tm_hour=3, tm_min=36, tm_sec=50, tm_wday=4, tm_yday=91, tm_isdst=-1)",2022-04-01,2022,4,91,1,36,3,BUS02
2022-04-01 03:39:20,40.765751,-111.909729,1274.2,-9999.0,-9999.0,-9999.0,13.78,17.07,9.25,32.92,1.0,2.0,13.78,16.0,868.0,0.0,39.3,2.18,31.6,808.0,-1.6,4.4,2.8,22.9,808.9,1.84,117.4,0.0,0,0,"time.struct_time(tm_year=2022, tm_mon=4, tm_mday=1, tm_hour=3, tm_min=39, tm_sec=20, tm_wday=4, tm_yday=91, tm_isdst=-1)",2022-04-01,2022,4,91,1,39,3,BUS02
2022-04-01 03:41:50,40.765755,-111.909729,1273.1,-9999.0,-9999.0,-9999.0,13.78,17.03,9.23,32.99,1.0,2.0,13.78,16.0,867.7,0.0,37.5,2.18,31.6,808.4,0.8,5.0,5.8,22.9,808.9,1.84,117.5,0.0,0,0,"time.struct_time(tm_year=2022, tm_mon=4, tm_mday=1, tm_hour=3, tm_min=41, tm_sec=50, tm_wday=4, tm_yday=91, tm_isdst=-1)",2022-04-01,2022,4,91,1,41,3,BUS02
2022-04-01 03:44:20,40.765755,-111.909729,1273.3,-9999.0,-9999.0,-9999.0,13.78,16.98,9.21,33.09,1.0,2.0,13.78,16.0,867.7,0.0,35.3,2.17,31.6,808.1,1.3,7.3,8.6,22.8,808.9,1.85,117.7,0.0,0,0,"time.struct_time(tm_year=2022, tm_mon=4, tm_mday=1, tm_hour=3, tm_min=44, tm_sec=20, tm_wday=4, tm_yday=91, tm_isdst=-1)",2022-04-01,2022,4,91,1,44,3,BUS02
2022-04-01 03:46:50,40.765755,-111.909737,1272.9,-9999.0,-9999.0,-9999.0,13.78,16.93,9.21,33.13,1.0,2.0,13.72,16.0,868.0,0.0,38.4,2.18,31.5,808.5,-0.6,8.4,7.8,22.8,809.0,1.84,117.3,0.0,0,0,"time.struct_time(tm_year=2022, tm_mon=4, tm_mday=1, tm_hour=3, tm_min=46, tm_sec=50, tm_wday=4, tm_yday=91, tm_isdst=-1)",2022-04-01,2022,4,91,1,46,3,BUS02
2022-04-01 03:49:20,40.765759,-111.909737,1273.3,-9999.0,-9999.0,-9999.0,13.78,16.89,9.17,32.85,1.0,2.0,13.72,16.0,868.0,0.0,35.1,2.18,31.5,808.1,-1.8,7.5,5.7,22.8,809.0,1.85,117.6,0.0,0,0,"time.struct_time(tm_year=2022, tm_mon=4, tm_mday=1, tm_hour=3, tm_min=49, tm_sec=20, tm_wday=4, tm_yday=91, tm_isdst=-1)",2022-04-01,2022,4,91,1,49,3,BUS02
2022-04-01 03:51:50,40.765759,-111.909744,1273.4,-9999.0,-9999.0,-9999.0,13.78,16.85,9.11,32.78,1.0,2.0,13.61,16.0,868.0,0.0,36.7,2.18,31.4,808.5,2.1,6.2,8.2,22.7,809.0,1.84,117.4,0.0,0,0,"time.struct_time(tm_year=2022, tm_mon=4, tm_mday=1, tm_hour=3, tm_min=51, tm_sec=50, tm_wday=4, tm_yday=91, tm_isdst=-1)",2022-04-01,2022,4,91,1,51,3,BUS02
2022-04-01 03:54:20,40.765759,-111.909744,1273.3,-9999.0,-9999.0,-9999.0,13.78,16.8,9.07,32.88,1.0,2.0,13.61,16.0,868.1,0.0,38.3,2.17,31.4,808.2,-1.0,7.0,6.1,22.7,809.1,1.84,117.3,0.0,0,0,"time.struct_time(tm_year=2022, tm_mon=4, tm_mday=1, tm_hour=3, tm_min=54, tm_sec=20, tm_wday=4, tm_yday=91, tm_isdst=-1)",2022-04-01,2022,4,91,1,54,3,BUS02
2022-04-01 03:56:50,40.765762,-111.909752,1273.3,-9999.0,-9999.0,-9999.0,13.78,16.76,9.05,32.82,1.0,2.0,13.61,16.0,868.1,0.0,37.3,2.18,31.3,808.6,0.0,5.0,5.1,22.7,809.1,1.85,117.4,0.0,0,0,"time.struct_time(tm_year=2022, tm_mon=4, tm_mday=1, tm_hour=3, tm_min=56, tm_sec=50, tm_wday=4, tm_yday=91, tm_isdst=-1)",2022-04-01,2022,4,91,1,56,3,BUS02
2022-04-01 03:59:20,40.765774,-111.909752,1274.1,-9999.0,-9999.0,-9999.0,13.78,16.71,9.03,32.48,1.0,2.0,13.5,16.0,868.0,0.0,38.4,2.18,31.3,808.6,-1.3,4.8,3.5,22.6,809.1,1.85,117.3,0.0,0,0,"time.struct_time(tm_year=2022, tm_mon=4, tm_mday=1, tm_hour=3, tm_min=59, tm_sec=20, tm_wday=4, tm_yday=91, tm_isdst=-1)",2022-04-01,2022,4,91,1,59,3,BUS02
2022-04-01 04:01:50,40.765778,-111.90976,1274.8,-9999.0,-9999.0,-9999.0,13.78,16.67,8.99,32.5,1.0,2.0,13.5,16.0,867.9,0.0,41.9,2.18,31.3,808.6,-2.3,4.9,2.6,22.6,809.1,1.84,117.4,0.0,0,0,"time.struct_time(tm_year=2022, tm_mon=4, tm_mday=1, tm_hour=4, tm_min=1, tm_sec=50, tm_wday=4, tm_yday=91, tm_isdst=-1)",2022-04-01,2022,4,91,1,1,4,BUS02
2022-04-01 04:04:20,40.765793,-111.909775,1275.6,-9999.0,-9999.0,-9999.0,13.78,16.62,8.94,32.52,1.0,2.0,13.39,16.0,868.1,0.0,42.1,2.17,31.2,808.6,-1.2,4.6,3.4,22.5,809.2,1.84,117.5,0.0,0,0,"time.struct_time(tm_year=2022, tm_mon=4, tm_mday=1, tm_hour=4, tm_min=4, tm_sec=20, tm_wday=4, tm_yday=91, tm_isdst=-1)",2022-04-01,2022,4,91,1,4,4,BUS02
2022-04-01 04:06:50,40.765793,-111.909782,1275.7,-9999.0,-9999.0,-9999.0,13.78,16.58,8.9,32.35,1.0,2.0,13.28,16.0,868.2,0.0,39.9,2.18,31.2,808.5,-1.8,4.3,2.5,22.5,809.1,1.85,117.4,0.0,0,0,"time.struct_time(tm_year=2022, tm_mon=4, tm_mday=1, tm_hour=4, tm_min=6, tm_sec=50, tm_wday=4, tm_yday=91, tm_isdst=-1)",2022-04-01,2022,4,91,1,6,4,BUS02
2022-04-01 04:09:20,40.765785,-111.909782,1276.2,-9999.0,-9999.0,-9999.0,13.78,16.54,8.89,32.12,1.0,2.0,13.39,16.0,867.9,0.0,40.3,2.17,31.1,808.6,1.0,6.0,7.0,22.5,809.1,1.85,117.7,0.0,0,0,"time.struct_time(tm_year=2022, tm_mon=4, tm_mday=1, tm_hour=4, tm_min=9, tm_sec=20, tm_wday=4, tm_yday=91, tm_isdst=-1)",2022-04-01,2022,4,91,1,9,4,BUS02
2022-04-01 04:11:50,40.765789,-111.909782,1276.2,-9999.0,-9999.0,-9999.0,13.78,16.49,8.91,32.02,1.0,2.0,13.28,16.0,867.9,0.0,40.0,2.17,31.1,808.7,-1.7,5.9,4.2,22.4,809.1,1.84,117.6,0.0,0,0,"time.struct_time(tm_year=2022, tm_mon=4, tm_mday=1, tm_hour=4, tm_min=11, tm_sec=50, tm_wday=4, tm_yday=91, tm_isdst=-1)",2022-04-01,2022,4,91,1,11,4,BUS02
2022-04-01 04:14:20,40.765797,-111.90979,1276.2,-9999.0,-9999.0,-9999.0,13.78,16.45,8.92,31.95,1.0,2.0,13.28,16.0,868.2,0.0,41.2,2.18,31.1,808.6,-1.9,6.7,4.9,22.4,809.1,1.85,117.5,0.0,0,0,"time.struct_time(tm_year=2022, tm_mon=4, tm_mday=1, tm_hour=4, tm_min=14, tm_sec=20, tm_wday=4, tm_yday=91, tm_isdst=-1)",2022-04-01,2022,4,91,1,14,4,BUS02
2022-04-01 04:16:50,40.765797,-111.90979,1275.8,-9999.0,-9999.0,-9999.0,13.78,16.41,8.93,31.92,1.0,2.0,13.28,16.0,868.1,0.0,37.8,2.17,31.0,808.7,-2.7,7.8,5.1,22.4,809.1,1.85,117.5,0.0,0,0,"time.struct_time(tm_year=2022, tm_mon=4, tm_mday=1, tm_hour=4, tm_min=16, tm_sec=50, tm_wday=4, tm_yday=91, tm_isdst=-1)",2022-04-01,2022,4,91,1,16,4,BUS02
2022-04-01 04:19:20,40.765789,-111.90979,1276.1,-9999.0,-9999.0,-9999.0,13.78,16.38,8.93,31.92,1.0,2.0,13.28,16.0,868.1,0.0,35.8,2.17,31.0,808.7,-1.6,6.3,4.7,22.3,809.2,1.85,117.5,0.0,0,0,"time.struct_time(tm_year=2022, tm_mon=4, tm_mday=1, tm_hour=4, tm_min=19, tm_sec=20, tm_wday=4, tm_yday=91, tm_isdst=-1)",2022-04-01,2022,4,91,1,19,4,BUS02
2022-04-01 04:21:50,40.765793,-111.90979,1276.4,-9999.0,-9999.0,-9999.0,13.78,16.35,8.87,32.08,1.0,2.0,13.28,16.0,868.0,0.0,27.9,2.17,30.9,808.6,-0.2,12.5,12.4,22.3,809.2,1.85,117.4,0.0,0,0,"time.struct_time(tm_year=2022, tm_mon=4, tm_mday=1, tm_hour=4, tm_min=21, tm_sec=50, tm_wday=4, tm_yday=91, tm_isdst=-1)",2022-04-01,2022,4,91,1,21,4,BUS02
2022-04-01 04:24:20,40.765781,-111.90979,1276.8,-9999.0,-9999.0,-9999.0,13.78,16.32,8.81,32.53,1.0,2.0,13.28,16.0,868.0,0.0,25.8,2.17,30.9,808.6,1.2,16.8,17.9,22.3,809.2,1.85,117.4,0.0,0,0,"time.struct_time(tm_year=2022, tm_mon=4, tm_mday=1, tm_hour=4, tm_min=24, tm_sec=20, tm_wday=4, tm_yday=91, tm_isdst=-1)",2022-04-01,2022,4,91,1,24,4,BUS02
2022-04-01 04:26:50,40.765789,-111.909782,1277.1,-9999.0,-9999.0,-9999.0,13.78,16.29,8.77,32.89,1.0,2.0,13.28,16.0,867.9,0.0,27.8,2.17,30.9,808.6,2.0,18.0,20.0,22.2,809.1,1.85,117.7,0.0,0,0,"time.struct_time(tm_year=2022, tm_mon=4, tm_mday=1, tm_hour=4, tm_min=26, tm_sec=50, tm_wday=4, tm_yday=91, tm_isdst=-1)",2022-04-01,2022,4,91,1,26,4,BUS02
2022-04-01 04:29:20,40.765785,-111.909775,1277.2,-9999.0,-9999.0,-9999.0,13.78,16.26,8.77,32.95,1.0,2.0,13.28,16.0,868.1,0.0,24.8,2.17,30.8,808.5,-0.7,20.2,19.5,22.2,809.0,1.85,117.8,0.0,0,0,"time.struct_time(tm_year=2022, tm_mon=4, tm_mday=1, tm_hour=4, tm_min=29, tm_sec=20, tm_wday=4, tm_yday=91, tm_isdst=-1)",2022-04-01,2022,4,91,1,29,4,BUS02
2022-04-01 04:32:55,40.765781,-111.90976,1277.0,-9999.0,-9999.0,-9999.0,13.78,16.23,8.75,32.84,1.0,2.0,13.39,16.0,867.9,0.0,25.4,2.19,30.8,808.1,-0.3,21.7,21.4,22.2,809.1,1.79,119.3,0.0,0,0,"time.struct_time(tm_year=2022, tm_mon=4, tm_mday=1, tm_hour=4, tm_min=32, tm_sec=55, tm_wday=4, tm_yday=91, tm_isdst=-1)",2022-04-01,2022,4,91,1,32,4,BUS02
2022-04-01 04:35:25,40.765781,-111.909752,1277.0,-9999.0,-9999.0,-9999.0,13.78,16.22,8.75,32.42,1.0,2.0,13.28,16.0,867.9,0.0,30.0,2.17,30.7,808.6,-0.1,18.1,18.0,22.1,809.1,1.8,119.6,0.0,0,0,"time.struct_time(tm_year=2022, tm_mon=4, tm_mday=1, tm_hour=4, tm_min=35, tm_sec=25, tm_wday=4, tm_yday=91, tm_isdst=-1)",2022-04-01,2022,4,91,1,35,4,BUS02
2022-04-01 04:37:55,40.765785,-111.909744,1277.3,-9999.0,-9999.0,-9999.0,13.78,16.2,8.77,32.14,1.0,2.0,13.28,16.0,868.1,0.0,32.4,2.17,30.7,808.2,2.2,12.3,14.6,22.1,809.1,1.8,119.5,0.0,0,0,"time.struct_time(tm_year=2022, tm_mon=4, tm_mday=1, tm_hour=4, tm_min=37, tm_sec=55, tm_wday=4, tm_yday=91, tm_isdst=-1)",2022-04-01,2022,4,91,1,37,4,BUS02
2022-04-01 04:40:25,40.765793,-111.909744,1277.1,-9999.0,-9999.0,-9999.0,13.78,16.18,8.81,31.76,1.0,2.0,13.28,16.0,867.9,0.0,32.7,2.17,30.7,808.5,2.0,11.7,13.7,22.1,809.1,1.8,119.4,0.0,0,0,"time.struct_time(tm_year=2022, tm_mon=4, tm_mday=1, tm_hour=4, tm_min=40, tm_sec=25, tm_wday=4, tm_yday=91, tm_isdst=-1)",2022-04-01,2022,4,91,1,40,4,BUS02
2022-04-01 04:42:55,40.765785,-111.909737,1277.0,-9999.0,-9999.0,-9999.0,13.78,16.16,8.85,31.72,1.0,2.0,13.22,16.0,867.9,0.0,33.4,2.18,30.7,808.1,0.7,9.8,10.5,22.0,809.1,1.8,119.6,0.0,0,0,"time.struct_time(tm_year=2022, tm_mon=4, tm_mday=1, tm_hour=4, tm_min=42, tm_sec=55, tm_wday=4, tm_yday=91, tm_isdst=-1)",2022-04-01,2022,4,91,1,42,4,BUS02
2022-04-01 04:45:25,40.765785,-111.909737,1277.2,-9999.0,-9999.0,-9999.0,13.78,16.14,8.91,31.34,1.0,2.0,13.22,16.0,868.1,0.0,35.0,2.18,30.6,808.5,-1.1,12.6,11.5,22.0,809.0,1.8,119.3,0.0,0,0,"time.struct_time(tm_year=2022, tm_mon=4, tm_mday=1, tm_hour=4, tm_min=45, tm_sec=25, tm_wday=4, tm_yday=91, tm_isdst=-1)",2022-04-01,2022,4,91,1,45,4,BUS02
2022-04-01 04:47:55,40.765789,-111.909729,1277.5,-9999.0,-9999.0,-9999.0,13.78,16.12,8.95,31.61,1.0,2.0,13.22,16.0,868.1,0.0,28.1,2.16,30.6,808.1,-0.2,14.5,14.3,22.0,809.1,1.8,119.3,0.0,0,0,"time.struct_time(tm_year=2022, tm_mon=4, tm_mday=1, tm_hour=4, tm_min=47, tm_sec=55, tm_wday=4, tm_yday=91, tm_isdst=-1)",2022-04-01,2022,4,91,1,47,4,BUS02
2022-04-01 04:50:25,40.765781,-111.909721,1277.6,-9999.0,-9999.0,-9999.0,13.78,16.11,8.95,31.52,1.0,2.0,13.22,16.0,868.0,0.0,30.6,2.17,30.6,808.4,-0.5,14.3,13.9,22.0,809.0,1.8,119.6,0.0,0,0,"time.struct_time(tm_year=2022, tm_mon=4, tm_mday=1, tm_hour=4, tm_min=50, tm_sec=25, tm_wday=4, tm_yday=91, tm_isdst=-1)",2022-04-01,2022,4,91,1,50,4,BUS02
2022-04-01 04:52:55,40.765774,-111.909714,1277.7,-9999.0,-9999.0,-9999.0,13.78,16.09,8.95,31.44,1.0,2.0,13.11,16.0,868.1,0.0,34.8,2.17,30.6,808.1,-1.5,10.6,9.1,21.9,809.1,1.79,119.1,0.0,0,0,"time.struct_time(tm_year=2022, tm_mon=4, tm_mday=1, tm_hour=4, tm_min=52, tm_sec=55, tm_wday=4, tm_yday=91, tm_isdst=-1)",2022-04-01,2022,4,91,1,52,4,BUS02
2022-04-01 04:55:25,40.765766,-111.909706,1277.7,-9999.0,-9999.0,-9999.0,13.78,16.07,8.95,31.74,1.0,2.0,13.11,16.0,867.9,0.0,31.4,2.18,30.5,808.4,-2.3,12.5,10.2,21.9,809.0,1.8,119.5,0.0,0,0,"time.struct_time(tm_year=2022, tm_mon=4, tm_mday=1, tm_hour=4, tm_min=55, tm_sec=25, tm_wday=4, tm_yday=91, tm_isdst=-1)",2022-04-01,2022,4,91,1,55,4,BUS02
2022-04-01 05:35:00,40.765633,-111.909554,1266.2,-9999.0,-9999.0,-9999.0,13.82,14.32,8.56,30.08,1.0,2.0,11.78,17.0,868.3,0.0,35.8,2.13,21.5,807.7,-9999.0,-9999.0,-9999.0,-9999.0,-9999.0,-9999.0,-9999.0,0.0,0,1,"time.struct_time(tm_year=2022, tm_mon=4, tm_mday=1, tm_hour=5, tm_min=35, tm_sec=0, tm_wday=4, tm_yday=91, tm_isdst=-1)",2022-04-01,2022,4,91,1,35,5,BUS02
2022-04-01 05:37:30,40.765938,-111.909546,1291.8,-9999.0,-9999.0,-9999.0,13.82,14.19,8.56,30.53,1.0,2.0,11.61,17.0,868.5,0.0,33.0,2.12,22.4,808.4,-9999.0,-9999.0,-9999.0,-9999.0,-9999.0,-9999.0,-9999.0,0.0,0,1,"time.struct_time(tm_year=2022, tm_mon=4, tm_mday=1, tm_hour=5, tm_min=37, tm_sec=30, tm_wday=4, tm_yday=91, tm_isdst=-1)",2022-04-01,2022,4,91,1,37,5,BUS02
2022-04-01 05:40:00,40.765793,-111.909576,1319.7,-9999.0,-9999.0,-9999.0,13.82,14.09,8.62,30.41,1.0,2.0,11.5,18.0,868.5,0.0,32.2,2.13,23.2,807.7,-9999.0,-9999.0,-9999.0,-9999.0,-9999.0,-9999.0,-9999.0,0.0,0,1,"time.struct_time(tm_year=2022, tm_mon=4, tm_mday=1, tm_hour=5, tm_min=40, tm_sec=0, tm_wday=4, tm_yday=91, tm_isdst=-1)",2022-04-01,2022,4,91,1,40,5,BUS02
2022-04-01 05:42:30,40.76569,-111.909607,1285.6,-9999.0,-9999.0,-9999.0,13.82,14.03,8.68,30.91,2.0,2.0,11.5,18.0,868.3,0.0,23.9,2.13,23.9,808.5,-4.8,15.2,10.4,20.4,810.6,1.84,113.7,0.0,0,1,"time.struct_time(tm_year=2022, tm_mon=4, tm_mday=1, tm_hour=5, tm_min=42, tm_sec=30, tm_wday=4, tm_yday=91, tm_isdst=-1)",2022-04-01,2022,4,91,1,42,5,BUS02
2022-04-01 05:45:00,40.765827,-111.909668,1280.2,-9999.0,-9999.0,-9999.0,13.82,13.98,8.75,31.8,2.0,2.0,11.5,18.0,868.6,0.0,20.8,2.14,24.4,807.8,1.4,14.6,16.0,20.3,810.6,1.84,114.6,0.0,0,1,"time.struct_time(tm_year=2022, tm_mon=4, tm_mday=1, tm_hour=5, tm_min=45, tm_sec=0, tm_wday=4, tm_yday=91, tm_isdst=-1)",2022-04-01,2022,4,91,1,45,5,BUS02
2022-04-01 05:47:30,40.766041,-111.909622,1286.5,-9999.0,-9999.0,-9999.0,13.33,13.96,8.78,33.13,2.0,2.0,11.5,19.0,868.5,0.0,15.5,2.13,24.8,808.5,0.4,21.5,21.9,20.2,810.5,1.84,115.2,0.0,0,1,"time.struct_time(tm_year=2022, tm_mon=4, tm_mday=1, tm_hour=5, tm_min=47, tm_sec=30, tm_wday=4, tm_yday=91, tm_isdst=-1)",2022-04-01,2022,4,91,1,47,5,BUS02
2022-04-01 05:50:00,40.765747,-111.909584,1288.5,-9999.0,-9999.0,-9999.0,13.81,13.95,8.87,33.45,2.0,2.0,11.5,19.0,868.5,0.0,17.5,2.14,25.2,808.0,5.1,24.2,29.2,20.2,810.5,1.84,115.4,0.0,0,1,"time.struct_time(tm_year=2022, tm_mon=4, tm_mday=1, tm_hour=5, tm_min=50, tm_sec=0, tm_wday=4, tm_yday=91, tm_isdst=-1)",2022-04-01,2022,4,91,1,50,5,BUS02
2022-04-01 05:52:30,40.765709,-111.909767,1277.3,-9999.0,-9999.0,-9999.0,13.81,13.96,8.93,33.56,2.0,2.0,11.5,19.0,868.6,0.0,16.7,2.14,25.5,808.8,0.9,23.6,24.5,20.1,810.5,1.84,115.6,0.0,0,1,"time.struct_time(tm_year=2022, tm_mon=4, tm_mday=1, tm_hour=5, tm_min=52, tm_sec=30, tm_wday=4, tm_yday=91, tm_isdst=-1)",2022-04-01,2022,4,91,1,52,5,BUS02
2022-04-01 05:55:00,40.76582,-111.909737,1293.0,-9999.0,-9999.0,-9999.0,13.82,13.97,8.97,33.86,2.0,2.0,11.5,20.0,868.6,0.0,15.6,2.14,25.8,808.1,-0.0,25.8,25.7,20.0,810.5,1.84,115.7,0.0,0,1,"time.struct_time(tm_year=2022, tm_mon=4, tm_mday=1, tm_hour=5, tm_min=55, tm_sec=0, tm_wday=4, tm_yday=91, tm_isdst=-1)",2022-04-01,2022,4,91,1,55,5,BUS02
2022-04-01 05:57:30,40.765751,-111.909546,1287.9,-9999.0,-9999.0,-9999.0,13.81,13.99,8.97,34.26,2.0,2.0,11.5,20.0,868.6,0.0,17.7,2.14,26.1,808.8,-0.4,23.7,23.3,20.0,810.5,1.84,115.7,0.0,0,1,"time.struct_time(tm_year=2022, tm_mon=4, tm_mday=1, tm_hour=5, tm_min=57, tm_sec=30, tm_wday=4, tm_yday=91, tm_isdst=-1)",2022-04-01,2022,4,91,1,57,5,BUS02
2022-04-01 06:00:00,40.7658,-111.909645,1243.3,-9999.0,-9999.0,-9999.0,13.82,14.02,9.06,34.31,2.0,2.0,11.5,20.0,868.6,0.0,15.1,2.13,26.3,808.3,-0.5,21.2,20.7,19.9,810.5,1.84,115.8,0.0,0,1,"time.struct_time(tm_year=2022, tm_mon=4, tm_mday=1, tm_hour=6, tm_min=0, tm_sec=0, tm_wday=4, tm_yday=91, tm_isdst=-1)",2022-04-01,2022,4,91,1,0,6,BUS02
2022-04-01 06:02:30,40.76561,-111.909706,1310.9,-9999.0,-9999.0,-9999.0,13.81,14.05,9.2,34.24,2.0,2.0,11.5,20.0,868.7,0.0,15.2,2.14,26.5,809.0,0.0,23.0,23.0,19.9,810.5,1.84,116.0,0.0,0,1,"time.struct_time(tm_year=2022, tm_mon=4, tm_mday=1, tm_hour=6, tm_min=2, tm_sec=30, tm_wday=4, tm_yday=91, tm_isdst=-1)",2022-04-01,2022,4,91,1,2,6,BUS02
2022-04-01 06:05:00,40.765724,-111.909645,1267.7,-9999.0,-9999.0,-9999.0,13.81,14.09,9.31,34.11,2.0,2.0,11.5,20.0,868.7,0.0,17.3,2.15,26.7,808.3,-4.2,25.1,20.9,19.9,810.5,1.84,115.9,0.0,0,1,"time.struct_time(tm_year=2022, tm_mon=4, tm_mday=1, tm_hour=6, tm_min=5, tm_sec=0, tm_wday=4, tm_yday=91, tm_isdst=-1)",2022-04-01,2022,4,91,1,5,6,BUS02
2022-04-01 06:07:30,40.765827,-111.909637,1281.2,-9999.0,-9999.0,-9999.0,13.81,14.13,9.33,34.36,2.0,2.0,11.5,20.0,868.9,0.0,16.0,2.15,26.9,809.0,-2.1,22.9,20.8,19.8,810.5,1.84,115.9,0.0,0,1,"time.struct_time(tm_year=2022, tm_mon=4, tm_mday=1, tm_hour=6, tm_min=7, tm_sec=30, tm_wday=4, tm_yday=91, tm_isdst=-1)",2022-04-01,2022,4,91,1,7,6,BUS02
2022-04-01 06:10:00,40.765766,-111.909561,1280.4,-9999.0,-9999.0,-9999.0,13.81,14.17,9.11,35.04,2.0,2.0,11.5,20.0,868.9,0.0,11.7,2.16,27.0,808.5,-1.0,23.4,22.3,19.8,810.4,1.84,116.2,0.0,0,1,"time.struct_time(tm_year=2022, tm_mon=4, tm_mday=1, tm_hour=6, tm_min=10, tm_sec=0, tm_wday=4, tm_yday=91, tm_isdst=-1)",2022-04-01,2022,4,91,1,10,6,BUS02
2022-04-01 06:12:30,40.765938,-111.909561,1276.0,-9999.0,-9999.0,-9999.0,13.81,14.21,9.08,35.27,2.0,2.0,11.5,20.0,868.8,0.0,9.4,2.16,27.2,809.2,-1.5,25.4,23.8,19.8,810.5,1.84,116.1,0.0,0,1,"time.struct_time(tm_year=2022, tm_mon=4, tm_mday=1, tm_hour=6, tm_min=12, tm_sec=30, tm_wday=4, tm_yday=91, tm_isdst=-1)",2022-04-01,2022,4,91,1,12,6,BUS02
2022-04-01 06:15:00,40.765678,-111.909554,1244.4,-9999.0,-9999.0,-9999.0,13.81,14.25,8.99,35.99,3.0,2.0,11.5,20.0,869.0,0.0,5.8,2.15,27.3,808.6,-0.5,26.7,26.2,19.7,810.5,1.84,116.1,0.0,0,1,"time.struct_time(tm_year=2022, tm_mon=4, tm_mday=1, tm_hour=6, tm_min=15, tm_sec=0, tm_wday=4, tm_yday=91, tm_isdst=-1)",2022-04-01,2022,4,91,1,15,6,BUS02
2022-04-01 06:17:30,40.765636,-111.909615,1255.7,-9999.0,-9999.0,-9999.0,13.81,14.3,8.96,35.95,3.0,2.0,11.5,20.0,869.1,0.0,10.3,2.16,27.4,809.2,-0.4,29.5,29.1,19.7,810.5,1.84,116.2,0.0,0,1,"time.struct_time(tm_year=2022, tm_mon=4, tm_mday=1, tm_hour=6, tm_min=17, tm_sec=30, tm_wday=4, tm_yday=91, tm_isdst=-1)",2022-04-01,2022,4,91,1,17,6,BUS02
2022-04-01 06:20:00,40.765785,-111.909561,1268.0,-9999.0,-9999.0,-9999.0,13.82,14.34,9.02,36.12,3.0,2.0,11.5,20.0,869.0,0.0,5.1,2.15,27.5,808.7,-0.7,29.3,28.6,19.7,810.6,1.84,116.2,0.0,0,1,"time.struct_time(tm_year=2022, tm_mon=4, tm_mday=1, tm_hour=6, tm_min=20, tm_sec=0, tm_wday=4, tm_yday=91, tm_isdst=-1)",2022-04-01,2022,4,91,1,20,6,BUS02
2022-04-01 06:22:30,40.765877,-111.909508,1278.3,-9999.0,-9999.0,-9999.0,13.82,14.39,8.9,36.72,3.0,2.0,11.61,21.0,868.9,0.0,7.3,2.15,27.6,809.3,-1.1,34.5,33.5,19.7,810.5,1.84,116.3,0.0,0,1,"time.struct_time(tm_year=2022, tm_mon=4, tm_mday=1, tm_hour=6, tm_min=22, tm_sec=30, tm_wday=4, tm_yday=91, tm_isdst=-1)",2022-04-01,2022,4,91,1,22,6,BUS02
2022-04-01 06:25:00,40.765797,-111.909645,1278.8,-9999.0,-9999.0,-9999.0,13.82,14.44,8.88,36.62,3.0,2.0,11.61,21.0,869.1,0.0,6.1,2.15,27.7,808.7,1.3,33.7,34.9,19.7,810.4,1.84,116.6,0.0,0,1,"time.struct_time(tm_year=2022, tm_mon=4, tm_mday=1, tm_hour=6, tm_min=25, tm_sec=0, tm_wday=4, tm_yday=91, tm_isdst=-1)",2022-04-01,2022,4,91,1,25,6,BUS02
2022-04-01 06:27:30,40.765621,-111.909645,1244.2,-9999.0,-9999.0,-9999.0,13.81,14.48,8.92,36.57,3.0,2.0,11.61,21.0,869.0,0.0,4.1,2.15,27.8,809.3,1.5,31.5,33.0,19.7,810.4,1.84,116.6,0.0,0,1,"time.struct_time(tm_year=2022, tm_mon=4, tm_mday=1, tm_hour=6, tm_min=27, tm_sec=30, tm_wday=4, tm_yday=91, tm_isdst=-1)",2022-04-01,2022,4,91,1,27,6,BUS02
2022-04-01 06:30:00,40.765514,-111.909645,1250.0,-9999.0,-9999.0,-9999.0,13.82,14.53,8.97,36.75,6.0,2.0,11.72,21.0,869.2,0.0,5.3,2.15,27.9,808.8,-0.6,33.5,32.9,19.7,810.5,1.84,116.5,0.0,0,1,"time.struct_time(tm_year=2022, tm_mon=4, tm_mday=1, tm_hour=6, tm_min=30, tm_sec=0, tm_wday=4, tm_yday=91, tm_isdst=-1)",2022-04-01,2022,4,91,1,30,6,BUS02
2022-04-01 06:32:30,40.765804,-111.909721,1264.0,-9999.0,-9999.0,-9999.0,13.81,14.58,9.26,36.12,3.0,2.0,11.72,21.0,869.1,0.0,6.2,2.15,28.0,809.4,-0.6,34.8,34.2,19.7,810.5,1.84,116.6,0.0,0,1,"time.struct_time(tm_year=2022, tm_mon=4, tm_mday=1, tm_hour=6, tm_min=32, tm_sec=30, tm_wday=4, tm_yday=91, tm_isdst=-1)",2022-04-01,2022,4,91,1,32,6,BUS02
2022-04-01 06:36:05,40.765442,-111.909927,1261.4,-9999.0,-9999.0,-9999.0,13.82,14.64,9.59,35.22,3.0,2.0,11.72,21.0,869.0,0.0,3.1,2.15,28.1,808.9,-1.2,34.7,33.5,19.7,810.5,1.79,118.5,0.0,0,1,"time.struct_time(tm_year=2022, tm_mon=4, tm_mday=1, tm_hour=6, tm_min=36, tm_sec=5, tm_wday=4, tm_yday=91, tm_isdst=-1)",2022-04-01,2022,4,91,1,36,6,BUS02
2022-04-01 06:38:35,40.765808,-111.909729,1267.8,-9999.0,-9999.0,-9999.0,13.82,14.68,9.69,35.06,3.0,2.0,11.72,21.0,869.0,0.0,2.3,2.16,28.2,809.5,2.2,33.2,35.4,19.7,810.5,1.79,118.6,0.0,0,1,"time.struct_time(tm_year=2022, tm_mon=4, tm_mday=1, tm_hour=6, tm_min=38, tm_sec=35, tm_wday=4, tm_yday=91, tm_isdst=-1)",2022-04-01,2022,4,91,1,38,6,BUS02
2022-04-01 06:41:05,40.765793,-111.90976,1269.3,-9999.0,-9999.0,-9999.0,13.81,14.73,9.82,34.62,3.0,2.0,11.61,21.0,869.2,0.0,0.0,2.15,28.3,808.9,0.7,33.2,33.9,19.6,810.5,1.79,118.7,0.0,0,1,"time.struct_time(tm_year=2022, tm_mon=4, tm_mday=1, tm_hour=6, tm_min=41, tm_sec=5, tm_wday=4, tm_yday=91, tm_isdst=-1)",2022-04-01,2022,4,91,1,41,6,BUS02
2022-04-01 06:43:35,40.765747,-111.909821,1277.3,-9999.0,-9999.0,-9999.0,13.82,14.77,9.79,35.0,3.0,2.0,11.72,21.0,869.1,0.0,2.5,2.16,28.4,809.6,-0.4,32.6,32.2,19.7,810.5,1.79,118.2,0.0,0,1,"time.struct_time(tm_year=2022, tm_mon=4, tm_mday=1, tm_hour=6, tm_min=43, tm_sec=35, tm_wday=4, tm_yday=91, tm_isdst=-1)",2022-04-01,2022,4,91,1,43,6,BUS02
2022-04-01 06:46:05,40.765823,-111.909744,1273.4,-9999.0,-9999.0,-9999.0,13.82,14.81,9.55,35.73,3.0,2.0,11.72,21.0,869.1,0.0,-5.3,2.16,28.5,808.9,6.4,32.7,39.1,19.7,810.5,1.79,118.2,0.0,0,1,"time.struct_time(tm_year=2022, tm_mon=4, tm_mday=1, tm_hour=6, tm_min=46, tm_sec=5, tm_wday=4, tm_yday=91, tm_isdst=-1)",2022-04-01,2022,4,91,1,46,6,BUS02
2022-04-01 06:48:35,40.765736,-111.909851,1266.0,-9999.0,-9999.0,-9999.0,13.81,14.85,9.5,35.84,5.0,2.0,11.72,21.0,869.1,0.0,-0.3,2.15,28.5,809.6,3.2,36.3,39.5,19.7,810.5,1.79,118.3,0.0,0,1,"time.struct_time(tm_year=2022, tm_mon=4, tm_mday=1, tm_hour=6, tm_min=48, tm_sec=35, tm_wday=4, tm_yday=91, tm_isdst=-1)",2022-04-01,2022,4,91,1,48,6,BUS02
2022-04-01 06:51:05,40.765858,-111.909836,1242.7,-9999.0,-9999.0,-9999.0,13.81,14.89,9.49,35.64,3.0,2.0,11.78,21.0,869.1,0.0,1.2,2.16,28.6,809.0,3.6,36.3,39.9,19.7,810.5,1.79,118.4,0.0,0,1,"time.struct_time(tm_year=2022, tm_mon=4, tm_mday=1, tm_hour=6, tm_min=51, tm_sec=5, tm_wday=4, tm_yday=91, tm_isdst=-1)",2022-04-01,2022,4,91,1,51,6,BUS02
2022-04-01 06:53:35,40.765736,-111.909798,1267.0,-9999.0,-9999.0,-9999.0,13.82,14.94,9.54,35.46,4.0,2.0,11.78,21.0,869.0,0.0,0.3,2.16,28.7,809.7,2.4,38.1,40.5,19.7,810.5,1.79,118.4,0.0,0,1,"time.struct_time(tm_year=2022, tm_mon=4, tm_mday=1, tm_hour=6, tm_min=53, tm_sec=35, tm_wday=4, tm_yday=91, tm_isdst=-1)",2022-04-01,2022,4,91,1,53,6,BUS02
2022-04-01 06:56:05,40.765774,-111.909859,1264.3,-9999.0,-9999.0,-9999.0,13.81,14.98,9.65,35.27,3.0,2.0,11.89,21.0,869.3,0.0,3.5,2.17,28.7,809.1,2.5,37.8,40.2,19.7,810.5,1.79,118.3,0.0,0,1,"time.struct_time(tm_year=2022, tm_mon=4, tm_mday=1, tm_hour=6, tm_min=56, tm_sec=5, tm_wday=4, tm_yday=91, tm_isdst=-1)",2022-04-01,2022,4,91,1,56,6,BUS02
2022-04-01 06:58:35,40.765732,-111.909866,1220.5,-9999.0,-9999.0,-9999.0,13.82,15.02,9.79,35.06,3.0,2.0,11.89,21.0,869.1,0.0,4.4,2.17,28.8,809.6,1.8,33.6,35.5,19.7,810.4,1.79,118.6,0.0,0,1,"time.struct_time(tm_year=2022, tm_mon=4, tm_mday=1, tm_hour=6, tm_min=58, tm_sec=35, tm_wday=4, tm_yday=91, tm_isdst=-1)",2022-04-01,2022,4,91,1,58,6,BUS02
2022-04-01 07:01:05,40.765881,-111.909843,1313.2,-9999.0,-9999.0,-9999.0,13.82,15.06,9.93,35.42,3.0,2.0,11.89,21.0,869.3,0.0,4.8,2.15,28.9,809.0,-1.1,35.5,34.5,19.7,810.5,1.79,118.3,0.0,0,1,"time.struct_time(tm_year=2022, tm_mon=4, tm_mday=1, tm_hour=7, tm_min=1, tm_sec=5, tm_wday=4, tm_yday=91, tm_isdst=-1)",2022-04-01,2022,4,91,1,1,7,BUS02
2022-04-01 07:03:35,40.765949,-111.909775,1335.5,-9999.0,-9999.0,-9999.0,13.82,15.11,10.05,36.18,2.0,2.0,11.89,21.0,869.3,0.0,7.9,2.16,28.9,809.6,-0.6,33.6,33.0,19.7,810.4,1.79,118.6,0.0,0,1,"time.struct_time(tm_year=2022, tm_mon=4, tm_mday=1, tm_hour=7, tm_min=3, tm_sec=35, tm_wday=4, tm_yday=91, tm_isdst=-1)",2022-04-01,2022,4,91,1,3,7,BUS02
2022-04-01 07:06:05,40.765747,-111.909851,1244.5,-9999.0,-9999.0,-9999.0,13.82,15.15,10.07,36.43,2.0,2.0,11.89,21.0,869.3,0.0,12.2,2.17,29.0,809.0,-3.8,31.1,27.3,19.7,810.5,1.79,118.4,0.0,0,1,"time.struct_time(tm_year=2022, tm_mon=4, tm_mday=1, tm_hour=7, tm_min=6, tm_sec=5, tm_wday=4, tm_yday=91, tm_isdst=-1)",2022-04-01,2022,4,91,1,6,7,BUS02
2022-04-01 07:08:35,40.765751,-111.909828,1245.0,-9999.0,-9999.0,-9999.0,13.82,15.19,9.9,36.72,3.0,2.0,11.89,21.0,869.3,0.0,4.1,2.17,29.1,809.7,-2.1,29.4,27.2,19.7,810.4,1.79,118.5,0.0,0,1,"time.struct_time(tm_year=2022, tm_mon=4, tm_mday=1, tm_hour=7, tm_min=8, tm_sec=35, tm_wday=4, tm_yday=91, tm_isdst=-1)",2022-04-01,2022,4,91,1,8,7,BUS02
2022-04-01 07:11:05,40.765713,-111.909744,1247.2,-9999.0,-9999.0,-9999.0,13.82,15.23,9.25,38.95,3.0,2.0,12.0,21.0,869.2,0.0,4.0,2.15,29.1,809.1,1.3,32.1,33.3,19.8,810.4,1.79,118.7,0.0,0,1,"time.struct_time(tm_year=2022, tm_mon=4, tm_mday=1, tm_hour=7, tm_min=11, tm_sec=5, tm_wday=4, tm_yday=91, tm_isdst=-1)",2022-04-01,2022,4,91,1,11,7,BUS02
2022-04-01 07:13:35,40.765823,-111.909843,1251.9,-9999.0,-9999.0,-9999.0,13.82,15.28,8.9,41.13,3.0,2.0,12.11,22.0,869.2,0.0,4.5,2.16,29.2,809.7,0.7,34.1,34.8,19.8,810.4,1.79,118.6,0.0,0,1,"time.struct_time(tm_year=2022, tm_mon=4, tm_mday=1, tm_hour=7, tm_min=13, tm_sec=35, tm_wday=4, tm_yday=91, tm_isdst=-1)",2022-04-01,2022,4,91,1,13,7,BUS02
2022-04-01 07:16:05,40.765732,-111.909737,1261.9,-9999.0,-9999.0,-9999.0,13.82,15.32,8.61,43.15,3.0,2.0,12.11,22.0,869.1,0.0,6.8,2.16,29.3,809.1,0.8,33.1,33.9,19.8,810.4,1.79,118.8,0.0,0,1,"time.struct_time(tm_year=2022, tm_mon=4, tm_mday=1, tm_hour=7, tm_min=16, tm_sec=5, tm_wday=4, tm_yday=91, tm_isdst=-1)",2022-04-01,2022,4,91,1,16,7,BUS02
2022-04-01 07:18:35,40.765804,-111.909698,1263.4,-9999.0,-9999.0,-9999.0,13.82,15.37,8.48,44.52,2.0,2.0,12.22,23.0,869.1,0.0,5.6,2.15,29.3,809.7,-0.4,29.4,29.1,19.8,810.4,1.78,118.8,0.0,0,1,"time.struct_time(tm_year=2022, tm_mon=4, tm_mday=1, tm_hour=7, tm_min=18, tm_sec=35, tm_wday=4, tm_yday=91, tm_isdst=-1)",2022-04-01,2022,4,91,1,18,7,BUS02
2022-04-01 07:21:05,40.7658,-111.909821,1273.2,-9999.0,-9999.0,-9999.0,13.82,15.41,8.5,44.06,3.0,2.0,12.28,23.0,869.3,0.0,5.3,2.16,29.4,809.2,1.2,26.8,28.0,19.8,810.3,1.79,118.8,0.0,0,1,"time.struct_time(tm_year=2022, tm_mon=4, tm_mday=1, tm_hour=7, tm_min=21, tm_sec=5, tm_wday=4, tm_yday=91, tm_isdst=-1)",2022-04-01,2022,4,91,1,21,7,BUS02
2022-04-01 07:23:35,40.765793,-111.909821,1273.5,-9999.0,-9999.0,-9999.0,13.81,15.46,8.46,44.87,3.0,2.0,12.28,23.0,869.2,0.0,3.7,2.17,29.4,809.7,-0.4,29.8,29.4,19.9,810.4,1.79,118.7,0.0,0,1,"time.struct_time(tm_year=2022, tm_mon=4, tm_mday=1, tm_hour=7, tm_min=23, tm_sec=35, tm_wday=4, tm_yday=91, tm_isdst=-1)",2022-04-01,2022,4,91,1,23,7,BUS02
2022-04-01 07:26:05,40.765747,-111.909821,1270.8,-9999.0,-9999.0,-9999.0,13.82,15.5,8.2,44.93,3.0,2.0,12.28,23.0,869.2,0.0,7.0,2.15,29.5,809.3,1.6,28.6,30.1,19.9,810.4,1.79,118.8,0.0,0,1,"time.struct_time(tm_year=2022, tm_mon=4, tm_mday=1, tm_hour=7, tm_min=26, tm_sec=5, tm_wday=4, tm_yday=91, tm_isdst=-1)",2022-04-01,2022,4,91,1,26,7,BUS02
2022-04-01 07:28:35,40.765709,-111.909698,1275.7,-9999.0,-9999.0,-9999.0,13.81,15.55,8.18,44.88,3.0,2.0,12.39,23.0,869.3,0.0,4.3,2.17,29.6,809.8,0.8,31.4,32.3,19.9,810.5,1.84,116.3,0.0,0,1,"time.struct_time(tm_year=2022, tm_mon=4, tm_mday=1, tm_hour=7, tm_min=28, tm_sec=35, tm_wday=4, tm_yday=91, tm_isdst=-1)",2022-04-01,2022,4,91,1,28,7,BUS02
2022-04-01 07:31:05,40.765671,-111.909676,1276.0,-9999.0,-9999.0,-9999.0,13.82,15.59,8.34,42.76,3.0,2.0,12.39,22.0,869.2,0.0,3.2,2.15,29.6,809.4,2.6,32.7,35.3,19.9,810.5,1.84,116.1,0.0,0,1,"time.struct_time(tm_year=2022, tm_mon=4, tm_mday=1, tm_hour=7, tm_min=31, tm_sec=5, tm_wday=4, tm_yday=91, tm_isdst=-1)",2022-04-01,2022,4,91,1,31,7,BUS02
2022-04-01 07:33:35,40.765709,-111.909721,1291.4,-9999.0,-9999.0,-9999.0,13.81,15.63,8.53,42.22,3.0,2.0,12.39,22.0,869.2,0.0,3.7,2.17,29.7,809.8,6.2,33.5,39.7,20.0,810.5,1.84,116.1,0.0,0,1,"time.struct_time(tm_year=2022, tm_mon=4, tm_mday=1, tm_hour=7, tm_min=33, tm_sec=35, tm_wday=4, tm_yday=91, tm_isdst=-1)",2022-04-01,2022,4,91,1,33,7,BUS02
2022-04-01 07:37:10,40.765732,-111.909821,1268.9,-9999.0,-9999.0,-9999.0,13.81,15.69,8.75,41.66,3.0,2.0,12.5,22.0,869.5,0.0,4.9,2.17,29.8,809.9,0.1,30.5,30.6,20.0,810.6,1.84,116.6,0.0,0,1,"time.struct_time(tm_year=2022, tm_mon=4, tm_mday=1, tm_hour=7, tm_min=37, tm_sec=10, tm_wday=4, tm_yday=91, tm_isdst=-1)",2022-04-01,2022,4,91,1,37,7,BUS02
2022-04-01 07:39:40,40.765869,-111.909851,1282.9,-9999.0,-9999.0,-9999.0,13.81,15.73,8.76,42.89,2.0,2.0,12.5,22.0,869.3,0.0,2.6,2.17,29.8,809.5,0.9,29.6,30.5,20.0,810.5,1.84,116.9,0.0,0,1,"time.struct_time(tm_year=2022, tm_mon=4, tm_mday=1, tm_hour=7, tm_min=39, tm_sec=40, tm_wday=4, tm_yday=91, tm_isdst=-1)",2022-04-01,2022,4,91,1,39,7,BUS02
2022-04-01 07:42:10,40.765594,-111.909714,1300.9,-9999.0,-9999.0,-9999.0,13.82,15.78,8.56,44.31,3.0,2.0,12.5,23.0,869.4,0.0,4.8,2.17,29.9,810.0,0.6,28.0,28.6,20.1,810.5,1.84,116.9,0.0,0,1,"time.struct_time(tm_year=2022, tm_mon=4, tm_mday=1, tm_hour=7, tm_min=42, tm_sec=10, tm_wday=4, tm_yday=91, tm_isdst=-1)",2022-04-01,2022,4,91,1,42,7,BUS02
2022-04-01 07:44:40,40.766033,-111.909912,1285.3,-9999.0,-9999.0,-9999.0,13.82,15.82,8.5,43.17,3.0,2.0,12.5,22.0,869.5,0.0,8.4,2.16,29.9,809.5,-1.9,29.9,28.1,20.1,810.6,1.84,116.8,0.0,0,1,"time.struct_time(tm_year=2022, tm_mon=4, tm_mday=1, tm_hour=7, tm_min=44, tm_sec=40, tm_wday=4, tm_yday=91, tm_isdst=-1)",2022-04-01,2022,4,91,1,44,7,BUS02
2022-04-01 07:47:10,40.765892,-111.909798,1284.6,-9999.0,-9999.0,-9999.0,13.82,15.86,8.64,41.19,3.0,2.0,12.5,22.0,869.6,0.0,7.0,2.17,30.0,810.1,-2.8,30.3,27.5,20.1,810.7,1.84,116.9,0.0,0,1,"time.struct_time(tm_year=2022, tm_mon=4, tm_mday=1, tm_hour=7, tm_min=47, tm_sec=10, tm_wday=4, tm_yday=91, tm_isdst=-1)",2022-04-01,2022,4,91,1,47,7,BUS02
2022-04-01 07:49:40,40.765694,-111.909706,1279.2,-9999.0,-9999.0,-9999.0,13.81,15.9,8.67,38.04,2.0,2.0,12.61,20.0,869.5,0.0,14.1,2.16,30.1,809.7,0.2,23.3,23.4,20.1,810.8,1.84,116.7,0.0,0,1,"time.struct_time(tm_year=2022, tm_mon=4, tm_mday=1, tm_hour=7, tm_min=49, tm_sec=40, tm_wday=4, tm_yday=91, tm_isdst=-1)",2022-04-01,2022,4,91,1,49,7,BUS02
2022-04-01 07:52:10,40.765705,-111.909653,1276.1,-9999.0,-9999.0,-9999.0,13.82,15.94,8.74,36.67,2.0,2.0,12.61,20.0,869.8,0.0,13.3,2.17,30.1,810.2,0.4,19.1,19.5,20.2,810.8,1.84,116.7,0.0,0,1,"time.struct_time(tm_year=2022, tm_mon=4, tm_mday=1, tm_hour=7, tm_min=52, tm_sec=10, tm_wday=4, tm_yday=91, tm_isdst=-1)",2022-04-01,2022,4,91,1,52,7,BUS02
2022-04-01 07:54:40,40.765736,-111.909737,1275.7,-9999.0,-9999.0,-9999.0,13.81,15.98,8.85,36.36,3.0,2.0,12.61,20.0,869.9,0.0,16.9,2.17,30.1,809.8,1.0,16.8,17.8,20.2,810.8,1.84,117.0,0.0,0,1,"time.struct_time(tm_year=2022, tm_mon=4, tm_mday=1, tm_hour=7, tm_min=54, tm_sec=40, tm_wday=4, tm_yday=91, tm_isdst=-1)",2022-04-01,2022,4,91,1,54,7,BUS02
2022-04-01 07:57:10,40.7658,-111.909592,1276.0,-9999.0,-9999.0,-9999.0,13.82,16.02,8.97,38.58,2.0,2.0,12.72,20.0,869.6,0.0,7.3,2.17,30.2,810.2,-0.2,21.5,21.3,20.2,810.7,1.84,117.2,0.0,0,1,"time.struct_time(tm_year=2022, tm_mon=4, tm_mday=1, tm_hour=7, tm_min=57, tm_sec=10, tm_wday=4, tm_yday=91, tm_isdst=-1)",2022-04-01,2022,4,91,1,57,7,BUS02
2022-04-01 07:59:40,40.765812,-111.90963,1278.3,-9999.0,-9999.0,-9999.0,13.82,16.06,8.88,42.06,3.0,2.0,12.61,21.0,869.9,0.0,0.6,2.17,30.2,809.8,1.4,28.3,29.7,20.2,810.8,1.84,117.4,0.0,0,1,"time.struct_time(tm_year=2022, tm_mon=4, tm_mday=1, tm_hour=7, tm_min=59, tm_sec=40, tm_wday=4, tm_yday=91, tm_isdst=-1)",2022-04-01,2022,4,91,1,59,7,BUS02
2022-04-01 08:02:10,40.765747,-111.909721,1281.4,-9999.0,-9999.0,-9999.0,13.82,16.1,8.4,44.94,4.0,2.0,12.61,22.0,869.8,0.0,3.2,2.18,30.3,810.2,15.1,34.6,49.7,20.3,810.7,1.84,117.2,0.0,0,1,"time.struct_time(tm_year=2022, tm_mon=4, tm_mday=1, tm_hour=8, tm_min=2, tm_sec=10, tm_wday=4, tm_yday=91, tm_isdst=-1)",2022-04-01,2022,4,91,1,2,8,BUS02
2022-04-01 08:04:40,40.765663,-111.909729,1283.9,-9999.0,-9999.0,-9999.0,13.82,16.13,7.97,46.69,3.0,2.0,12.72,22.0,869.8,0.0,7.1,2.17,30.3,809.8,2.9,30.8,33.7,20.3,810.6,1.84,117.4,0.0,0,1,"time.struct_time(tm_year=2022, tm_mon=4, tm_mday=1, tm_hour=8, tm_min=4, tm_sec=40, tm_wday=4, tm_yday=91, tm_isdst=-1)",2022-04-01,2022,4,91,1,4,8,BUS02
2022-04-01 08:07:10,40.765896,-111.909576,1295.1,-9999.0,-9999.0,-9999.0,13.81,16.16,7.79,46.9,2.0,2.0,12.72,22.0,869.7,0.0,0.6,2.17,30.4,810.3,-0.1,30.9,30.8,20.3,810.7,1.84,117.1,0.0,0,1,"time.struct_time(tm_year=2022, tm_mon=4, tm_mday=1, tm_hour=8, tm_min=7, tm_sec=10, tm_wday=4, tm_yday=91, tm_isdst=-1)",2022-04-01,2022,4,91,1,7,8,BUS02
2022-04-01 08:09:40,40.76582,-111.909737,1281.3,-9999.0,-9999.0,-9999.0,13.82,16.19,7.84,46.64,4.0,2.0,12.72,22.0,869.9,0.0,5.1,2.17,30.4,809.8,0.5,27.6,28.1,20.4,810.7,1.84,117.1,0.0,0,1,"time.struct_time(tm_year=2022, tm_mon=4, tm_mday=1, tm_hour=8, tm_min=9, tm_sec=40, tm_wday=4, tm_yday=91, tm_isdst=-1)",2022-04-01,2022,4,91,1,9,8,BUS02
2022-04-01 08:12:10,40.765953,-111.909737,1277.2,-9999.0,-9999.0,-9999.0,13.82,16.21,7.94,46.34,3.0,2.0,12.72,22.0,869.7,0.0,2.0,2.17,30.5,810.3,4.9,28.2,33.1,20.4,810.7,1.84,117.1,0.0,0,1,"time.struct_time(tm_year=2022, tm_mon=4, tm_mday=1, tm_hour=8, tm_min=12, tm_sec=10, tm_wday=4, tm_yday=91, tm_isdst=-1)",2022-04-01,2022,4,91,1,12,8,BUS02
2022-04-01 08:14:40,40.765762,-111.909615,1285.0,-9999.0,-9999.0,-9999.0,13.82,16.23,7.86,46.7,5.0,2.0,12.72,22.0,869.9,0.0,7.8,2.17,30.5,809.8,7.3,30.1,37.3,20.4,810.7,1.84,116.8,0.0,0,1,"time.struct_time(tm_year=2022, tm_mon=4, tm_mday=1, tm_hour=8, tm_min=14, tm_sec=40, tm_wday=4, tm_yday=91, tm_isdst=-1)",2022-04-01,2022,4,91,1,14,8,BUS02
2022-04-01 08:17:10,40.765663,-111.909714,1278.7,-9999.0,-9999.0,-9999.0,13.82,16.25,7.75,46.96,5.0,2.0,12.72,22.0,869.9,0.0,-0.4,2.16,30.5,810.3,20.2,32.7,52.9,20.4,810.8,1.84,117.1,0.0,0,1,"time.struct_time(tm_year=2022, tm_mon=4, tm_mday=1, tm_hour=8, tm_min=17, tm_sec=10, tm_wday=4, tm_yday=91, tm_isdst=-1)",2022-04-01,2022,4,91,1,17,8,BUS02
2022-04-01 08:19:40,40.765606,-111.909584,1286.0,-9999.0,-9999.0,-9999.0,13.82,16.27,7.78,46.54,5.0,2.0,12.72,22.0,869.7,0.0,0.4,2.15,30.6,809.9,29.9,34.7,64.6,20.5,810.9,1.84,116.7,0.0,0,1,"time.struct_time(tm_year=2022, tm_mon=4, tm_mday=1, tm_hour=8, tm_min=19, tm_sec=40, tm_wday=4, tm_yday=91, tm_isdst=-1)",2022-04-01,2022,4,91,1,19,8,BUS02
2022-04-01 08:22:10,40.765682,-111.909554,1269.6,-9999.0,-9999.0,-9999.0,13.82,16.29,7.92,46.05,4.0,2.0,12.78,22.0,869.9,0.0,-0.7,2.17,30.6,810.3,19.1,32.9,52.0,20.5,810.8,1.84,116.9,0.0,0,1,"time.struct_time(tm_year=2022, tm_mon=4, tm_mday=1, tm_hour=8, tm_min=22, tm_sec=10, tm_wday=4, tm_yday=91, tm_isdst=-1)",2022-04-01,2022,4,91,1,22,8,BUS02
2022-04-01 08:24:40,40.765766,-111.909622,1268.8,-9999.0,-9999.0,-9999.0,13.82,16.31,7.94,45.99,4.0,2.0,12.78,22.0,869.6,0.0,5.6,2.17,30.6,809.9,8.8,28.4,37.1,20.5,810.8,1.84,116.5,0.0,0,1,"time.struct_time(tm_year=2022, tm_mon=4, tm_mday=1, tm_hour=8, tm_min=24, tm_sec=40, tm_wday=4, tm_yday=91, tm_isdst=-1)",2022-04-01,2022,4,91,1,24,8,BUS02
2022-04-01 08:27:10,40.765743,-111.909653,1288.5,-9999.0,-9999.0,-9999.0,13.82,16.32,7.88,46.2,4.0,2.0,12.78,22.0,869.9,0.0,6.4,2.17,30.6,810.3,3.4,27.4,30.9,20.5,810.7,1.84,116.9,0.0,0,1,"time.struct_time(tm_year=2022, tm_mon=4, tm_mday=1, tm_hour=8, tm_min=27, tm_sec=10, tm_wday=4, tm_yday=91, tm_isdst=-1)",2022-04-01,2022,4,91,1,27,8,BUS02
2022-04-01 08:29:40,40.765522,-111.909767,1274.0,-9999.0,-9999.0,-9999.0,13.82,16.34,7.83,45.85,3.0,2.0,12.72,22.0,869.8,0.0,0.1,2.17,30.7,809.9,77.1,31.1,108.1,20.6,810.8,1.84,117.1,0.0,0,1,"time.struct_time(tm_year=2022, tm_mon=4, tm_mday=1, tm_hour=8, tm_min=29, tm_sec=40, tm_wday=4, tm_yday=91, tm_isdst=-1)",2022-04-01,2022,4,91,1,29,8,BUS02
2022-04-01 08:32:10,40.765781,-111.909645,1277.4,-9999.0,-9999.0,-9999.0,13.82,16.35,7.96,45.29,4.0,2.0,12.72,22.0,869.7,0.0,0.5,2.17,30.7,810.4,75.5,33.6,109.1,20.6,810.8,1.84,116.9,0.0,0,1,"time.struct_time(tm_year=2022, tm_mon=4, tm_mday=1, tm_hour=8, tm_min=32, tm_sec=10, tm_wday=4, tm_yday=91, tm_isdst=-1)",2022-04-01,2022,4,91,1,32,8,BUS02
2022-04-01 08:34:40,40.765553,-111.909683,1285.2,-9999.0,-9999.0,-9999.0,13.82,16.37,8.09,44.36,3.0,2.0,12.72,22.0,870.0,0.0,11.3,2.17,30.7,810.0,23.3,30.3,53.5,20.6,810.8,1.85,116.9,0.0,0,1,"time.struct_time(tm_year=2022, tm_mon=4, tm_mday=1, tm_hour=8, tm_min=34, tm_sec=40, tm_wday=4, tm_yday=91, tm_isdst=-1)",2022-04-01,2022,4,91,1,34,8,BUS02
2022-04-01 08:38:15,40.765472,-111.909721,1294.1,-9999.0,-9999.0,-9999.0,13.82,16.38,8.26,44.22,3.0,2.0,12.72,22.0,869.9,0.0,0.3,2.18,30.7,810.5,10.1,34.0,44.1,20.6,810.8,1.79,119.1,0.0,0,1,"time.struct_time(tm_year=2022, tm_mon=4, tm_mday=1, tm_hour=8, tm_min=38, tm_sec=15, tm_wday=4, tm_yday=91, tm_isdst=-1)",2022-04-01,2022,4,91,1,38,8,BUS02
2022-04-01 08:40:45,40.765652,-111.909615,1290.3,-9999.0,-9999.0,-9999.0,13.82,16.39,8.16,44.48,3.0,2.0,12.72,22.0,870.0,0.0,2.4,2.16,30.8,810.1,15.3,34.6,49.8,20.7,810.9,1.8,119.2,0.0,0,1,"time.struct_time(tm_year=2022, tm_mon=4, tm_mday=1, tm_hour=8, tm_min=40, tm_sec=45, tm_wday=4, tm_yday=91, tm_isdst=-1)",2022-04-01,2022,4,91,1,40,8,BUS02
2022-04-01 08:43:15,40.765739,-111.909584,1277.8,-9999.0,-9999.0,-9999.0,13.82,16.39,8.18,44.28,4.0,2.0,12.72,21.0,869.9,0.0,-0.3,2.17,30.8,810.6,14.3,37.7,52.0,20.7,810.9,1.79,119.4,0.0,0,1,"time.struct_time(tm_year=2022, tm_mon=4, tm_mday=1, tm_hour=8, tm_min=43, tm_sec=15, tm_wday=4, tm_yday=91, tm_isdst=-1)",2022-04-01,2022,4,91,1,43,8,BUS02
2022-04-01 08:45:45,40.765751,-111.909607,1294.4,-9999.0,-9999.0,-9999.0,13.82,16.4,8.02,45.09,4.0,2.0,12.72,21.0,869.9,0.0,-1.0,2.18,30.8,810.1,14.6,36.4,51.0,20.7,810.9,1.79,119.3,0.0,0,1,"time.struct_time(tm_year=2022, tm_mon=4, tm_mday=1, tm_hour=8, tm_min=45, tm_sec=45, tm_wday=4, tm_yday=91, tm_isdst=-1)",2022-04-01,2022,4,91,1,45,8,BUS02
2022-04-01 08:48:15,40.765636,-111.909798,1295.8,-9999.0,-9999.0,-9999.0,13.82,16.4,7.73,45.89,3.0,2.0,12.61,21.0,870.1,0.0,-1.5,2.19,30.8,810.5,13.1,35.3,48.4,20.7,810.9,1.8,119.3,0.0,0,1,"time.struct_time(tm_year=2022, tm_mon=4, tm_mday=1, tm_hour=8, tm_min=48, tm_sec=15, tm_wday=4, tm_yday=91, tm_isdst=-1)",2022-04-01,2022,4,91,1,48,8,BUS02
2022-04-01 08:50:45,40.766083,-111.909828,1269.5,-9999.0,-9999.0,-9999.0,13.82,16.4,7.54,46.44,4.0,2.0,12.61,21.0,869.8,0.0,2.6,2.16,30.8,810.1,5.3,35.4,40.7,20.7,810.9,1.79,119.2,0.0,0,1,"time.struct_time(tm_year=2022, tm_mon=4, tm_mday=1, tm_hour=8, tm_min=50, tm_sec=45, tm_wday=4, tm_yday=91, tm_isdst=-1)",2022-04-01,2022,4,91,1,50,8,BUS02
2022-04-01 08:53:15,40.765434,-111.909828,1325.9,-9999.0,-9999.0,-9999.0,13.81,16.4,7.37,47.14,3.0,2.0,12.61,21.0,870.0,0.0,-0.5,2.17,30.8,810.5,4.1,35.3,39.4,20.8,810.9,1.8,119.2,0.0,0,1,"time.struct_time(tm_year=2022, tm_mon=4, tm_mday=1, tm_hour=8, tm_min=53, tm_sec=15, tm_wday=4, tm_yday=91, tm_isdst=-1)",2022-04-01,2022,4,91,1,53,8,BUS02
2022-04-01 08:55:45,40.765694,-111.909508,1322.8,-9999.0,-9999.0,-9999.0,13.82,16.39,7.17,47.65,3.0,2.0,12.61,21.0,870.1,0.0,1.0,2.17,30.8,810.6,11.8,37.7,49.5,20.8,810.9,1.8,119.2,0.0,0,1,"time.struct_time(tm_year=2022, tm_mon=4, tm_mday=1, tm_hour=8, tm_min=55, tm_sec=45, tm_wday=4, tm_yday=91, tm_isdst=-1)",2022-04-01,2022,4,91,1,55,8,BUS02
2022-04-01 08:58:15,40.765797,-111.90963,1306.4,-9999.0,-9999.0,-9999.0,13.82,16.38,7.2,47.45,3.0,2.0,12.61,21.0,870.1,0.0,-2.2,2.18,30.8,810.6,13.8,38.0,51.8,20.8,811.0,1.79,119.0,0.0,0,1,"time.struct_time(tm_year=2022, tm_mon=4, tm_mday=1, tm_hour=8, tm_min=58, tm_sec=15, tm_wday=4, tm_yday=91, tm_isdst=-1)",2022-04-01,2022,4,91,1,58,8,BUS02
2022-04-01 09:00:45,40.765633,-111.909744,1296.8,-9999.0,-9999.0,-9999.0,13.82,16.38,7.15,47.83,3.0,2.0,12.61,21.0,870.1,0.0,-2.2,2.18,30.8,810.6,12.2,35.9,48.1,20.8,811.0,1.79,119.0,0.0,0,1,"time.struct_time(tm_year=2022, tm_mon=4, tm_mday=1, tm_hour=9, tm_min=0, tm_sec=45, tm_wday=4, tm_yday=91, tm_isdst=-1)",2022-04-01,2022,4,91,1,0,9,BUS02
2022-04-01 09:03:15,40.765865,-111.909676,1293.1,-9999.0,-9999.0,-9999.0,13.82,16.37,7.13,47.53,3.0,2.0,12.61,21.0,870.2,0.0,-1.3,2.16,30.8,810.6,9.1,34.5,43.6,20.8,811.0,1.8,119.1,0.0,0,1,"time.struct_time(tm_year=2022, tm_mon=4, tm_mday=1, tm_hour=9, tm_min=3, tm_sec=15, tm_wday=4, tm_yday=91, tm_isdst=-1)",2022-04-01,2022,4,91,1,3,9,BUS02
2022-04-01 09:05:45,40.765823,-111.909615,1293.5,-9999.0,-9999.0,-9999.0,13.81,16.36,7.23,47.06,3.0,2.0,12.61,21.0,869.9,0.0,-1.3,2.16,30.8,810.6,10.5,34.4,44.9,20.8,811.1,1.79,119.3,0.0,0,1,"time.struct_time(tm_year=2022, tm_mon=4, tm_mday=1, tm_hour=9, tm_min=5, tm_sec=45, tm_wday=4, tm_yday=91, tm_isdst=-1)",2022-04-01,2022,4,91,1,5,9,BUS02
2022-04-01 09:08:15,40.765678,-111.909691,1274.3,-9999.0,-9999.0,-9999.0,13.82,16.35,7.35,46.57,3.0,2.0,12.61,21.0,870.0,0.0,-0.3,2.17,30.8,810.7,9.0,39.6,48.6,20.8,811.0,1.8,119.3,0.0,0,1,"time.struct_time(tm_year=2022, tm_mon=4, tm_mday=1, tm_hour=9, tm_min=8, tm_sec=15, tm_wday=4, tm_yday=91, tm_isdst=-1)",2022-04-01,2022,4,91,1,8,9,BUS02
2022-04-01 09:10:45,40.765728,-111.909531,1285.4,-9999.0,-9999.0,-9999.0,13.82,16.34,7.43,46.25,3.0,2.0,12.61,21.0,870.0,0.0,-0.3,2.16,30.8,810.6,5.0,38.5,43.5,20.9,811.0,1.79,119.1,0.0,0,1,"time.struct_time(tm_year=2022, tm_mon=4, tm_mday=1, tm_hour=9, tm_min=10, tm_sec=45, tm_wday=4, tm_yday=91, tm_isdst=-1)",2022-04-01,2022,4,91,1,10,9,BUS02
2022-04-01 09:13:15,40.765747,-111.909607,1265.3,-9999.0,-9999.0,-9999.0,13.82,16.33,7.37,46.95,3.0,2.0,12.5,21.0,870.0,0.0,-2.5,2.17,30.8,810.6,3.5,36.4,39.9,20.9,811.0,1.79,119.2,0.0,0,1,"time.struct_time(tm_year=2022, tm_mon=4, tm_mday=1, tm_hour=9, tm_min=13, tm_sec=15, tm_wday=4, tm_yday=91, tm_isdst=-1)",2022-04-01,2022,4,91,1,13,9,BUS02
2022-04-01 09:15:45,40.765686,-111.909592,1272.2,-9999.0,-9999.0,-9999.0,13.82,16.32,7.25,47.18,3.0,2.0,12.5,21.0,870.2,0.0,-0.2,2.17,30.8,810.6,0.2,38.8,39.1,20.9,811.0,1.8,119.2,0.0,0,1,"time.struct_time(tm_year=2022, tm_mon=4, tm_mday=1, tm_hour=9, tm_min=15, tm_sec=45, tm_wday=4, tm_yday=91, tm_isdst=-1)",2022-04-01,2022,4,91,1,15,9,BUS02
2022-04-01 09:18:15,40.76572,-111.909744,1272.2,-9999.0,-9999.0,-9999.0,13.81,16.31,7.13,47.79,4.0,2.0,12.5,21.0,869.9,0.0,-2.1,2.17,30.8,810.6,0.6,36.1,36.7,20.9,811.0,1.8,119.1,0.0,0,1,"time.struct_time(tm_year=2022, tm_mon=4, tm_mday=1, tm_hour=9, tm_min=18, tm_sec=15, tm_wday=4, tm_yday=91, tm_isdst=-1)",2022-04-01,2022,4,91,1,18,9,BUS02
2022-04-01 09:20:45,40.765587,-111.909767,1247.4,-9999.0,-9999.0,-9999.0,13.82,16.29,7.07,48.01,3.0,2.0,12.5,21.0,870.2,0.0,2.6,2.17,30.8,810.6,2.6,35.1,37.7,20.9,811.1,1.79,119.2,0.0,0,1,"time.struct_time(tm_year=2022, tm_mon=4, tm_mday=1, tm_hour=9, tm_min=20, tm_sec=45, tm_wday=4, tm_yday=91, tm_isdst=-1)",2022-04-01,2022,4,91,1,20,9,BUS02
2022-04-01 09:23:15,40.765759,-111.90966,1265.4,-9999.0,-9999.0,-9999.0,13.82,16.28,7.11,46.6,3.0,2.0,12.5,21.0,870.3,0.0,-0.9,2.16,30.8,810.7,8.1,35.3,43.4,20.9,811.1,1.8,119.4,0.0,0,1,"time.struct_time(tm_year=2022, tm_mon=4, tm_mday=1, tm_hour=9, tm_min=23, tm_sec=15, tm_wday=4, tm_yday=91, tm_isdst=-1)",2022-04-01,2022,4,91,1,23,9,BUS02
2022-04-01 09:25:45,40.765759,-111.90976,1265.4,-9999.0,-9999.0,-9999.0,13.82,16.26,7.15,45.07,3.0,2.0,12.5,21.0,870.0,0.0,-1.3,2.16,30.8,810.8,6.2,35.6,41.8,20.9,811.1,1.79,119.2,0.0,0,1,"time.struct_time(tm_year=2022, tm_mon=4, tm_mday=1, tm_hour=9, tm_min=25, tm_sec=45, tm_wday=4, tm_yday=91, tm_isdst=-1)",2022-04-01,2022,4,91,1,25,9,BUS02
2022-04-01 09:28:15,40.765625,-111.909737,1259.8,-9999.0,-9999.0,-9999.0,13.82,16.25,7.21,43.58,2.0,2.0,12.5,20.0,870.1,0.0,3.4,2.16,30.8,810.8,4.2,32.3,36.5,20.9,811.2,1.79,119.1,0.0,0,1,"time.struct_time(tm_year=2022, tm_mon=4, tm_mday=1, tm_hour=9, tm_min=28, tm_sec=15, tm_wday=4, tm_yday=91, tm_isdst=-1)",2022-04-01,2022,4,91,1,28,9,BUS02
2022-04-01 09:30:45,40.765701,-111.909676,1278.3,-9999.0,-9999.0,-9999.0,13.82,16.23,7.09,42.91,3.0,2.0,12.5,20.0,870.1,0.0,1.2,2.17,30.8,810.8,0.2,34.0,34.3,20.9,811.2,1.8,119.3,0.0,0,1,"time.struct_time(tm_year=2022, tm_mon=4, tm_mday=1, tm_hour=9, tm_min=30, tm_sec=45, tm_wday=4, tm_yday=91, tm_isdst=-1)",2022-04-01,2022,4,91,1,30,9,BUS02
2022-04-01 09:33:15,40.765663,-111.909637,1281.8,-9999.0,-9999.0,-9999.0,13.82,16.22,6.97,42.48,2.0,2.0,12.5,19.0,870.3,0.0,4.1,2.17,30.8,810.8,0.3,30.8,31.0,20.9,811.2,1.8,119.4,0.0,0,1,"time.struct_time(tm_year=2022, tm_mon=4, tm_mday=1, tm_hour=9, tm_min=33, tm_sec=15, tm_wday=4, tm_yday=91, tm_isdst=-1)",2022-04-01,2022,4,91,1,33,9,BUS02
2022-04-01 09:35:45,40.76564,-111.909813,1267.9,-9999.0,-9999.0,-9999.0,13.82,16.21,6.87,42.57,2.0,2.0,12.39,19.0,870.2,0.0,5.3,2.16,30.8,810.8,0.4,32.5,32.9,20.9,811.2,1.8,119.3,0.0,0,1,"time.struct_time(tm_year=2022, tm_mon=4, tm_mday=1, tm_hour=9, tm_min=35, tm_sec=45, tm_wday=4, tm_yday=91, tm_isdst=-1)",2022-04-01,2022,4,91,1,35,9,BUS02
2022-04-01 09:39:20,40.76556,-111.90963,1290.5,-9999.0,-9999.0,-9999.0,13.82,16.18,6.87,41.92,2.0,2.0,12.39,19.0,870.2,0.0,9.0,2.17,30.8,810.4,0.3,27.8,28.1,20.9,811.2,1.85,116.8,0.0,0,1,"time.struct_time(tm_year=2022, tm_mon=4, tm_mday=1, tm_hour=9, tm_min=39, tm_sec=20, tm_wday=4, tm_yday=91, tm_isdst=-1)",2022-04-01,2022,4,91,1,39,9,BUS02
2022-04-01 09:41:50,40.765781,-111.909714,1281.8,-9999.0,-9999.0,-9999.0,13.82,16.17,6.87,41.74,2.0,2.0,12.39,19.0,870.1,0.0,5.0,2.16,30.7,810.8,0.2,25.9,26.1,20.9,811.3,1.85,116.8,0.0,0,1,"time.struct_time(tm_year=2022, tm_mon=4, tm_mday=1, tm_hour=9, tm_min=41, tm_sec=50, tm_wday=4, tm_yday=91, tm_isdst=-1)",2022-04-01,2022,4,91,1,41,9,BUS02
2022-04-01 09:44:20,40.765587,-111.909729,1303.7,-9999.0,-9999.0,-9999.0,13.82,16.15,6.91,41.14,2.0,2.0,12.39,19.0,870.1,0.0,5.7,2.17,30.7,810.4,3.1,27.2,30.3,20.9,811.3,1.85,116.7,0.0,0,1,"time.struct_time(tm_year=2022, tm_mon=4, tm_mday=1, tm_hour=9, tm_min=44, tm_sec=20, tm_wday=4, tm_yday=91, tm_isdst=-1)",2022-04-01,2022,4,91,1,44,9,BUS02
2022-04-01 09:46:50,40.765705,-111.90976,1320.7,-9999.0,-9999.0,-9999.0,13.81,16.13,6.93,40.47,1.0,2.0,12.39,19.0,870.2,0.0,10.5,2.16,30.7,810.9,-0.7,24.7,24.1,20.9,811.3,1.85,116.7,0.0,0,1,"time.struct_time(tm_year=2022, tm_mon=4, tm_mday=1, tm_hour=9, tm_min=46, tm_sec=50, tm_wday=4, tm_yday=91, tm_isdst=-1)",2022-04-01,2022,4,91,1,46,9,BUS02
2022-04-01 09:49:20,40.765812,-111.909683,1283.0,-9999.0,-9999.0,-9999.0,13.82,16.1,6.93,40.35,1.0,2.0,12.28,19.0,870.3,0.0,8.9,2.16,30.7,810.5,0.7,24.3,25.0,20.9,811.3,1.85,116.7,0.0,0,1,"time.struct_time(tm_year=2022, tm_mon=4, tm_mday=1, tm_hour=9, tm_min=49, tm_sec=20, tm_wday=4, tm_yday=91, tm_isdst=-1)",2022-04-01,2022,4,91,1,49,9,BUS02
2022-04-01 09:51:50,40.765602,-111.909546,1305.0,-9999.0,-9999.0,-9999.0,13.82,16.08,6.87,40.43,1.0,2.0,12.28,19.0,870.3,0.0,11.0,2.18,30.7,810.9,2.8,25.4,28.2,20.9,811.3,1.85,116.8,0.0,0,1,"time.struct_time(tm_year=2022, tm_mon=4, tm_mday=1, tm_hour=9, tm_min=51, tm_sec=50, tm_wday=4, tm_yday=91, tm_isdst=-1)",2022-04-01,2022,4,91,1,51,9,BUS02
2022-04-01 09:54:20,40.765484,-111.909431,1325.1,-9999.0,-9999.0,-9999.0,13.82,16.06,6.61,41.22,2.0,2.0,12.28,18.0,870.6,0.0,8.8,2.16,30.7,810.5,0.2,24.9,25.1,20.9,811.4,1.85,116.6,0.0,0,1,"time.struct_time(tm_year=2022, tm_mon=4, tm_mday=1, tm_hour=9, tm_min=54, tm_sec=20, tm_wday=4, tm_yday=91, tm_isdst=-1)",2022-04-01,2022,4,91,1,54,9,BUS02
2022-04-01 09:56:50,40.765656,-111.909706,1297.1,-9999.0,-9999.0,-9999.0,13.82,16.03,6.45,41.5,1.0,2.0,12.22,18.0,870.4,0.0,10.2,2.16,30.7,811.0,-0.0,24.2,24.2,20.9,811.4,1.85,116.7,0.0,0,1,"time.struct_time(tm_year=2022, tm_mon=4, tm_mday=1, tm_hour=9, tm_min=56, tm_sec=50, tm_wday=4, tm_yday=91, tm_isdst=-1)",2022-04-01,2022,4,91,1,56,9,BUS02
2022-04-01 09:59:20,40.765701,-111.909561,1295.8,-9999.0,-9999.0,-9999.0,13.81,16.01,6.34,41.48,1.0,2.0,12.22,18.0,870.4,0.0,9.2,2.16,30.6,810.5,4.7,21.5,26.2,20.9,811.4,1.85,116.7,0.0,0,1,"time.struct_time(tm_year=2022, tm_mon=4, tm_mday=1, tm_hour=9, tm_min=59, tm_sec=20, tm_wday=4, tm_yday=91, tm_isdst=-1)",2022-04-01,2022,4,91,1,59,9,BUS02
2022-04-01 10:01:50,40.765682,-111.9095,1306.8,-9999.0,-9999.0,-9999.0,13.82,15.98,6.3,41.37,1.0,2.0,12.22,18.0,870.4,0.0,16.9,2.17,30.6,811.0,-0.6,24.3,23.7,20.9,811.5,1.85,116.6,0.0,0,1,"time.struct_time(tm_year=2022, tm_mon=4, tm_mday=1, tm_hour=10, tm_min=1, tm_sec=50, tm_wday=4, tm_yday=91, tm_isdst=-1)",2022-04-01,2022,4,91,1,1,10,BUS02
2022-04-01 10:04:20,40.765636,-111.909637,1295.6,-9999.0,-9999.0,-9999.0,13.82,15.95,6.36,40.99,1.0,2.0,12.22,18.0,870.3,0.0,8.9,2.17,30.6,810.4,-3.3,21.8,18.5,20.9,811.4,1.85,116.7,0.0,0,1,"time.struct_time(tm_year=2022, tm_mon=4, tm_mday=1, tm_hour=10, tm_min=4, tm_sec=20, tm_wday=4, tm_yday=91, tm_isdst=-1)",2022-04-01,2022,4,91,1,4,10,BUS02
2022-04-01 10:06:50,40.765759,-111.909691,1283.5,-9999.0,-9999.0,-9999.0,13.82,15.93,6.4,40.71,1.0,2.0,12.11,18.0,870.3,0.0,14.5,2.16,30.6,811.0,-1.1,20.1,19.0,20.9,811.4,1.85,116.9,0.0,0,1,"time.struct_time(tm_year=2022, tm_mon=4, tm_mday=1, tm_hour=10, tm_min=6, tm_sec=50, tm_wday=4, tm_yday=91, tm_isdst=-1)",2022-04-01,2022,4,91,1,6,10,BUS02
2022-04-01 10:09:20,40.765877,-111.90976,1293.3,-9999.0,-9999.0,-9999.0,13.82,15.9,6.4,40.75,1.0,2.0,12.11,18.0,870.4,0.0,13.6,2.19,30.5,810.6,0.3,20.0,20.4,20.9,811.5,1.85,116.8,0.0,0,1,"time.struct_time(tm_year=2022, tm_mon=4, tm_mday=1, tm_hour=10, tm_min=9, tm_sec=20, tm_wday=4, tm_yday=91, tm_isdst=-1)",2022-04-01,2022,4,91,1,9,10,BUS02
2022-04-01 10:11:50,40.765881,-111.909714,1284.6,-9999.0,-9999.0,-9999.0,13.82,15.87,6.4,40.53,1.0,2.0,12.11,18.0,870.7,0.0,12.5,2.17,30.5,811.1,-0.4,22.6,22.2,20.9,811.5,1.85,116.8,0.0,0,1,"time.struct_time(tm_year=2022, tm_mon=4, tm_mday=1, tm_hour=10, tm_min=11, tm_sec=50, tm_wday=4, tm_yday=91, tm_isdst=-1)",2022-04-01,2022,4,91,1,11,10,BUS02
2022-04-01 10:14:20,40.765629,-111.909569,1302.6,-9999.0,-9999.0,-9999.0,13.82,15.85,6.44,40.22,1.0,2.0,12.11,18.0,870.5,0.0,17.5,2.16,30.5,810.6,-0.6,21.8,21.2,20.9,811.5,1.85,116.8,0.0,0,1,"time.struct_time(tm_year=2022, tm_mon=4, tm_mday=1, tm_hour=10, tm_min=14, tm_sec=20, tm_wday=4, tm_yday=91, tm_isdst=-1)",2022-04-01,2022,4,91,1,14,10,BUS02
2022-04-01 10:16:50,40.765587,-111.909691,1298.4,-9999.0,-9999.0,-9999.0,13.82,15.82,6.5,40.27,1.0,2.0,12.0,18.0,870.5,0.0,12.8,2.17,30.5,811.1,-0.1,22.3,22.2,20.9,811.5,1.85,116.8,0.0,0,1,"time.struct_time(tm_year=2022, tm_mon=4, tm_mday=1, tm_hour=10, tm_min=16, tm_sec=50, tm_wday=4, tm_yday=91, tm_isdst=-1)",2022-04-01,2022,4,91,1,16,10,BUS02
2022-04-01 10:19:20,40.765869,-111.909836,1271.4,-9999.0,-9999.0,-9999.0,13.82,15.8,6.46,40.61,2.0,2.0,12.11,18.0,870.6,0.0,12.8,2.16,30.5,810.7,0.5,21.9,22.5,20.9,811.6,1.85,117.0,0.0,0,1,"time.struct_time(tm_year=2022, tm_mon=4, tm_mday=1, tm_hour=10, tm_min=19, tm_sec=20, tm_wday=4, tm_yday=91, tm_isdst=-1)",2022-04-01,2022,4,91,1,19,10,BUS02
2022-04-01 10:21:50,40.765797,-111.909798,1293.5,-9999.0,-9999.0,-9999.0,13.82,15.77,6.45,40.73,1.0,2.0,12.0,18.0,870.5,0.0,11.9,2.18,30.4,811.0,1.1,20.9,22.0,20.9,811.5,1.85,117.1,0.0,0,1,"time.struct_time(tm_year=2022, tm_mon=4, tm_mday=1, tm_hour=10, tm_min=21, tm_sec=50, tm_wday=4, tm_yday=91, tm_isdst=-1)",2022-04-01,2022,4,91,1,21,10,BUS02
2022-04-01 10:24:20,40.765781,-111.909843,1287.8,-9999.0,-9999.0,-9999.0,13.82,15.75,6.44,40.79,1.0,2.0,12.0,18.0,870.6,0.0,14.4,2.17,30.4,810.6,0.8,22.9,23.7,20.9,811.5,1.85,116.7,0.0,0,1,"time.struct_time(tm_year=2022, tm_mon=4, tm_mday=1, tm_hour=10, tm_min=24, tm_sec=20, tm_wday=4, tm_yday=91, tm_isdst=-1)",2022-04-01,2022,4,91,1,24,10,BUS02
2022-04-01 10:26:50,40.765827,-111.909828,1291.6,-9999.0,-9999.0,-9999.0,13.82,15.73,6.51,40.75,1.0,2.0,12.0,18.0,870.5,0.0,12.6,2.16,30.4,811.1,1.0,21.5,22.5,20.9,811.6,1.85,116.9,0.0,0,1,"time.struct_time(tm_year=2022, tm_mon=4, tm_mday=1, tm_hour=10, tm_min=26, tm_sec=50, tm_wday=4, tm_yday=91, tm_isdst=-1)",2022-04-01,2022,4,91,1,26,10,BUS02
2022-04-01 10:29:20,40.765797,-111.909821,1284.6,-9999.0,-9999.0,-9999.0,13.82,15.7,6.54,40.59,1.0,2.0,12.0,18.0,870.6,0.0,13.1,2.16,30.4,810.6,0.6,20.0,20.6,20.9,811.5,1.85,116.9,0.0,0,1,"time.struct_time(tm_year=2022, tm_mon=4, tm_mday=1, tm_hour=10, tm_min=29, tm_sec=20, tm_wday=4, tm_yday=91, tm_isdst=-1)",2022-04-01,2022,4,91,1,29,10,BUS02
2022-04-01 10:31:50,40.765797,-111.909737,1272.1,-9999.0,-9999.0,-9999.0,13.82,15.68,6.54,40.71,2.0,2.0,11.89,18.0,870.5,0.0,2.8,2.16,30.3,811.1,21.3,29.2,50.4,20.9,811.6,1.85,117.0,0.0,0,1,"time.struct_time(tm_year=2022, tm_mon=4, tm_mday=1, tm_hour=10, tm_min=31, tm_sec=50, tm_wday=4, tm_yday=91, tm_isdst=-1)",2022-04-01,2022,4,91,1,31,10,BUS02
2022-04-01 10:34:20,40.765797,-111.909737,1283.0,-9999.0,-9999.0,-9999.0,13.82,15.66,6.48,40.93,1.0,2.0,11.89,18.0,870.7,0.0,8.4,2.16,30.3,810.7,30.7,33.9,64.6,20.8,811.7,1.85,116.8,0.0,0,1,"time.struct_time(tm_year=2022, tm_mon=4, tm_mday=1, tm_hour=10, tm_min=34, tm_sec=20, tm_wday=4, tm_yday=91, tm_isdst=-1)",2022-04-01,2022,4,91,1,34,10,BUS02
2022-04-01 10:36:50,40.765747,-111.909828,1288.1,-9999.0,-9999.0,-9999.0,13.82,15.63,6.4,41.25,2.0,2.0,11.89,18.0,870.6,0.0,2.6,2.17,30.3,811.2,23.1,30.3,53.4,20.8,811.6,1.86,117.0,0.0,0,1,"time.struct_time(tm_year=2022, tm_mon=4, tm_mday=1, tm_hour=10, tm_min=36, tm_sec=50, tm_wday=4, tm_yday=91, tm_isdst=-1)",2022-04-01,2022,4,91,1,36,10,BUS02
2022-04-01 10:40:25,40.765759,-111.909752,1296.2,-9999.0,-9999.0,-9999.0,13.81,15.6,6.32,41.39,2.0,2.0,11.89,18.0,870.5,0.0,4.5,2.16,30.3,811.1,18.3,32.4,50.7,20.8,811.6,1.85,117.3,0.0,0,1,"time.struct_time(tm_year=2022, tm_mon=4, tm_mday=1, tm_hour=10, tm_min=40, tm_sec=25, tm_wday=4, tm_yday=91, tm_isdst=-1)",2022-04-01,2022,4,91,1,40,10,BUS02
2022-04-01 10:42:55,40.765903,-111.909866,1294.5,-9999.0,-9999.0,-9999.0,13.82,15.58,6.3,42.06,1.0,2.0,11.89,19.0,870.9,0.0,6.2,2.16,30.2,810.8,2.1,27.5,29.6,20.8,811.6,1.85,117.4,0.0,0,1,"time.struct_time(tm_year=2022, tm_mon=4, tm_mday=1, tm_hour=10, tm_min=42, tm_sec=55, tm_wday=4, tm_yday=91, tm_isdst=-1)",2022-04-01,2022,4,91,1,42,10,BUS02
2022-04-01 10:45:25,40.765816,-111.909866,1296.3,-9999.0,-9999.0,-9999.0,13.82,15.55,6.24,42.6,1.0,2.0,11.78,19.0,870.8,0.0,4.3,2.17,30.2,811.2,1.1,26.8,28.0,20.8,811.7,1.85,117.2,0.0,0,1,"time.struct_time(tm_year=2022, tm_mon=4, tm_mday=1, tm_hour=10, tm_min=45, tm_sec=25, tm_wday=4, tm_yday=91, tm_isdst=-1)",2022-04-01,2022,4,91,1,45,10,BUS02
2022-04-01 10:47:55,40.765804,-111.909782,1275.8,-9999.0,-9999.0,-9999.0,13.82,15.53,6.24,43.41,1.0,2.0,11.78,19.0,870.8,0.0,4.9,2.16,30.2,810.8,1.9,28.3,30.2,20.8,811.7,1.85,117.4,0.0,0,1,"time.struct_time(tm_year=2022, tm_mon=4, tm_mday=1, tm_hour=10, tm_min=47, tm_sec=55, tm_wday=4, tm_yday=91, tm_isdst=-1)",2022-04-01,2022,4,91,1,47,10,BUS02
2022-04-01 10:50:25,40.765858,-111.909859,1259.7,-9999.0,-9999.0,-9999.0,13.82,15.5,6.18,43.95,2.0,2.0,11.78,19.0,870.6,0.0,5.3,2.16,30.2,811.2,7.6,31.7,39.3,20.8,811.7,1.85,117.5,0.0,0,1,"time.struct_time(tm_year=2022, tm_mon=4, tm_mday=1, tm_hour=10, tm_min=50, tm_sec=25, tm_wday=4, tm_yday=91, tm_isdst=-1)",2022-04-01,2022,4,91,1,50,10,BUS02
2022-04-01 10:52:55,40.765842,-111.909843,1276.5,-9999.0,-9999.0,-9999.0,13.82,15.47,6.14,44.1,2.0,2.0,11.72,19.0,870.8,0.0,3.3,2.16,30.2,810.8,14.9,27.7,42.6,20.8,811.8,1.85,117.3,0.0,0,1,"time.struct_time(tm_year=2022, tm_mon=4, tm_mday=1, tm_hour=10, tm_min=52, tm_sec=55, tm_wday=4, tm_yday=91, tm_isdst=-1)",2022-04-01,2022,4,91,1,52,10,BUS02
2022-04-01 10:55:25,40.76582,-111.909836,1278.1,-9999.0,-9999.0,-9999.0,13.81,15.44,6.18,44.58,1.0,2.0,11.72,20.0,870.7,0.0,5.7,2.17,30.1,811.3,4.0,28.3,32.3,20.7,811.8,1.85,117.4,0.0,0,1,"time.struct_time(tm_year=2022, tm_mon=4, tm_mday=1, tm_hour=10, tm_min=55, tm_sec=25, tm_wday=4, tm_yday=91, tm_isdst=-1)",2022-04-01,2022,4,91,1,55,10,BUS02
2022-04-01 10:57:55,40.765739,-111.909912,1293.9,-9999.0,-9999.0,-9999.0,13.82,15.41,6.22,44.63,3.0,2.0,11.72,20.0,870.7,0.0,3.9,2.16,30.1,810.8,0.7,30.9,31.6,20.7,811.8,1.85,117.2,0.0,0,1,"time.struct_time(tm_year=2022, tm_mon=4, tm_mday=1, tm_hour=10, tm_min=57, tm_sec=55, tm_wday=4, tm_yday=91, tm_isdst=-1)",2022-04-01,2022,4,91,1,57,10,BUS02
2022-04-01 11:00:25,40.765755,-111.909714,1295.5,-9999.0,-9999.0,-9999.0,13.82,15.39,6.28,44.55,2.0,2.0,11.72,20.0,870.6,0.0,7.1,2.17,30.1,811.2,0.3,28.6,28.9,20.7,811.6,1.85,117.3,0.0,0,1,"time.struct_time(tm_year=2022, tm_mon=4, tm_mday=1, tm_hour=11, tm_min=0, tm_sec=25, tm_wday=4, tm_yday=91, tm_isdst=-1)",2022-04-01,2022,4,91,1,0,11,BUS02
2022-04-01 11:02:55,40.76577,-111.909653,1285.3,-9999.0,-9999.0,-9999.0,13.82,15.36,6.3,44.2,2.0,2.0,11.72,20.0,870.9,0.0,7.6,2.16,30.1,810.7,4.3,27.7,31.9,20.7,811.6,1.85,117.9,0.0,0,1,"time.struct_time(tm_year=2022, tm_mon=4, tm_mday=1, tm_hour=11, tm_min=2, tm_sec=55, tm_wday=4, tm_yday=91, tm_isdst=-1)",2022-04-01,2022,4,91,1,2,11,BUS02
2022-04-01 11:05:25,40.765797,-111.909767,1282.6,-9999.0,-9999.0,-9999.0,13.82,15.34,6.3,44.24,3.0,2.0,11.61,20.0,870.8,0.0,2.7,2.15,30.0,811.2,98.4,31.3,129.7,20.7,811.7,1.85,117.8,0.0,0,1,"time.struct_time(tm_year=2022, tm_mon=4, tm_mday=1, tm_hour=11, tm_min=5, tm_sec=25, tm_wday=4, tm_yday=91, tm_isdst=-1)",2022-04-01,2022,4,91,1,5,11,BUS02
2022-04-01 11:07:55,40.765751,-111.909744,1281.7,-9999.0,-9999.0,-9999.0,13.81,15.31,6.24,43.9,2.0,2.0,11.61,20.0,870.8,0.0,8.8,2.15,30.0,810.9,4.1,31.5,35.6,20.7,811.8,1.85,117.7,0.0,0,1,"time.struct_time(tm_year=2022, tm_mon=4, tm_mday=1, tm_hour=11, tm_min=7, tm_sec=55, tm_wday=4, tm_yday=91, tm_isdst=-1)",2022-04-01,2022,4,91,1,7,11,BUS02
2022-04-01 11:10:25,40.765892,-111.909714,1281.9,-9999.0,-9999.0,-9999.0,13.81,15.28,6.25,43.68,2.0,2.0,11.61,19.0,870.8,0.0,9.3,2.17,30.0,811.4,2.8,25.9,28.7,20.7,811.8,1.85,117.5,0.0,0,1,"time.struct_time(tm_year=2022, tm_mon=4, tm_mday=1, tm_hour=11, tm_min=10, tm_sec=25, tm_wday=4, tm_yday=91, tm_isdst=-1)",2022-04-01,2022,4,91,1,10,11,BUS02
2022-04-01 11:12:55,40.765823,-111.909821,1278.4,-9999.0,-9999.0,-9999.0,13.82,15.26,6.18,43.39,2.0,2.0,11.61,19.0,870.9,0.0,14.7,2.17,30.0,810.9,2.9,25.2,28.1,20.6,811.8,1.85,117.2,0.0,0,1,"time.struct_time(tm_year=2022, tm_mon=4, tm_mday=1, tm_hour=11, tm_min=12, tm_sec=55, tm_wday=4, tm_yday=91, tm_isdst=-1)",2022-04-01,2022,4,91,1,12,11,BUS02
2022-04-01 11:15:25,40.765923,-111.909744,1275.0,-9999.0,-9999.0,-9999.0,13.81,15.23,6.2,43.37,2.0,2.0,11.5,19.0,871.1,0.0,10.3,2.16,29.9,811.4,1.3,24.7,26.0,20.6,812.0,1.85,117.2,0.0,0,1,"time.struct_time(tm_year=2022, tm_mon=4, tm_mday=1, tm_hour=11, tm_min=15, tm_sec=25, tm_wday=4, tm_yday=91, tm_isdst=-1)",2022-04-01,2022,4,91,1,15,11,BUS02
2022-04-01 11:17:55,40.765812,-111.909729,1275.5,-9999.0,-9999.0,-9999.0,13.81,15.21,6.14,43.6,2.0,2.0,11.5,19.0,871.0,0.0,10.3,2.16,29.9,811.0,4.9,27.4,32.2,20.6,812.0,1.85,117.4,0.0,0,1,"time.struct_time(tm_year=2022, tm_mon=4, tm_mday=1, tm_hour=11, tm_min=17, tm_sec=55, tm_wday=4, tm_yday=91, tm_isdst=-1)",2022-04-01,2022,4,91,1,17,11,BUS02
2022-04-01 11:20:25,40.765724,-111.909813,1279.8,-9999.0,-9999.0,-9999.0,13.82,15.18,6.18,43.53,2.0,2.0,11.5,19.0,871.2,0.0,7.9,2.16,29.9,811.5,1.3,26.7,27.9,20.6,812.0,1.85,117.6,0.0,0,1,"time.struct_time(tm_year=2022, tm_mon=4, tm_mday=1, tm_hour=11, tm_min=20, tm_sec=25, tm_wday=4, tm_yday=91, tm_isdst=-1)",2022-04-01,2022,4,91,1,20,11,BUS02
2022-04-01 11:22:55,40.765675,-111.909721,1273.5,-9999.0,-9999.0,-9999.0,13.81,15.16,6.16,43.6,2.0,2.0,11.5,19.0,870.9,0.0,7.8,2.15,29.9,811.1,1.0,25.2,26.2,20.6,812.1,1.85,116.6,0.0,0,1,"time.struct_time(tm_year=2022, tm_mon=4, tm_mday=1, tm_hour=11, tm_min=22, tm_sec=55, tm_wday=4, tm_yday=91, tm_isdst=-1)",2022-04-01,2022,4,91,1,22,11,BUS02
2022-04-01 11:25:25,40.765713,-111.909523,1277.5,-9999.0,-9999.0,-9999.0,13.81,15.14,6.12,42.89,1.0,2.0,11.5,19.0,871.0,0.0,13.8,2.15,29.8,811.5,1.5,23.5,25.0,20.6,812.0,1.84,117.5,0.0,0,1,"time.struct_time(tm_year=2022, tm_mon=4, tm_mday=1, tm_hour=11, tm_min=25, tm_sec=25, tm_wday=4, tm_yday=91, tm_isdst=-1)",2022-04-01,2022,4,91,1,25,11,BUS02
2022-04-01 11:27:55,40.765701,-111.909706,1299.0,-9999.0,-9999.0,-9999.0,13.82,15.11,6.08,42.79,1.0,2.0,11.39,19.0,870.9,0.0,16.7,2.16,29.8,811.1,-1.3,18.9,17.6,20.5,812.1,1.84,117.2,0.0,0,1,"time.struct_time(tm_year=2022, tm_mon=4, tm_mday=1, tm_hour=11, tm_min=27, tm_sec=55, tm_wday=4, tm_yday=91, tm_isdst=-1)",2022-04-01,2022,4,91,1,27,11,BUS02
2022-04-01 11:33:30,40.765583,-111.909592,1295.5,-9999.0,-9999.0,-9999.0,13.81,15.06,6.12,43.35,89.0,2.0,11.39,19.0,871.1,0.0,11.6,2.16,29.8,811.6,38.7,29.4,68.1,20.5,812.2,1.8,119.5,0.0,0,1,"time.struct_time(tm_year=2022, tm_mon=4, tm_mday=1, tm_hour=11, tm_min=33, tm_sec=30, tm_wday=4, tm_yday=91, tm_isdst=-1)",2022-04-01,2022,4,91,1,33,11,BUS02
2022-04-01 11:36:00,40.764912,-111.90831,1294.3,-9999.0,-9999.0,-9999.0,13.81,15.04,6.25,42.57,2.0,2.0,11.28,19.0,871.1,0.0,16.5,2.16,29.7,811.0,204.2,-58.7,145.5,20.5,812.1,1.79,119.5,0.0,0,1,"time.struct_time(tm_year=2022, tm_mon=4, tm_mday=1, tm_hour=11, tm_min=36, tm_sec=0, tm_wday=4, tm_yday=91, tm_isdst=-1)",2022-04-01,2022,4,91,1,36,11,BUS02
2022-04-01 11:38:30,40.763168,-111.909035,1287.5,-9999.0,-9999.0,-9999.0,13.81,15.0,6.02,43.56,2.0,2.0,11.11,19.0,870.9,0.0,11.2,2.17,29.7,811.5,78.0,-9.2,68.9,20.5,812.2,1.8,120.0,0.0,0,1,"time.struct_time(tm_year=2022, tm_mon=4, tm_mday=1, tm_hour=11, tm_min=38, tm_sec=30, tm_wday=4, tm_yday=91, tm_isdst=-1)",2022-04-01,2022,4,91,1,38,11,BUS02
2022-04-01 11:42:10,40.760693,-111.909073,1299.8,-9999.0,-9999.0,-9999.0,13.81,14.87,5.47,45.51,4.0,2.0,10.5,19.0,869.7,0.0,10.1,2.16,29.7,810.2,30.9,48.0,78.9,20.4,810.9,1.85,116.3,0.0,0,1,"time.struct_time(tm_year=2022, tm_mon=4, tm_mday=1, tm_hour=11, tm_min=42, tm_sec=10, tm_wday=4, tm_yday=91, tm_isdst=-1)",2022-04-01,2022,4,91,1,42,11,BUS02
2022-04-01 11:44:40,40.759705,-111.916847,1286.4,-9999.0,-9999.0,-9999.0,13.82,14.69,4.96,46.64,2.0,2.0,10.11,19.0,871.1,0.0,4.2,2.16,29.6,811.3,130.5,49.6,180.2,20.4,812.4,1.85,118.7,0.0,0,1,"time.struct_time(tm_year=2022, tm_mon=4, tm_mday=1, tm_hour=11, tm_min=44, tm_sec=40, tm_wday=4, tm_yday=91, tm_isdst=-1)",2022-04-01,2022,4,91,1,44,11,BUS02
2022-04-01 11:47:10,40.751926,-111.916435,1287.7,-9999.0,-9999.0,-9999.0,13.82,14.5,4.38,49.5,3.0,2.0,9.72,19.0,871.3,0.0,-1.4,2.15,29.5,811.7,166.7,71.6,238.3,20.4,812.5,1.85,116.2,0.0,0,0,"time.struct_time(tm_year=2022, tm_mon=4, tm_mday=1, tm_hour=11, tm_min=47, tm_sec=10, tm_wday=4, tm_yday=91, tm_isdst=-1)",2022-04-01,2022,4,91,1,47,11,BUS02
2022-04-01 11:49:40,40.740166,-111.916908,1283.8,-9999.0,-9999.0,-9999.0,13.82,14.27,3.7,55.23,7.0,2.0,9.28,20.0,871.3,0.0,-1.0,2.16,29.4,811.6,82.3,92.3,174.7,20.3,812.7,1.85,116.5,0.0,0,0,"time.struct_time(tm_year=2022, tm_mon=4, tm_mday=1, tm_hour=11, tm_min=49, tm_sec=40, tm_wday=4, tm_yday=91, tm_isdst=-1)",2022-04-01,2022,4,91,1,49,11,BUS02
2022-04-01 11:52:10,40.726902,-111.916916,1286.1,-9999.0,-9999.0,-9999.0,13.82,14.02,3.45,58.71,7.0,2.0,8.89,21.0,871.2,0.0,-2.9,2.15,29.3,811.8,123.0,78.6,201.6,20.3,812.3,1.85,116.3,0.0,0,0,"time.struct_time(tm_year=2022, tm_mon=4, tm_mday=1, tm_hour=11, tm_min=52, tm_sec=10, tm_wday=4, tm_yday=91, tm_isdst=-1)",2022-04-01,2022,4,91,1,52,11,BUS02
2022-04-01 11:54:40,40.725971,-111.936096,1288.7,-9999.0,-9999.0,-9999.0,13.82,13.73,3.43,59.1,34.0,2.0,8.78,22.0,871.1,0.0,-0.8,2.15,29.2,811.2,-102.2,2.7,-99.4,20.2,812.4,1.85,116.7,0.0,0,0,"time.struct_time(tm_year=2022, tm_mon=4, tm_mday=1, tm_hour=11, tm_min=54, tm_sec=40, tm_wday=4, tm_yday=91, tm_isdst=-1)",2022-04-01,2022,4,91,1,54,11,BUS02
2022-04-01 11:57:10,40.733196,-111.94014,1291.3,-9999.0,-9999.0,-9999.0,13.82,13.45,3.19,60.72,7.0,2.0,8.39,22.0,871.3,0.0,-0.5,2.16,29.0,812.1,146.6,375.5,522.1,20.1,812.6,1.85,116.5,0.0,0,0,"time.struct_time(tm_year=2022, tm_mon=4, tm_mday=1, tm_hour=11, tm_min=57, tm_sec=10, tm_wday=4, tm_yday=91, tm_isdst=-1)",2022-04-01,2022,4,91,1,57,11,BUS02
2022-04-01 11:59:40,40.733189,-111.950783,1291.2,-9999.0,-9999.0,-9999.0,13.85,13.25,3.19,61.45,10.0,2.0,8.0,22.0,871.3,0.0,-2.1,2.16,28.9,811.4,41.4,-29.2,12.2,20.1,812.7,1.85,116.3,0.0,0,0,"time.struct_time(tm_year=2022, tm_mon=4, tm_mday=1, tm_hour=11, tm_min=59, tm_sec=40, tm_wday=4, tm_yday=91, tm_isdst=-1)",2022-04-01,2022,4,91,1,59,11,BUS02
2022-04-01 12:02:10,40.728508,-111.958321,1291.2,-9999.0,-9999.0,-9999.0,13.85,13.06,3.17,61.37,4.0,2.0,7.89,23.0,870.9,0.0,-3.2,2.15,28.7,811.4,176.6,16.5,193.2,20.0,812.3,1.85,117.0,0.0,0,0,"time.struct_time(tm_year=2022, tm_mon=4, tm_mday=1, tm_hour=12, tm_min=2, tm_sec=10, tm_wday=4, tm_yday=91, tm_isdst=-1)",2022-04-01,2022,4,91,1,2,12,BUS02
2022-04-01 12:04:40,40.729649,-111.96814,1291.1,-9999.0,-9999.0,-9999.0,13.85,12.83,3.21,59.75,5.0,2.0,7.78,23.0,871.3,0.0,-3.9,2.16,28.5,811.2,143.9,129.4,273.3,19.9,812.6,1.86,115.0,0.0,0,0,"time.struct_time(tm_year=2022, tm_mon=4, tm_mday=1, tm_hour=12, tm_min=4, tm_sec=40, tm_wday=4, tm_yday=91, tm_isdst=-1)",2022-04-01,2022,4,91,1,4,12,BUS02
2022-04-01 12:07:10,40.730858,-111.978592,1298.6,-9999.0,-9999.0,-9999.0,13.85,12.65,3.27,59.35,4.0,2.0,7.61,23.0,871.2,0.0,-0.0,2.16,28.4,811.9,119.3,-108.4,11.0,19.8,812.8,1.85,115.6,0.0,0,0,"time.struct_time(tm_year=2022, tm_mon=4, tm_mday=1, tm_hour=12, tm_min=7, tm_sec=10, tm_wday=4, tm_yday=91, tm_isdst=-1)",2022-04-01,2022,4,91,1,7,12,BUS02
2022-04-01 12:09:40,40.730862,-111.986481,1296.3,-9999.0,-9999.0,-9999.0,13.85,12.49,3.29,55.67,5.0,2.0,7.5,22.0,871.2,0.0,-0.3,2.16,28.2,811.1,119.5,-2.4,117.1,19.7,813.0,1.85,114.3,0.0,0,0,"time.struct_time(tm_year=2022, tm_mon=4, tm_mday=1, tm_hour=12, tm_min=9, tm_sec=40, tm_wday=4, tm_yday=91, tm_isdst=-1)",2022-04-01,2022,4,91,1,9,12,BUS02
2022-04-01 12:12:10,40.727348,-111.986374,1303.1,-9999.0,-9999.0,-9999.0,13.85,12.36,3.25,55.87,5.0,2.0,7.39,22.0,870.1,0.0,-1.9,2.14,28.0,810.9,72.3,59.6,131.9,19.7,812.0,1.85,115.6,0.0,0,0,"time.struct_time(tm_year=2022, tm_mon=4, tm_mday=1, tm_hour=12, tm_min=12, tm_sec=10, tm_wday=4, tm_yday=91, tm_isdst=-1)",2022-04-01,2022,4,91,1,12,12,BUS02
2022-04-01 12:14:40,40.71841,-111.985672,1293.5,-9999.0,-9999.0,-9999.0,13.85,12.2,3.41,55.11,3.0,2.0,7.5,22.0,871.0,0.0,6.7,2.15,27.9,810.9,137.3,104.4,241.7,19.6,812.8,1.85,114.8,0.0,0,0,"time.struct_time(tm_year=2022, tm_mon=4, tm_mday=1, tm_hour=12, tm_min=14, tm_sec=40, tm_wday=4, tm_yday=91, tm_isdst=-1)",2022-04-01,2022,4,91,1,14,12,BUS02
2022-04-01 12:17:10,40.725533,-111.979866,1295.4,-9999.0,-9999.0,-9999.0,13.85,12.01,3.39,56.83,3.0,2.0,7.28,22.0,870.9,0.0,-2.7,2.15,27.7,811.5,11.0,51.7,62.7,19.5,812.7,1.85,117.5,0.0,0,0,"time.struct_time(tm_year=2022, tm_mon=4, tm_mday=1, tm_hour=12, tm_min=17, tm_sec=10, tm_wday=4, tm_yday=91, tm_isdst=-1)",2022-04-01,2022,4,91,1,17,12,BUS02
2022-04-01 12:19:40,40.721264,-111.977203,1292.1,-9999.0,-9999.0,-9999.0,13.85,11.85,3.35,53.06,2.0,2.0,7.22,22.0,870.8,0.0,3.3,2.15,27.5,810.7,31.9,31.5,63.4,19.4,812.6,1.85,115.9,0.0,0,0,"time.struct_time(tm_year=2022, tm_mon=4, tm_mday=1, tm_hour=12, tm_min=19, tm_sec=40, tm_wday=4, tm_yday=91, tm_isdst=-1)",2022-04-01,2022,4,91,1,19,12,BUS02
2022-04-01 12:22:10,40.709316,-111.977158,1292.4,-9999.0,-9999.0,-9999.0,13.85,11.67,3.29,52.68,3.0,2.0,7.22,22.0,870.7,0.0,5.2,2.15,27.4,811.3,44.7,23.4,68.2,19.3,812.5,1.85,113.7,0.0,0,0,"time.struct_time(tm_year=2022, tm_mon=4, tm_mday=1, tm_hour=12, tm_min=22, tm_sec=10, tm_wday=4, tm_yday=91, tm_isdst=-1)",2022-04-01,2022,4,91,1,22,12,BUS02
2022-04-01 12:24:40,40.703468,-111.977219,1292.2,-9999.0,-9999.0,-9999.0,13.85,11.5,3.19,52.51,2.0,2.0,7.0,22.0,870.7,0.0,2.6,2.15,27.2,810.6,18.9,47.8,66.6,19.2,812.5,1.85,114.8,0.0,0,0,"time.struct_time(tm_year=2022, tm_mon=4, tm_mday=1, tm_hour=12, tm_min=24, tm_sec=40, tm_wday=4, tm_yday=91, tm_isdst=-1)",2022-04-01,2022,4,91,1,24,12,BUS02
2022-04-01 12:27:10,40.698097,-111.977097,1292.3,-9999.0,-9999.0,-9999.0,13.85,11.38,3.11,51.83,2.0,2.0,6.89,22.0,870.5,0.0,0.4,2.13,27.0,811.1,26.7,40.2,66.9,19.1,812.2,1.85,114.7,0.0,0,0,"time.struct_time(tm_year=2022, tm_mon=4, tm_mday=1, tm_hour=12, tm_min=27, tm_sec=10, tm_wday=4, tm_yday=91, tm_isdst=-1)",2022-04-01,2022,4,91,1,27,12,BUS02
2022-04-01 12:29:40,40.692917,-111.971542,1300.9,-9999.0,-9999.0,-9999.0,13.85,11.25,3.02,52.73,2.0,2.0,6.72,22.0,870.3,0.0,0.8,2.14,26.9,810.0,3.2,29.5,32.8,19.0,812.0,1.85,114.7,0.0,0,0,"time.struct_time(tm_year=2022, tm_mon=4, tm_mday=1, tm_hour=12, tm_min=29, tm_sec=40, tm_wday=4, tm_yday=91, tm_isdst=-1)",2022-04-01,2022,4,91,1,29,12,BUS02
2022-04-01 12:32:10,40.693409,-111.960556,1298.4,-9999.0,-9999.0,-9999.0,13.85,11.12,2.52,58.0,6.0,2.0,6.5,23.0,871.0,0.0,-5.0,2.15,26.7,811.5,76.8,5.1,81.9,18.9,812.9,1.85,114.3,0.0,0,0,"time.struct_time(tm_year=2022, tm_mon=4, tm_mday=1, tm_hour=12, tm_min=32, tm_sec=10, tm_wday=4, tm_yday=91, tm_isdst=-1)",2022-04-01,2022,4,91,1,32,12,BUS02
2022-04-01 12:34:40,40.693409,-111.960556,1298.3,-9999.0,-9999.0,-9999.0,13.85,11.0,2.4,58.64,5.0,2.0,6.39,23.0,870.8,0.0,-3.2,2.14,26.6,810.7,53.4,34.8,88.2,18.8,812.9,1.85,114.4,0.0,0,0,"time.struct_time(tm_year=2022, tm_mon=4, tm_mday=1, tm_hour=12, tm_min=34, tm_sec=40, tm_wday=4, tm_yday=91, tm_isdst=-1)",2022-04-01,2022,4,91,1,34,12,BUS02
2022-04-01 12:37:10,40.693409,-111.960556,1298.3,-9999.0,-9999.0,-9999.0,13.85,10.9,2.38,58.68,4.0,2.0,6.22,23.0,870.8,0.0,-2.7,2.13,26.5,811.5,35.7,31.7,67.5,18.7,812.9,1.85,114.2,0.0,0,0,"time.struct_time(tm_year=2022, tm_mon=4, tm_mday=1, tm_hour=12, tm_min=37, tm_sec=10, tm_wday=4, tm_yday=91, tm_isdst=-1)",2022-04-01,2022,4,91,1,37,12,BUS02
2022-04-01 12:39:40,40.693409,-111.960556,1298.1,-9999.0,-9999.0,-9999.0,13.85,10.79,2.42,58.62,3.0,2.0,6.0,24.0,871.1,0.0,-0.9,2.15,26.3,810.7,33.8,29.9,63.7,18.6,812.9,1.85,114.6,0.0,0,0,"time.struct_time(tm_year=2022, tm_mon=4, tm_mday=1, tm_hour=12, tm_min=39, tm_sec=40, tm_wday=4, tm_yday=91, tm_isdst=-1)",2022-04-01,2022,4,91,1,39,12,BUS02
2022-04-01 12:43:20,40.693413,-111.960556,1297.7,-9999.0,-9999.0,-9999.0,13.85,10.62,2.42,58.64,3.0,2.0,5.78,24.0,870.9,0.0,-1.6,2.13,26.1,810.7,31.8,30.3,62.1,18.5,813.0,1.85,114.7,0.0,0,0,"time.struct_time(tm_year=2022, tm_mon=4, tm_mday=1, tm_hour=12, tm_min=43, tm_sec=20, tm_wday=4, tm_yday=91, tm_isdst=-1)",2022-04-01,2022,4,91,1,43,12,BUS02
