Timestamp_UTC,Latitude_ddeg,Longitude_ddeg,Elevation_m,GPS_Speed_m/s,GPS_Direction_deg,GPS_RMC_Valid_binary,Battery_Voltage_volts,Bus_Box_Temperature_degC,Bus_Top_Temperature_degC,Bus_Top_Relative_Humidity_%,ES642_PM2.5_Concentration_ug/m3,ES642_Air_Flow_Rate_L/min,ES642_Internal_Air_Temperature_degC,ES642_Internal_Relative_Humidity_%,ES642_Internal_Air_Pressure_hpa,ES642_Error_Code_code,2B_Ozone_Concentration_ppbv,2B_Air_Flow_Rate_L/min,2B_Internal_Air_Temperature_degC,2B_Internal_Air_Pressure_hpa,2B405_NO_Concentration_ppbv,2B405_NO2_Concentration_ppbv,2B405_NOX_Concentration_ppbv,2B405_Internal_Air_Temperature_degC,2B405_Internal_Air_Pressure_hpa,2B405_Air_Flow_Rate_L/min,2B405_Cell_O3_Flow_Rate_mL/min,PM2.5_Data_Flagged_binary,Ozone_Data_Flagged_binary,GPS_Data_Flagged_binary,Time_Tuple,Date,Year,Month,Day_of_Year,Day_of_Month,Minute,Hour,Transit_ID
2023-04-01 00:00:00,40.772236,-111.933075,1284.8,-9999.0,-9999.0,-9999.0,13.82,12.89,9.12,38.74,1.0,2.0,10.61,27.0,874.8,0.0,45.1,2.21,25.9,829.6,0.0,4719.0,-12.9,0.0,14.5,0.77,1802.0,0.0,0,0,"time.struct_time(tm_year=2023, tm_mon=4, tm_mday=1, tm_hour=0, tm_min=0, tm_sec=0, tm_wday=5, tm_yday=91, tm_isdst=-1)",2023-04-01,2023,4,91,1,0,0,BUS02
2023-04-01 00:02:30,40.772236,-111.933075,1284.8,-9999.0,-9999.0,-9999.0,13.82,12.97,9.21,39.67,1.0,2.0,10.61,27.0,874.8,0.0,43.8,2.23,26.0,829.8,0.0,4749.0,4.8,0.0,14.5,0.77,1801.0,0.0,0,0,"time.struct_time(tm_year=2023, tm_mon=4, tm_mday=1, tm_hour=0, tm_min=2, tm_sec=30, tm_wday=5, tm_yday=91, tm_isdst=-1)",2023-04-01,2023,4,91,1,2,0,BUS02
2023-04-01 00:05:00,40.772236,-111.933075,1284.9,-9999.0,-9999.0,-9999.0,13.82,13.07,9.19,41.68,1.0,2.0,10.61,28.0,875.0,0.0,45.5,2.22,26.1,829.5,0.0,4779.0,-4.0,0.0,14.6,0.77,1804.0,0.0,0,0,"time.struct_time(tm_year=2023, tm_mon=4, tm_mday=1, tm_hour=0, tm_min=5, tm_sec=0, tm_wday=5, tm_yday=91, tm_isdst=-1)",2023-04-01,2023,4,91,1,5,0,BUS02
2023-04-01 00:07:30,40.772236,-111.933075,1285.2,-9999.0,-9999.0,-9999.0,13.82,13.16,9.11,42.3,1.0,2.0,10.72,28.0,874.8,0.0,41.0,2.21,26.2,829.8,0.0,4809.0,-19.9,0.0,14.7,0.77,1801.0,0.0,0,0,"time.struct_time(tm_year=2023, tm_mon=4, tm_mday=1, tm_hour=0, tm_min=7, tm_sec=30, tm_wday=5, tm_yday=91, tm_isdst=-1)",2023-04-01,2023,4,91,1,7,0,BUS02
2023-04-01 00:11:05,40.77224,-111.933075,1285.8,-9999.0,-9999.0,-9999.0,13.82,13.3,8.82,38.72,1.0,2.0,10.89,27.0,874.8,0.0,43.8,2.22,26.3,829.6,0.0,4852.0,-5.1,0.0,14.9,0.77,1795.0,0.0,0,0,"time.struct_time(tm_year=2023, tm_mon=4, tm_mday=1, tm_hour=0, tm_min=11, tm_sec=5, tm_wday=5, tm_yday=91, tm_isdst=-1)",2023-04-01,2023,4,91,1,11,0,BUS02
2023-04-01 00:13:35,40.771641,-111.935722,1288.1,-9999.0,-9999.0,-9999.0,13.78,13.39,8.78,40.56,3.0,2.0,11.0,27.0,874.5,0.0,45.6,2.23,26.4,829.7,0.0,4882.0,64.7,0.0,14.9,0.77,1793.0,0.0,0,0,"time.struct_time(tm_year=2023, tm_mon=4, tm_mday=1, tm_hour=0, tm_min=13, tm_sec=35, tm_wday=5, tm_yday=91, tm_isdst=-1)",2023-04-01,2023,4,91,1,13,0,BUS02
2023-04-01 00:16:05,40.772732,-111.933121,1291.0,-9999.0,-9999.0,-9999.0,13.78,13.45,9.03,38.32,1.0,2.0,11.11,26.0,874.6,0.0,46.2,2.22,26.5,829.4,0.0,4912.0,140.5,0.0,15.0,0.77,1796.0,0.0,0,0,"time.struct_time(tm_year=2023, tm_mon=4, tm_mday=1, tm_hour=0, tm_min=16, tm_sec=5, tm_wday=5, tm_yday=91, tm_isdst=-1)",2023-04-01,2023,4,91,1,16,0,BUS02
2023-04-01 00:18:35,40.771606,-111.943535,1288.1,-9999.0,-9999.0,-9999.0,13.78,13.49,8.99,38.13,3.0,2.0,11.0,26.0,874.5,0.0,47.6,2.22,26.6,829.5,0.0,4942.0,14.2,0.0,15.1,0.77,1796.0,0.0,0,0,"time.struct_time(tm_year=2023, tm_mon=4, tm_mday=1, tm_hour=0, tm_min=18, tm_sec=35, tm_wday=5, tm_yday=91, tm_isdst=-1)",2023-04-01,2023,4,91,1,18,0,BUS02
2023-04-01 00:21:05,40.765999,-111.963646,1287.4,-9999.0,-9999.0,-9999.0,13.78,13.49,8.79,39.42,1.0,2.0,10.89,26.0,873.4,0.0,35.5,2.22,26.6,828.4,0.0,4972.0,-9.2,0.0,15.2,0.77,1800.0,0.0,0,0,"time.struct_time(tm_year=2023, tm_mon=4, tm_mday=1, tm_hour=0, tm_min=21, tm_sec=5, tm_wday=5, tm_yday=91, tm_isdst=-1)",2023-04-01,2023,4,91,1,21,0,BUS02
2023-04-01 00:23:35,40.772636,-112.00576,1289.4,-9999.0,-9999.0,-9999.0,13.79,13.4,8.76,39.0,1.0,2.0,11.0,26.0,874.2,0.0,40.9,2.2,26.7,829.4,0.0,5002.0,64.1,0.0,15.3,0.77,1796.0,0.0,0,0,"time.struct_time(tm_year=2023, tm_mon=4, tm_mday=1, tm_hour=0, tm_min=23, tm_sec=35, tm_wday=5, tm_yday=91, tm_isdst=-1)",2023-04-01,2023,4,91,1,23,0,BUS02
2023-04-01 00:26:05,40.776428,-112.021431,1292.5,-9999.0,-9999.0,-9999.0,13.79,13.33,8.8,38.14,1.0,2.0,10.89,25.0,874.5,0.0,43.7,2.21,26.8,829.2,0.0,5032.0,-56.4,0.0,15.3,0.77,1796.0,0.0,0,0,"time.struct_time(tm_year=2023, tm_mon=4, tm_mday=1, tm_hour=0, tm_min=26, tm_sec=5, tm_wday=5, tm_yday=91, tm_isdst=-1)",2023-04-01,2023,4,91,1,26,0,BUS02
2023-04-01 00:28:35,40.781288,-112.033783,1289.6,-9999.0,-9999.0,-9999.0,13.78,13.32,8.68,38.09,4.0,2.0,10.78,25.0,874.3,0.0,40.3,2.21,26.8,829.4,0.0,5062.0,-124.7,0.0,15.4,0.77,1797.0,0.0,0,0,"time.struct_time(tm_year=2023, tm_mon=4, tm_mday=1, tm_hour=0, tm_min=28, tm_sec=35, tm_wday=5, tm_yday=91, tm_isdst=-1)",2023-04-01,2023,4,91,1,28,0,BUS02
2023-04-01 00:31:05,40.784081,-112.031113,1289.7,-9999.0,-9999.0,-9999.0,13.78,13.29,8.58,39.08,1.0,2.0,10.78,25.0,874.4,0.0,41.4,2.22,26.9,829.1,0.0,5092.0,-53.8,0.0,15.5,0.77,1799.0,0.0,0,0,"time.struct_time(tm_year=2023, tm_mon=4, tm_mday=1, tm_hour=0, tm_min=31, tm_sec=5, tm_wday=5, tm_yday=91, tm_isdst=-1)",2023-04-01,2023,4,91,1,31,0,BUS02
2023-04-01 00:33:35,40.781265,-112.025421,1288.3,-9999.0,-9999.0,-9999.0,13.79,13.25,8.52,39.73,7.0,2.0,10.72,25.0,874.7,0.0,34.4,2.21,26.9,829.7,0.0,5122.0,-74.5,0.0,15.5,0.77,1797.0,0.0,0,0,"time.struct_time(tm_year=2023, tm_mon=4, tm_mday=1, tm_hour=0, tm_min=33, tm_sec=35, tm_wday=5, tm_yday=91, tm_isdst=-1)",2023-04-01,2023,4,91,1,33,0,BUS02
2023-04-01 00:36:05,40.776283,-112.019508,1293.6,-9999.0,-9999.0,-9999.0,13.78,13.22,8.54,38.19,3.0,2.0,10.61,25.0,874.4,0.0,42.5,2.24,26.9,829.3,0.0,5152.0,36.0,0.0,15.6,0.77,1799.0,0.0,0,0,"time.struct_time(tm_year=2023, tm_mon=4, tm_mday=1, tm_hour=0, tm_min=36, tm_sec=5, tm_wday=5, tm_yday=91, tm_isdst=-1)",2023-04-01,2023,4,91,1,36,0,BUS02
2023-04-01 00:38:35,40.781277,-112.006142,1288.1,-9999.0,-9999.0,-9999.0,13.77,13.2,8.6,37.88,1.0,2.0,10.61,25.0,874.8,0.0,44.5,2.22,27.0,829.8,0.0,5182.0,-53.9,0.0,15.7,0.77,1802.0,0.0,0,0,"time.struct_time(tm_year=2023, tm_mon=4, tm_mday=1, tm_hour=0, tm_min=38, tm_sec=35, tm_wday=5, tm_yday=91, tm_isdst=-1)",2023-04-01,2023,4,91,1,38,0,BUS02
2023-04-01 00:41:05,40.764816,-111.991997,1290.9,-9999.0,-9999.0,-9999.0,13.78,13.15,8.48,39.44,1.0,2.0,10.61,25.0,873.3,0.0,29.4,2.23,27.0,827.9,0.0,5212.0,-29.2,0.0,15.7,0.77,1798.0,0.0,0,0,"time.struct_time(tm_year=2023, tm_mon=4, tm_mday=1, tm_hour=0, tm_min=41, tm_sec=5, tm_wday=5, tm_yday=91, tm_isdst=-1)",2023-04-01,2023,4,91,1,41,0,BUS02
2023-04-01 00:43:35,40.769089,-111.955696,1287.9,-9999.0,-9999.0,-9999.0,13.77,13.02,8.62,39.07,2.0,2.0,10.72,25.0,874.1,0.0,42.4,2.22,27.0,829.3,0.0,5242.0,-61.4,0.0,15.8,0.77,1800.0,0.0,0,0,"time.struct_time(tm_year=2023, tm_mon=4, tm_mday=1, tm_hour=0, tm_min=43, tm_sec=35, tm_wday=5, tm_yday=91, tm_isdst=-1)",2023-04-01,2023,4,91,1,43,0,BUS02
2023-04-01 00:47:10,40.772537,-111.93911,1286.8,-9999.0,-9999.0,-9999.0,13.77,12.95,8.89,37.27,23.0,2.0,10.5,25.0,874.6,0.0,42.1,2.22,27.0,829.9,0.0,5285.0,72.6,0.0,15.9,0.77,1809.0,0.0,0,0,"time.struct_time(tm_year=2023, tm_mon=4, tm_mday=1, tm_hour=0, tm_min=47, tm_sec=10, tm_wday=5, tm_yday=91, tm_isdst=-1)",2023-04-01,2023,4,91,1,47,0,BUS02
2023-04-01 00:49:40,40.772507,-111.93306,1286.9,-9999.0,-9999.0,-9999.0,13.78,12.97,8.82,39.34,1.0,2.0,10.5,25.0,874.9,0.0,42.3,2.22,27.0,829.5,0.0,5315.0,160.6,0.0,15.9,0.77,1808.0,0.0,0,0,"time.struct_time(tm_year=2023, tm_mon=4, tm_mday=1, tm_hour=0, tm_min=49, tm_sec=40, tm_wday=5, tm_yday=91, tm_isdst=-1)",2023-04-01,2023,4,91,1,49,0,BUS02
2023-04-01 00:52:10,40.771435,-111.91787,1287.4,-9999.0,-9999.0,-9999.0,13.78,12.98,8.78,36.89,2.0,2.0,10.39,24.0,874.5,0.0,40.4,2.22,27.0,829.7,0.0,5345.0,16.6,0.0,15.9,0.77,1811.0,0.0,0,0,"time.struct_time(tm_year=2023, tm_mon=4, tm_mday=1, tm_hour=0, tm_min=52, tm_sec=10, tm_wday=5, tm_yday=91, tm_isdst=-1)",2023-04-01,2023,4,91,1,52,0,BUS02
2023-04-01 00:54:40,40.767239,-111.908234,1291.8,-9999.0,-9999.0,-9999.0,13.78,12.99,8.9,37.45,4.0,2.0,10.39,24.0,874.1,0.0,41.6,2.24,27.0,829.1,0.0,5375.0,-184.7,0.0,16.0,0.77,1810.0,0.0,0,0,"time.struct_time(tm_year=2023, tm_mon=4, tm_mday=1, tm_hour=0, tm_min=54, tm_sec=40, tm_wday=5, tm_yday=91, tm_isdst=-1)",2023-04-01,2023,4,91,1,54,0,BUS02
2023-04-01 00:57:10,40.765732,-111.909622,1288.9,-9999.0,-9999.0,-9999.0,13.78,13.01,8.81,36.82,6.0,2.0,10.39,24.0,874.6,0.0,31.4,2.21,27.0,829.7,0.0,5405.0,1.5,0.0,16.0,0.77,1809.0,0.0,0,0,"time.struct_time(tm_year=2023, tm_mon=4, tm_mday=1, tm_hour=0, tm_min=57, tm_sec=10, tm_wday=5, tm_yday=91, tm_isdst=-1)",2023-04-01,2023,4,91,1,57,0,BUS02
2023-04-01 00:59:40,40.765732,-111.909622,1288.9,-9999.0,-9999.0,-9999.0,13.78,13.05,8.84,36.58,2.0,2.0,10.28,24.0,874.6,0.0,37.4,2.24,27.0,829.3,0.0,5435.0,-18.5,0.0,16.1,0.77,1810.0,0.0,0,0,"time.struct_time(tm_year=2023, tm_mon=4, tm_mday=1, tm_hour=0, tm_min=59, tm_sec=40, tm_wday=5, tm_yday=91, tm_isdst=-1)",2023-04-01,2023,4,91,1,59,0,BUS02
2023-04-01 01:02:10,40.765728,-111.909615,1289.5,-9999.0,-9999.0,-9999.0,13.78,13.09,8.84,35.59,1.0,2.0,10.39,24.0,874.7,0.0,40.3,2.22,27.0,829.7,0.0,5465.0,-2.9,0.0,16.1,0.77,1810.0,0.0,0,0,"time.struct_time(tm_year=2023, tm_mon=4, tm_mday=1, tm_hour=1, tm_min=2, tm_sec=10, tm_wday=5, tm_yday=91, tm_isdst=-1)",2023-04-01,2023,4,91,1,2,1,BUS02
2023-04-01 01:04:40,40.76572,-111.909607,1289.9,-9999.0,-9999.0,-9999.0,13.78,13.14,8.66,37.83,2.0,2.0,10.39,24.0,874.6,0.0,39.8,2.23,27.0,829.4,0.0,5495.0,-2.8,0.0,16.2,0.77,1811.0,0.0,0,0,"time.struct_time(tm_year=2023, tm_mon=4, tm_mday=1, tm_hour=1, tm_min=4, tm_sec=40, tm_wday=5, tm_yday=91, tm_isdst=-1)",2023-04-01,2023,4,91,1,4,1,BUS02
2023-04-01 01:07:10,40.765717,-111.909599,1290.0,-9999.0,-9999.0,-9999.0,13.78,13.19,8.68,36.02,3.0,2.0,10.5,24.0,874.5,0.0,39.2,2.23,27.1,829.6,0.0,5525.0,-4.8,0.0,16.2,0.77,1810.0,0.0,0,0,"time.struct_time(tm_year=2023, tm_mon=4, tm_mday=1, tm_hour=1, tm_min=7, tm_sec=10, tm_wday=5, tm_yday=91, tm_isdst=-1)",2023-04-01,2023,4,91,1,7,1,BUS02
2023-04-01 01:10:45,40.765717,-111.909584,1290.2,-9999.0,-9999.0,-9999.0,13.78,13.26,8.58,36.2,3.0,2.0,10.61,24.0,874.5,0.0,36.8,2.22,27.1,829.4,0.0,5568.0,-10.4,0.0,16.3,0.77,1803.0,0.0,0,0,"time.struct_time(tm_year=2023, tm_mon=4, tm_mday=1, tm_hour=1, tm_min=10, tm_sec=45, tm_wday=5, tm_yday=91, tm_isdst=-1)",2023-04-01,2023,4,91,1,10,1,BUS02
2023-04-01 01:13:15,40.765717,-111.909569,1289.9,-9999.0,-9999.0,-9999.0,13.78,13.31,8.42,37.8,2.0,2.0,10.61,24.0,874.7,0.0,26.2,2.23,27.1,829.7,0.0,5598.0,1.5,0.0,16.3,0.77,1806.0,0.0,0,0,"time.struct_time(tm_year=2023, tm_mon=4, tm_mday=1, tm_hour=1, tm_min=13, tm_sec=15, tm_wday=5, tm_yday=91, tm_isdst=-1)",2023-04-01,2023,4,91,1,13,1,BUS02
2023-04-01 01:15:45,40.765717,-111.909569,1289.6,-9999.0,-9999.0,-9999.0,13.78,13.37,8.38,37.42,3.0,2.0,10.72,24.0,874.7,0.0,27.1,2.23,27.1,829.4,0.0,5628.0,-11.5,0.0,16.4,0.77,1802.0,0.0,0,0,"time.struct_time(tm_year=2023, tm_mon=4, tm_mday=1, tm_hour=1, tm_min=15, tm_sec=45, tm_wday=5, tm_yday=91, tm_isdst=-1)",2023-04-01,2023,4,91,1,15,1,BUS02
2023-04-01 01:18:15,40.765717,-111.909561,1289.6,-9999.0,-9999.0,-9999.0,13.78,13.42,8.38,37.43,2.0,2.0,10.78,24.0,874.5,0.0,33.4,2.23,27.2,829.7,0.0,5658.0,-6.2,0.0,16.4,0.77,1804.0,0.0,0,0,"time.struct_time(tm_year=2023, tm_mon=4, tm_mday=1, tm_hour=1, tm_min=18, tm_sec=15, tm_wday=5, tm_yday=91, tm_isdst=-1)",2023-04-01,2023,4,91,1,18,1,BUS02
2023-04-01 01:20:45,40.76572,-111.909554,1289.7,-9999.0,-9999.0,-9999.0,13.78,13.47,8.4,38.52,3.0,2.0,10.89,24.0,874.7,0.0,30.4,2.22,27.2,829.3,0.0,5688.0,-14.7,0.0,16.4,0.77,1804.0,0.0,0,0,"time.struct_time(tm_year=2023, tm_mon=4, tm_mday=1, tm_hour=1, tm_min=20, tm_sec=45, tm_wday=5, tm_yday=91, tm_isdst=-1)",2023-04-01,2023,4,91,1,20,1,BUS02
2023-04-01 01:23:15,40.765724,-111.909546,1289.3,-9999.0,-9999.0,-9999.0,13.78,13.53,8.42,38.82,3.0,2.0,10.89,24.0,874.4,0.0,30.9,2.23,27.3,829.7,0.0,5718.0,3.1,0.0,16.5,0.77,1805.0,0.0,0,0,"time.struct_time(tm_year=2023, tm_mon=4, tm_mday=1, tm_hour=1, tm_min=23, tm_sec=15, tm_wday=5, tm_yday=91, tm_isdst=-1)",2023-04-01,2023,4,91,1,23,1,BUS02
2023-04-01 01:25:45,40.765728,-111.909546,1289.0,-9999.0,-9999.0,-9999.0,13.78,13.58,8.38,38.01,4.0,2.0,11.0,24.0,874.7,0.0,31.8,2.23,27.3,829.3,0.0,5748.0,-13.6,0.0,16.5,0.77,1802.0,0.0,0,0,"time.struct_time(tm_year=2023, tm_mon=4, tm_mday=1, tm_hour=1, tm_min=25, tm_sec=45, tm_wday=5, tm_yday=91, tm_isdst=-1)",2023-04-01,2023,4,91,1,25,1,BUS02
2023-04-01 01:28:15,40.765724,-111.909538,1289.5,-9999.0,-9999.0,-9999.0,13.78,13.63,8.34,37.4,3.0,2.0,11.11,24.0,874.5,0.0,30.5,2.23,27.3,829.6,0.0,5778.0,4.5,0.0,16.6,0.77,1805.0,0.0,0,0,"time.struct_time(tm_year=2023, tm_mon=4, tm_mday=1, tm_hour=1, tm_min=28, tm_sec=15, tm_wday=5, tm_yday=91, tm_isdst=-1)",2023-04-01,2023,4,91,1,28,1,BUS02
2023-04-01 01:30:45,40.765728,-111.909538,1290.2,-9999.0,-9999.0,-9999.0,13.78,13.68,8.26,38.9,3.0,2.0,11.11,24.0,874.5,0.0,30.8,2.22,27.4,829.3,0.0,5808.0,-6.8,0.0,16.6,0.77,1805.0,0.0,0,0,"time.struct_time(tm_year=2023, tm_mon=4, tm_mday=1, tm_hour=1, tm_min=30, tm_sec=45, tm_wday=5, tm_yday=91, tm_isdst=-1)",2023-04-01,2023,4,91,1,30,1,BUS02
2023-04-01 01:33:15,40.765728,-111.909538,1290.5,-9999.0,-9999.0,-9999.0,13.78,13.73,8.24,39.04,4.0,2.0,11.11,24.0,874.5,0.0,29.8,2.24,27.4,829.6,0.0,5838.0,10.8,0.0,16.7,0.77,1805.0,0.0,0,0,"time.struct_time(tm_year=2023, tm_mon=4, tm_mday=1, tm_hour=1, tm_min=33, tm_sec=15, tm_wday=5, tm_yday=91, tm_isdst=-1)",2023-04-01,2023,4,91,1,33,1,BUS02
2023-04-01 01:35:45,40.765728,-111.909531,1290.8,-9999.0,-9999.0,-9999.0,13.78,13.78,8.24,38.91,4.0,2.0,11.22,24.0,874.5,0.0,30.9,2.22,27.5,829.3,0.0,5868.0,-6.6,0.0,16.7,0.77,1803.0,0.0,0,0,"time.struct_time(tm_year=2023, tm_mon=4, tm_mday=1, tm_hour=1, tm_min=35, tm_sec=45, tm_wday=5, tm_yday=91, tm_isdst=-1)",2023-04-01,2023,4,91,1,35,1,BUS02
2023-04-01 01:38:15,40.765724,-111.909523,1291.7,-9999.0,-9999.0,-9999.0,13.78,13.82,8.22,39.14,4.0,2.0,11.22,24.0,874.6,0.0,30.6,2.23,27.5,829.6,0.0,5898.0,-10.1,0.0,16.8,0.77,1803.0,0.0,0,0,"time.struct_time(tm_year=2023, tm_mon=4, tm_mday=1, tm_hour=1, tm_min=38, tm_sec=15, tm_wday=5, tm_yday=91, tm_isdst=-1)",2023-04-01,2023,4,91,1,38,1,BUS02
2023-04-01 01:40:45,40.765717,-111.909515,1292.1,-9999.0,-9999.0,-9999.0,13.78,13.87,8.22,39.26,3.0,2.0,11.28,24.0,874.6,0.0,29.0,2.23,27.6,829.3,0.0,5928.0,-9.8,0.0,16.8,0.77,1806.0,0.0,0,0,"time.struct_time(tm_year=2023, tm_mon=4, tm_mday=1, tm_hour=1, tm_min=40, tm_sec=45, tm_wday=5, tm_yday=91, tm_isdst=-1)",2023-04-01,2023,4,91,1,40,1,BUS02
2023-04-01 01:43:15,40.76572,-111.909515,1292.1,-9999.0,-9999.0,-9999.0,13.78,13.91,8.26,38.36,4.0,2.0,11.28,23.0,874.5,0.0,32.5,2.24,27.6,829.6,0.0,5958.0,11.3,0.0,16.9,0.77,1804.0,0.0,0,0,"time.struct_time(tm_year=2023, tm_mon=4, tm_mday=1, tm_hour=1, tm_min=43, tm_sec=15, tm_wday=5, tm_yday=91, tm_isdst=-1)",2023-04-01,2023,4,91,1,43,1,BUS02
2023-04-01 01:45:45,40.76572,-111.909508,1291.9,-9999.0,-9999.0,-9999.0,13.78,13.95,8.32,37.69,3.0,2.0,11.28,23.0,874.6,0.0,34.8,2.23,27.7,829.4,0.0,5988.0,-6.7,0.0,16.9,0.77,1805.0,0.0,0,0,"time.struct_time(tm_year=2023, tm_mon=4, tm_mday=1, tm_hour=1, tm_min=45, tm_sec=45, tm_wday=5, tm_yday=91, tm_isdst=-1)",2023-04-01,2023,4,91,1,45,1,BUS02
2023-04-01 01:48:15,40.76572,-111.909508,1292.4,-9999.0,-9999.0,-9999.0,13.78,13.99,8.22,37.91,4.0,2.0,11.28,23.0,874.5,0.0,24.3,2.23,27.7,829.6,0.0,6018.0,-2.1,0.0,17.0,0.77,1805.0,0.0,0,0,"time.struct_time(tm_year=2023, tm_mon=4, tm_mday=1, tm_hour=1, tm_min=48, tm_sec=15, tm_wday=5, tm_yday=91, tm_isdst=-1)",2023-04-01,2023,4,91,1,48,1,BUS02
2023-04-01 01:50:45,40.765717,-111.909508,1292.3,-9999.0,-9999.0,-9999.0,13.78,14.03,8.2,39.24,5.0,2.0,11.39,24.0,874.5,0.0,29.0,2.24,27.8,829.3,0.0,6048.0,-15.8,0.0,17.0,0.77,1805.0,0.0,0,0,"time.struct_time(tm_year=2023, tm_mon=4, tm_mday=1, tm_hour=1, tm_min=50, tm_sec=45, tm_wday=5, tm_yday=91, tm_isdst=-1)",2023-04-01,2023,4,91,1,50,1,BUS02
2023-04-01 01:53:15,40.765717,-111.9095,1292.1,-9999.0,-9999.0,-9999.0,13.78,14.06,8.2,40.01,5.0,2.0,11.39,24.0,874.6,0.0,26.8,2.22,27.8,829.6,0.0,6078.0,5.5,0.0,17.1,0.77,1806.0,0.0,0,0,"time.struct_time(tm_year=2023, tm_mon=4, tm_mday=1, tm_hour=1, tm_min=53, tm_sec=15, tm_wday=5, tm_yday=91, tm_isdst=-1)",2023-04-01,2023,4,91,1,53,1,BUS02
2023-04-01 01:55:45,40.765713,-111.9095,1291.8,-9999.0,-9999.0,-9999.0,13.78,14.09,8.2,38.98,5.0,2.0,11.39,24.0,874.4,0.0,27.4,2.23,27.9,829.4,0.0,6108.0,-18.4,0.0,17.1,0.77,1804.0,0.0,0,0,"time.struct_time(tm_year=2023, tm_mon=4, tm_mday=1, tm_hour=1, tm_min=55, tm_sec=45, tm_wday=5, tm_yday=91, tm_isdst=-1)",2023-04-01,2023,4,91,1,55,1,BUS02
2023-04-01 02:26:20,40.765842,-111.909698,1283.4,-9999.0,-9999.0,-9999.0,13.84,13.7,7.39,43.58,2.0,2.0,10.78,25.0,874.8,0.0,33.3,2.19,21.1,829.6,0.0,3378.0,25.6,0.0,17.3,0.77,1834.0,0.0,0,0,"time.struct_time(tm_year=2023, tm_mon=4, tm_mday=1, tm_hour=2, tm_min=26, tm_sec=20, tm_wday=5, tm_yday=91, tm_isdst=-1)",2023-04-01,2023,4,91,1,26,2,BUS02
2023-04-01 02:28:50,40.765797,-111.909676,1286.6,-9999.0,-9999.0,-9999.0,13.84,13.56,7.59,43.48,3.0,2.0,10.72,26.0,874.7,0.0,29.2,2.18,21.9,829.9,46.9,0.0,0.0,17.3,772.1,1.83,214.6,0.0,0,0,"time.struct_time(tm_year=2023, tm_mon=4, tm_mday=1, tm_hour=2, tm_min=28, tm_sec=50, tm_wday=5, tm_yday=91, tm_isdst=-1)",2023-04-01,2023,4,91,1,28,2,BUS02
2023-04-01 02:31:35,40.765766,-111.909668,1283.5,-9999.0,-9999.0,-9999.0,13.84,13.43,7.75,42.19,3.0,2.0,10.61,25.0,874.8,0.0,30.9,2.21,22.7,829.9,0.0,3441.0,8.3,0.0,17.2,0.77,1808.0,0.0,0,0,"time.struct_time(tm_year=2023, tm_mon=4, tm_mday=1, tm_hour=2, tm_min=31, tm_sec=35, tm_wday=5, tm_yday=91, tm_isdst=-1)",2023-04-01,2023,4,91,1,31,2,BUS02
2023-04-01 02:34:05,40.765743,-111.909714,1284.7,-9999.0,-9999.0,-9999.0,13.85,13.35,7.94,40.31,3.0,2.0,10.61,25.0,874.9,0.0,30.5,2.21,23.3,829.6,0.0,3471.0,8.6,0.0,17.2,0.77,1808.0,0.0,0,0,"time.struct_time(tm_year=2023, tm_mon=4, tm_mday=1, tm_hour=2, tm_min=34, tm_sec=5, tm_wday=5, tm_yday=91, tm_isdst=-1)",2023-04-01,2023,4,91,1,34,2,BUS02
2023-04-01 02:36:35,40.765881,-111.90966,1280.8,-9999.0,-9999.0,-9999.0,13.85,13.3,8.18,40.13,2.0,2.0,10.5,25.0,874.7,0.0,33.5,2.21,23.8,830.0,0.0,3501.0,7.1,0.0,17.2,0.77,1810.0,0.0,0,0,"time.struct_time(tm_year=2023, tm_mon=4, tm_mday=1, tm_hour=2, tm_min=36, tm_sec=35, tm_wday=5, tm_yday=91, tm_isdst=-1)",2023-04-01,2023,4,91,1,36,2,BUS02
2023-04-01 02:39:05,40.765869,-111.909615,1262.9,-9999.0,-9999.0,-9999.0,13.81,13.27,8.38,39.5,3.0,2.0,10.5,25.0,874.8,0.0,34.1,2.2,24.2,829.7,0.0,3531.0,1.7,0.0,17.2,0.77,1811.0,0.0,0,0,"time.struct_time(tm_year=2023, tm_mon=4, tm_mday=1, tm_hour=2, tm_min=39, tm_sec=5, tm_wday=5, tm_yday=91, tm_isdst=-1)",2023-04-01,2023,4,91,1,39,2,BUS02
2023-04-01 02:41:35,40.765862,-111.909691,1268.8,-9999.0,-9999.0,-9999.0,13.81,13.27,8.5,38.86,3.0,2.0,10.5,25.0,874.9,0.0,37.0,2.2,24.6,829.9,0.0,3561.0,26.8,0.0,17.2,0.77,1811.0,0.0,0,0,"time.struct_time(tm_year=2023, tm_mon=4, tm_mday=1, tm_hour=2, tm_min=41, tm_sec=35, tm_wday=5, tm_yday=91, tm_isdst=-1)",2023-04-01,2023,4,91,1,41,2,BUS02
2023-04-01 02:44:05,40.765858,-111.909676,1273.3,-9999.0,-9999.0,-9999.0,13.81,13.28,8.64,39.64,3.0,2.0,10.5,25.0,874.9,0.0,22.9,2.2,24.9,829.7,0.0,3591.0,29.7,0.0,17.2,0.77,1810.0,0.0,0,0,"time.struct_time(tm_year=2023, tm_mon=4, tm_mday=1, tm_hour=2, tm_min=44, tm_sec=5, tm_wday=5, tm_yday=91, tm_isdst=-1)",2023-04-01,2023,4,91,1,44,2,BUS02
2023-04-01 02:46:35,40.765919,-111.909676,1284.0,-9999.0,-9999.0,-9999.0,13.8,13.29,8.7,39.27,2.0,2.0,10.5,25.0,874.8,0.0,29.8,2.2,25.2,830.0,0.0,3621.0,18.0,0.0,17.2,0.77,1809.0,0.0,0,0,"time.struct_time(tm_year=2023, tm_mon=4, tm_mday=1, tm_hour=2, tm_min=46, tm_sec=35, tm_wday=5, tm_yday=91, tm_isdst=-1)",2023-04-01,2023,4,91,1,46,2,BUS02
2023-04-01 02:49:05,40.765976,-111.90979,1295.1,-9999.0,-9999.0,-9999.0,13.81,13.32,8.8,38.49,3.0,2.0,10.5,25.0,874.9,0.0,34.7,2.22,25.4,829.8,0.0,3651.0,1.3,0.0,17.2,0.77,1808.0,0.0,0,0,"time.struct_time(tm_year=2023, tm_mon=4, tm_mday=1, tm_hour=2, tm_min=49, tm_sec=5, tm_wday=5, tm_yday=91, tm_isdst=-1)",2023-04-01,2023,4,91,1,49,2,BUS02
2023-04-01 02:51:35,40.765873,-111.90976,1301.4,-9999.0,-9999.0,-9999.0,13.81,13.35,8.87,38.79,1.0,2.0,10.5,25.0,874.9,0.0,31.0,2.22,25.7,830.1,0.0,3681.0,5.3,0.0,17.2,0.77,1811.0,0.0,0,0,"time.struct_time(tm_year=2023, tm_mon=4, tm_mday=1, tm_hour=2, tm_min=51, tm_sec=35, tm_wday=5, tm_yday=91, tm_isdst=-1)",2023-04-01,2023,4,91,1,51,2,BUS02
2023-04-01 02:54:05,40.76601,-111.909737,1300.8,-9999.0,-9999.0,-9999.0,13.81,13.38,8.94,38.28,1.0,2.0,10.5,25.0,874.8,0.0,34.1,2.23,25.9,829.8,0.0,3711.0,-2.0,0.0,17.2,0.77,1809.0,0.0,0,0,"time.struct_time(tm_year=2023, tm_mon=4, tm_mday=1, tm_hour=2, tm_min=54, tm_sec=5, tm_wday=5, tm_yday=91, tm_isdst=-1)",2023-04-01,2023,4,91,1,54,2,BUS02
2023-04-01 02:56:35,40.765976,-111.909752,1271.9,-9999.0,-9999.0,-9999.0,13.81,13.41,9.0,38.03,2.0,2.0,10.5,25.0,875.0,0.0,33.2,2.22,26.0,830.0,0.0,3741.0,14.0,0.0,17.2,0.77,1811.0,0.0,0,0,"time.struct_time(tm_year=2023, tm_mon=4, tm_mday=1, tm_hour=2, tm_min=56, tm_sec=35, tm_wday=5, tm_yday=91, tm_isdst=-1)",2023-04-01,2023,4,91,1,56,2,BUS02
2023-04-01 02:59:05,40.765797,-111.90976,1286.0,-9999.0,-9999.0,-9999.0,13.8,13.45,9.06,38.86,5.0,2.0,10.5,24.0,875.0,0.0,17.4,2.22,26.2,829.8,0.0,3771.0,18.8,0.0,17.2,0.77,1811.0,0.0,0,0,"time.struct_time(tm_year=2023, tm_mon=4, tm_mday=1, tm_hour=2, tm_min=59, tm_sec=5, tm_wday=5, tm_yday=91, tm_isdst=-1)",2023-04-01,2023,4,91,1,59,2,BUS02
2023-04-01 03:01:35,40.765961,-111.909775,1276.6,-9999.0,-9999.0,-9999.0,13.81,13.49,9.1,37.1,2.0,2.0,10.5,24.0,875.0,0.0,30.3,2.22,26.3,830.1,0.0,3801.0,-8.3,0.0,17.2,0.77,1811.0,0.0,0,0,"time.struct_time(tm_year=2023, tm_mon=4, tm_mday=1, tm_hour=3, tm_min=1, tm_sec=35, tm_wday=5, tm_yday=91, tm_isdst=-1)",2023-04-01,2023,4,91,1,1,3,BUS02
2023-04-01 03:04:05,40.765804,-111.909714,1292.1,-9999.0,-9999.0,-9999.0,13.81,13.54,9.13,37.59,3.0,2.0,10.61,24.0,875.1,0.0,32.3,2.21,26.5,829.8,0.0,3831.0,9.8,0.0,17.2,0.77,1809.0,0.0,0,0,"time.struct_time(tm_year=2023, tm_mon=4, tm_mday=1, tm_hour=3, tm_min=4, tm_sec=5, tm_wday=5, tm_yday=91, tm_isdst=-1)",2023-04-01,2023,4,91,1,4,3,BUS02
2023-04-01 03:06:35,40.765984,-111.909821,1295.2,-9999.0,-9999.0,-9999.0,13.81,13.58,9.12,38.01,2.0,2.0,10.61,24.0,874.9,0.0,28.0,2.23,26.6,830.1,0.0,3860.0,0.0,8.5,0.0,0.02,771.7,0.0,0,0,"time.struct_time(tm_year=2023, tm_mon=4, tm_mday=1, tm_hour=3, tm_min=6, tm_sec=35, tm_wday=5, tm_yday=91, tm_isdst=-1)",2023-04-01,2023,4,91,1,6,3,BUS02
2023-04-01 03:09:05,40.765858,-111.90976,1286.2,-9999.0,-9999.0,-9999.0,13.81,13.62,9.16,38.19,1.0,2.0,10.61,24.0,875.1,0.0,35.1,2.22,26.7,829.9,0.0,3891.0,16.4,0.0,17.3,0.77,1808.0,0.0,0,0,"time.struct_time(tm_year=2023, tm_mon=4, tm_mday=1, tm_hour=3, tm_min=9, tm_sec=5, tm_wday=5, tm_yday=91, tm_isdst=-1)",2023-04-01,2023,4,91,1,9,3,BUS02
2023-04-01 03:11:35,40.765709,-111.90963,1276.2,-9999.0,-9999.0,-9999.0,13.81,13.66,9.27,37.35,2.0,2.0,10.61,24.0,874.9,0.0,38.1,2.23,26.8,830.1,0.0,3921.0,9.3,0.0,17.3,0.77,1812.0,0.0,0,0,"time.struct_time(tm_year=2023, tm_mon=4, tm_mday=1, tm_hour=3, tm_min=11, tm_sec=35, tm_wday=5, tm_yday=91, tm_isdst=-1)",2023-04-01,2023,4,91,1,11,3,BUS02
2023-04-01 03:14:05,40.765839,-111.909691,1265.6,-9999.0,-9999.0,-9999.0,13.81,13.69,9.21,37.73,1.0,2.0,10.61,24.0,875.1,0.0,35.1,2.21,26.9,829.8,0.0,3951.0,-1.2,0.0,17.3,0.77,1807.0,0.0,0,0,"time.struct_time(tm_year=2023, tm_mon=4, tm_mday=1, tm_hour=3, tm_min=14, tm_sec=5, tm_wday=5, tm_yday=91, tm_isdst=-1)",2023-04-01,2023,4,91,1,14,3,BUS02
2023-04-01 03:16:35,40.765881,-111.909744,1269.2,-9999.0,-9999.0,-9999.0,13.81,13.72,9.26,37.32,4.0,2.0,10.61,24.0,875.1,0.0,29.0,2.24,27.0,830.1,0.0,3981.0,3.7,0.0,17.3,0.77,1806.0,0.0,0,0,"time.struct_time(tm_year=2023, tm_mon=4, tm_mday=1, tm_hour=3, tm_min=16, tm_sec=35, tm_wday=5, tm_yday=91, tm_isdst=-1)",2023-04-01,2023,4,91,1,16,3,BUS02
2023-04-01 03:19:05,40.765713,-111.909676,1280.2,-9999.0,-9999.0,-9999.0,13.81,13.75,9.31,37.39,2.0,2.0,10.61,24.0,875.1,0.0,37.3,2.22,27.1,829.9,-9999.0,-9999.0,-9999.0,-9999.0,-9999.0,-9999.0,-9999.0,0.0,0,0,"time.struct_time(tm_year=2023, tm_mon=4, tm_mday=1, tm_hour=3, tm_min=19, tm_sec=5, tm_wday=5, tm_yday=91, tm_isdst=-1)",2023-04-01,2023,4,91,1,19,3,BUS02
2023-04-01 03:21:35,40.765869,-111.909798,1264.5,-9999.0,-9999.0,-9999.0,13.81,13.78,9.33,37.17,2.0,2.0,10.5,24.0,875.1,0.0,28.0,2.22,27.2,830.2,0.0,4041.0,14.6,0.0,17.4,0.77,1811.0,0.0,0,0,"time.struct_time(tm_year=2023, tm_mon=4, tm_mday=1, tm_hour=3, tm_min=21, tm_sec=35, tm_wday=5, tm_yday=91, tm_isdst=-1)",2023-04-01,2023,4,91,1,21,3,BUS02
2023-04-01 03:24:05,40.765587,-111.90966,1279.8,-9999.0,-9999.0,-9999.0,13.81,13.8,9.29,37.38,2.0,2.0,10.61,24.0,875.0,0.0,23.4,2.23,27.3,829.9,0.0,4071.0,7.1,0.0,17.4,0.77,1811.0,0.0,0,0,"time.struct_time(tm_year=2023, tm_mon=4, tm_mday=1, tm_hour=3, tm_min=24, tm_sec=5, tm_wday=5, tm_yday=91, tm_isdst=-1)",2023-04-01,2023,4,91,1,24,3,BUS02
2023-04-01 03:27:45,40.765965,-111.909805,1306.2,-9999.0,-9999.0,-9999.0,13.81,13.85,9.25,37.62,2.0,2.0,10.61,24.0,875.0,0.0,32.3,2.23,27.4,830.0,0.0,4115.0,4.6,0.0,17.4,0.77,1809.0,0.0,0,0,"time.struct_time(tm_year=2023, tm_mon=4, tm_mday=1, tm_hour=3, tm_min=27, tm_sec=45, tm_wday=5, tm_yday=91, tm_isdst=-1)",2023-04-01,2023,4,91,1,27,3,BUS02
2023-04-01 03:30:15,40.7658,-111.909767,1278.3,-9999.0,-9999.0,-9999.0,13.81,13.88,9.25,37.15,2.0,2.0,10.61,24.0,875.1,0.0,29.9,2.23,27.4,830.3,0.0,4145.0,2.5,0.0,17.4,0.77,1809.0,0.0,0,0,"time.struct_time(tm_year=2023, tm_mon=4, tm_mday=1, tm_hour=3, tm_min=30, tm_sec=15, tm_wday=5, tm_yday=91, tm_isdst=-1)",2023-04-01,2023,4,91,1,30,3,BUS02
2023-04-01 03:32:45,40.765705,-111.909576,1284.3,-9999.0,-9999.0,-9999.0,13.81,13.91,9.23,37.55,3.0,2.0,10.61,24.0,875.2,0.0,28.9,2.23,27.5,830.0,0.0,4175.0,17.1,0.0,17.5,0.77,1812.0,0.0,0,0,"time.struct_time(tm_year=2023, tm_mon=4, tm_mday=1, tm_hour=3, tm_min=32, tm_sec=45, tm_wday=5, tm_yday=91, tm_isdst=-1)",2023-04-01,2023,4,91,1,32,3,BUS02
2023-04-01 03:35:15,40.765835,-111.909622,1288.0,-9999.0,-9999.0,-9999.0,13.81,13.94,9.17,38.14,4.0,2.0,10.61,24.0,875.2,0.0,28.6,2.24,27.6,830.3,0.0,4205.0,-4.3,0.0,17.5,0.77,1810.0,0.0,0,0,"time.struct_time(tm_year=2023, tm_mon=4, tm_mday=1, tm_hour=3, tm_min=35, tm_sec=15, tm_wday=5, tm_yday=91, tm_isdst=-1)",2023-04-01,2023,4,91,1,35,3,BUS02
2023-04-01 03:37:45,40.765842,-111.909714,1285.7,-9999.0,-9999.0,-9999.0,13.81,13.97,9.01,39.14,3.0,2.0,10.61,24.0,875.2,0.0,16.6,2.24,27.6,830.1,0.0,4235.0,2.4,0.0,17.5,0.77,1810.0,0.0,0,0,"time.struct_time(tm_year=2023, tm_mon=4, tm_mday=1, tm_hour=3, tm_min=37, tm_sec=45, tm_wday=5, tm_yday=91, tm_isdst=-1)",2023-04-01,2023,4,91,1,37,3,BUS02
2023-04-01 03:40:15,40.765697,-111.909706,1288.2,-9999.0,-9999.0,-9999.0,13.81,14.0,8.86,40.37,3.0,2.0,10.61,25.0,875.4,0.0,12.6,2.23,27.7,830.3,0.0,4265.0,3.6,0.0,17.5,0.77,1810.0,0.0,0,0,"time.struct_time(tm_year=2023, tm_mon=4, tm_mday=1, tm_hour=3, tm_min=40, tm_sec=15, tm_wday=5, tm_yday=91, tm_isdst=-1)",2023-04-01,2023,4,91,1,40,3,BUS02
2023-04-01 03:42:45,40.765831,-111.909729,1286.7,-9999.0,-9999.0,-9999.0,13.8,14.04,8.75,40.86,4.0,2.0,10.72,25.0,875.1,0.0,6.2,2.23,27.7,830.1,0.0,4295.0,-1.1,0.0,17.5,0.77,1808.0,0.0,0,0,"time.struct_time(tm_year=2023, tm_mon=4, tm_mday=1, tm_hour=3, tm_min=42, tm_sec=45, tm_wday=5, tm_yday=91, tm_isdst=-1)",2023-04-01,2023,4,91,1,42,3,BUS02
2023-04-01 03:45:15,40.765892,-111.909706,1288.4,-9999.0,-9999.0,-9999.0,13.81,14.06,8.72,40.95,4.0,2.0,10.72,25.0,875.3,0.0,13.0,2.24,27.8,830.4,0.0,4325.0,-20.7,0.0,17.6,0.77,1807.0,0.0,0,0,"time.struct_time(tm_year=2023, tm_mon=4, tm_mday=1, tm_hour=3, tm_min=45, tm_sec=15, tm_wday=5, tm_yday=91, tm_isdst=-1)",2023-04-01,2023,4,91,1,45,3,BUS02
2023-04-01 03:47:45,40.765728,-111.909615,1280.8,-9999.0,-9999.0,-9999.0,13.8,14.08,8.74,40.49,5.0,2.0,10.72,25.0,875.2,0.0,5.1,2.22,27.8,830.1,0.0,4355.0,11.4,0.0,17.6,0.77,1811.0,0.0,0,0,"time.struct_time(tm_year=2023, tm_mon=4, tm_mday=1, tm_hour=3, tm_min=47, tm_sec=45, tm_wday=5, tm_yday=91, tm_isdst=-1)",2023-04-01,2023,4,91,1,47,3,BUS02
2023-04-01 03:50:15,40.765789,-111.9095,1277.8,-9999.0,-9999.0,-9999.0,13.81,14.1,8.76,40.47,4.0,2.0,10.61,25.0,875.3,0.0,11.6,2.24,27.9,830.3,0.0,4385.0,6.3,0.0,17.6,0.77,1811.0,0.0,0,0,"time.struct_time(tm_year=2023, tm_mon=4, tm_mday=1, tm_hour=3, tm_min=50, tm_sec=15, tm_wday=5, tm_yday=91, tm_isdst=-1)",2023-04-01,2023,4,91,1,50,3,BUS02
2023-04-01 03:52:45,40.76593,-111.909645,1261.8,-9999.0,-9999.0,-9999.0,13.81,14.12,8.76,41.54,5.0,2.0,10.72,25.0,875.4,0.0,6.9,2.23,27.9,830.1,0.0,4415.0,7.4,0.0,17.6,0.77,1806.0,0.0,0,0,"time.struct_time(tm_year=2023, tm_mon=4, tm_mday=1, tm_hour=3, tm_min=52, tm_sec=45, tm_wday=5, tm_yday=91, tm_isdst=-1)",2023-04-01,2023,4,91,1,52,3,BUS02
2023-04-01 03:55:15,40.76593,-111.90976,1280.6,-9999.0,-9999.0,-9999.0,13.81,14.15,8.76,41.13,6.0,2.0,10.78,25.0,875.4,0.0,9.8,2.24,27.9,830.4,0.0,4445.0,8.0,0.0,17.7,0.77,1809.0,0.0,0,0,"time.struct_time(tm_year=2023, tm_mon=4, tm_mday=1, tm_hour=3, tm_min=55, tm_sec=15, tm_wday=5, tm_yday=91, tm_isdst=-1)",2023-04-01,2023,4,91,1,55,3,BUS02
2023-04-01 03:57:45,40.766003,-111.909821,1286.0,-9999.0,-9999.0,-9999.0,13.81,14.17,8.76,40.4,5.0,2.0,10.78,25.0,875.3,0.0,14.1,2.24,28.0,830.1,0.0,4475.0,-6.2,0.0,17.7,0.77,1810.0,0.0,0,0,"time.struct_time(tm_year=2023, tm_mon=4, tm_mday=1, tm_hour=3, tm_min=57, tm_sec=45, tm_wday=5, tm_yday=91, tm_isdst=-1)",2023-04-01,2023,4,91,1,57,3,BUS02
2023-04-01 04:00:15,40.765862,-111.909538,1291.2,-9999.0,-9999.0,-9999.0,13.81,14.19,8.74,40.27,4.0,2.0,10.78,25.0,875.3,0.0,13.0,2.23,28.0,830.4,-9999.0,-9999.0,-9999.0,-9999.0,-9999.0,-9999.0,-9999.0,0.0,0,0,"time.struct_time(tm_year=2023, tm_mon=4, tm_mday=1, tm_hour=4, tm_min=0, tm_sec=15, tm_wday=5, tm_yday=91, tm_isdst=-1)",2023-04-01,2023,4,91,1,0,4,BUS02
2023-04-01 04:02:45,40.765717,-111.909782,1308.8,-9999.0,-9999.0,-9999.0,13.8,14.2,8.77,40.53,4.0,2.0,10.78,24.0,875.5,0.0,18.0,2.23,28.0,830.1,-9999.0,-9999.0,-9999.0,-9999.0,-9999.0,-9999.0,-9999.0,0.0,0,0,"time.struct_time(tm_year=2023, tm_mon=4, tm_mday=1, tm_hour=4, tm_min=2, tm_sec=45, tm_wday=5, tm_yday=91, tm_isdst=-1)",2023-04-01,2023,4,91,1,2,4,BUS02
2023-04-01 04:05:15,40.765842,-111.909676,1281.3,-9999.0,-9999.0,-9999.0,13.81,14.21,8.74,40.67,5.0,2.0,10.89,25.0,875.4,0.0,11.2,2.22,28.1,830.4,-9999.0,-9999.0,-9999.0,-9999.0,-9999.0,-9999.0,-9999.0,0.0,0,0,"time.struct_time(tm_year=2023, tm_mon=4, tm_mday=1, tm_hour=4, tm_min=5, tm_sec=15, tm_wday=5, tm_yday=91, tm_isdst=-1)",2023-04-01,2023,4,91,1,5,4,BUS02
2023-04-01 04:07:45,40.765862,-111.909546,1291.5,-9999.0,-9999.0,-9999.0,13.81,14.23,8.68,40.41,3.0,2.0,10.78,25.0,875.3,0.0,12.6,2.23,28.1,830.1,-9999.0,-9999.0,-9999.0,-9999.0,-9999.0,-9999.0,-9999.0,0.0,0,0,"time.struct_time(tm_year=2023, tm_mon=4, tm_mday=1, tm_hour=4, tm_min=7, tm_sec=45, tm_wday=5, tm_yday=91, tm_isdst=-1)",2023-04-01,2023,4,91,1,7,4,BUS02
2023-04-01 04:10:15,40.765873,-111.909584,1287.4,-9999.0,-9999.0,-9999.0,13.81,14.25,8.52,40.88,3.0,2.0,10.89,24.0,875.2,0.0,14.7,2.22,28.1,830.4,-9999.0,-9999.0,-9999.0,-9999.0,-9999.0,-9999.0,-9999.0,0.0,0,0,"time.struct_time(tm_year=2023, tm_mon=4, tm_mday=1, tm_hour=4, tm_min=10, tm_sec=15, tm_wday=5, tm_yday=91, tm_isdst=-1)",2023-04-01,2023,4,91,1,10,4,BUS02
2023-04-01 04:12:45,40.765869,-111.909615,1280.9,-9999.0,-9999.0,-9999.0,13.81,14.27,8.5,41.16,4.0,2.0,10.89,24.0,875.6,0.0,11.9,2.23,28.2,830.2,-9999.0,-9999.0,-9999.0,-9999.0,-9999.0,-9999.0,-9999.0,0.0,0,0,"time.struct_time(tm_year=2023, tm_mon=4, tm_mday=1, tm_hour=4, tm_min=12, tm_sec=45, tm_wday=5, tm_yday=91, tm_isdst=-1)",2023-04-01,2023,4,91,1,12,4,BUS02
2023-04-01 04:15:15,40.765747,-111.909737,1283.5,-9999.0,-9999.0,-9999.0,13.8,14.28,8.52,40.97,5.0,2.0,10.78,24.0,875.4,0.0,7.1,2.23,28.2,830.4,-9999.0,-9999.0,-9999.0,-9999.0,-9999.0,-9999.0,-9999.0,0.0,0,0,"time.struct_time(tm_year=2023, tm_mon=4, tm_mday=1, tm_hour=4, tm_min=15, tm_sec=15, tm_wday=5, tm_yday=91, tm_isdst=-1)",2023-04-01,2023,4,91,1,15,4,BUS02
2023-04-01 04:17:45,40.765881,-111.909645,1274.8,-9999.0,-9999.0,-9999.0,13.81,14.29,8.52,40.95,4.0,2.0,10.78,24.0,875.5,0.0,11.9,2.23,28.2,830.1,-9999.0,-9999.0,-9999.0,-9999.0,-9999.0,-9999.0,-9999.0,0.0,0,0,"time.struct_time(tm_year=2023, tm_mon=4, tm_mday=1, tm_hour=4, tm_min=17, tm_sec=45, tm_wday=5, tm_yday=91, tm_isdst=-1)",2023-04-01,2023,4,91,1,17,4,BUS02
2023-04-01 04:20:15,40.7658,-111.909691,1237.4,-9999.0,-9999.0,-9999.0,13.81,14.3,8.57,40.74,7.0,2.0,10.78,24.0,875.4,0.0,16.4,2.24,28.3,830.4,-9999.0,-9999.0,-9999.0,-9999.0,-9999.0,-9999.0,-9999.0,0.0,0,0,"time.struct_time(tm_year=2023, tm_mon=4, tm_mday=1, tm_hour=4, tm_min=20, tm_sec=15, tm_wday=5, tm_yday=91, tm_isdst=-1)",2023-04-01,2023,4,91,1,20,4,BUS02
2023-04-01 04:22:45,40.765877,-111.909782,1249.4,-9999.0,-9999.0,-9999.0,13.81,14.3,8.58,40.64,5.0,2.0,10.78,24.0,875.6,0.0,10.8,2.24,28.3,830.3,-9999.0,-9999.0,-9999.0,-9999.0,-9999.0,-9999.0,-9999.0,0.0,0,0,"time.struct_time(tm_year=2023, tm_mon=4, tm_mday=1, tm_hour=4, tm_min=22, tm_sec=45, tm_wday=5, tm_yday=91, tm_isdst=-1)",2023-04-01,2023,4,91,1,22,4,BUS02
2023-04-01 04:25:15,40.765938,-111.90966,1254.1,-9999.0,-9999.0,-9999.0,13.81,14.31,8.56,40.67,4.0,2.0,10.72,24.0,875.4,0.0,11.4,2.23,28.3,830.5,-9999.0,-9999.0,-9999.0,-9999.0,-9999.0,-9999.0,-9999.0,0.0,0,0,"time.struct_time(tm_year=2023, tm_mon=4, tm_mday=1, tm_hour=4, tm_min=25, tm_sec=15, tm_wday=5, tm_yday=91, tm_isdst=-1)",2023-04-01,2023,4,91,1,25,4,BUS02
2023-04-01 04:28:50,40.765873,-111.909584,1291.1,-9999.0,-9999.0,-9999.0,13.81,14.31,8.54,40.37,4.0,2.0,10.72,24.0,875.4,0.0,11.8,2.23,28.3,830.5,-9999.0,-9999.0,-9999.0,-9999.0,-9999.0,-9999.0,-9999.0,0.0,0,0,"time.struct_time(tm_year=2023, tm_mon=4, tm_mday=1, tm_hour=4, tm_min=28, tm_sec=50, tm_wday=5, tm_yday=91, tm_isdst=-1)",2023-04-01,2023,4,91,1,28,4,BUS02
2023-04-01 04:31:20,40.765854,-111.909645,1287.5,-9999.0,-9999.0,-9999.0,13.81,14.32,8.52,39.87,4.0,2.0,10.72,24.0,875.6,0.0,17.1,2.23,28.3,830.1,-9999.0,-9999.0,-9999.0,-9999.0,-9999.0,-9999.0,-9999.0,0.0,0,0,"time.struct_time(tm_year=2023, tm_mon=4, tm_mday=1, tm_hour=4, tm_min=31, tm_sec=20, tm_wday=5, tm_yday=91, tm_isdst=-1)",2023-04-01,2023,4,91,1,31,4,BUS02
2023-04-01 04:33:50,40.765827,-111.909721,1270.1,-9999.0,-9999.0,-9999.0,13.81,14.32,8.5,40.47,4.0,2.0,10.72,24.0,875.4,0.0,19.0,2.23,28.4,830.5,-9999.0,-9999.0,-9999.0,-9999.0,-9999.0,-9999.0,-9999.0,0.0,0,0,"time.struct_time(tm_year=2023, tm_mon=4, tm_mday=1, tm_hour=4, tm_min=33, tm_sec=50, tm_wday=5, tm_yday=91, tm_isdst=-1)",2023-04-01,2023,4,91,1,33,4,BUS02
2023-04-01 04:36:20,40.765839,-111.909698,1276.0,-9999.0,-9999.0,-9999.0,13.81,14.31,8.52,39.46,8.0,2.0,10.61,24.0,875.5,0.0,5.5,2.24,28.4,830.3,-9999.0,-9999.0,-9999.0,-9999.0,-9999.0,-9999.0,-9999.0,0.0,0,0,"time.struct_time(tm_year=2023, tm_mon=4, tm_mday=1, tm_hour=4, tm_min=36, tm_sec=20, tm_wday=5, tm_yday=91, tm_isdst=-1)",2023-04-01,2023,4,91,1,36,4,BUS02
2023-04-01 04:38:50,40.765911,-111.909836,1267.5,-9999.0,-9999.0,-9999.0,13.81,14.31,8.5,39.66,5.0,2.0,10.61,24.0,875.5,0.0,16.9,2.24,28.4,830.5,-9999.0,-9999.0,-9999.0,-9999.0,-9999.0,-9999.0,-9999.0,0.0,0,0,"time.struct_time(tm_year=2023, tm_mon=4, tm_mday=1, tm_hour=4, tm_min=38, tm_sec=50, tm_wday=5, tm_yday=91, tm_isdst=-1)",2023-04-01,2023,4,91,1,38,4,BUS02
2023-04-01 04:41:20,40.765839,-111.909592,1281.0,-9999.0,-9999.0,-9999.0,13.81,14.3,8.5,39.95,4.0,2.0,10.61,24.0,875.6,0.0,15.7,2.23,28.4,830.3,-9999.0,-9999.0,-9999.0,-9999.0,-9999.0,-9999.0,-9999.0,0.0,0,0,"time.struct_time(tm_year=2023, tm_mon=4, tm_mday=1, tm_hour=4, tm_min=41, tm_sec=20, tm_wday=5, tm_yday=91, tm_isdst=-1)",2023-04-01,2023,4,91,1,41,4,BUS02
2023-04-01 04:43:50,40.765823,-111.909767,1269.4,-9999.0,-9999.0,-9999.0,13.8,14.3,8.49,39.38,4.0,2.0,10.61,23.0,875.4,0.0,20.2,2.23,28.4,830.5,-9999.0,-9999.0,-9999.0,-9999.0,-9999.0,-9999.0,-9999.0,0.0,0,0,"time.struct_time(tm_year=2023, tm_mon=4, tm_mday=1, tm_hour=4, tm_min=43, tm_sec=50, tm_wday=5, tm_yday=91, tm_isdst=-1)",2023-04-01,2023,4,91,1,43,4,BUS02
2023-04-01 04:46:20,40.765598,-111.909691,1263.5,-9999.0,-9999.0,-9999.0,13.8,14.29,8.46,38.83,3.0,2.0,10.61,23.0,875.6,0.0,23.8,2.23,28.4,830.3,-9999.0,-9999.0,-9999.0,-9999.0,-9999.0,-9999.0,-9999.0,0.0,0,0,"time.struct_time(tm_year=2023, tm_mon=4, tm_mday=1, tm_hour=4, tm_min=46, tm_sec=20, tm_wday=5, tm_yday=91, tm_isdst=-1)",2023-04-01,2023,4,91,1,46,4,BUS02
2023-04-01 04:48:50,40.765766,-111.909813,1266.2,-9999.0,-9999.0,-9999.0,13.81,14.28,8.46,38.85,3.0,2.0,10.61,23.0,875.5,0.0,23.2,2.23,28.4,830.5,-9999.0,-9999.0,-9999.0,-9999.0,-9999.0,-9999.0,-9999.0,0.0,0,0,"time.struct_time(tm_year=2023, tm_mon=4, tm_mday=1, tm_hour=4, tm_min=48, tm_sec=50, tm_wday=5, tm_yday=91, tm_isdst=-1)",2023-04-01,2023,4,91,1,48,4,BUS02
2023-04-01 04:51:20,40.765888,-111.909676,1254.8,-9999.0,-9999.0,-9999.0,13.81,14.27,8.47,39.18,3.0,2.0,10.61,23.0,875.7,0.0,22.9,2.24,28.4,830.2,-9999.0,-9999.0,-9999.0,-9999.0,-9999.0,-9999.0,-9999.0,0.0,0,0,"time.struct_time(tm_year=2023, tm_mon=4, tm_mday=1, tm_hour=4, tm_min=51, tm_sec=20, tm_wday=5, tm_yday=91, tm_isdst=-1)",2023-04-01,2023,4,91,1,51,4,BUS02
2023-04-01 04:53:50,40.765869,-111.909729,1297.2,-9999.0,-9999.0,-9999.0,13.81,14.26,8.48,39.49,4.0,2.0,10.5,23.0,875.5,0.0,13.3,2.23,28.4,830.5,-9999.0,-9999.0,-9999.0,-9999.0,-9999.0,-9999.0,-9999.0,0.0,0,0,"time.struct_time(tm_year=2023, tm_mon=4, tm_mday=1, tm_hour=4, tm_min=53, tm_sec=50, tm_wday=5, tm_yday=91, tm_isdst=-1)",2023-04-01,2023,4,91,1,53,4,BUS02
2023-04-01 04:56:20,40.765701,-111.909714,1291.5,-9999.0,-9999.0,-9999.0,13.8,14.26,8.5,39.52,4.0,2.0,10.5,23.0,875.4,0.0,25.7,2.23,28.4,830.2,-9999.0,-9999.0,-9999.0,-9999.0,-9999.0,-9999.0,-9999.0,0.0,0,0,"time.struct_time(tm_year=2023, tm_mon=4, tm_mday=1, tm_hour=4, tm_min=56, tm_sec=20, tm_wday=5, tm_yday=91, tm_isdst=-1)",2023-04-01,2023,4,91,1,56,4,BUS02
2023-04-01 04:58:50,40.765739,-111.909462,1284.9,-9999.0,-9999.0,-9999.0,13.81,14.26,8.56,39.15,3.0,2.0,10.61,23.0,875.6,0.0,25.5,2.24,28.4,830.5,-9999.0,-9999.0,-9999.0,-9999.0,-9999.0,-9999.0,-9999.0,0.0,0,0,"time.struct_time(tm_year=2023, tm_mon=4, tm_mday=1, tm_hour=4, tm_min=58, tm_sec=50, tm_wday=5, tm_yday=91, tm_isdst=-1)",2023-04-01,2023,4,91,1,58,4,BUS02
2023-04-01 05:01:20,40.765846,-111.909515,1278.4,-9999.0,-9999.0,-9999.0,13.8,14.26,8.63,38.76,3.0,2.0,10.61,23.0,875.4,0.0,20.6,2.24,28.4,830.2,-9999.0,-9999.0,-9999.0,-9999.0,-9999.0,-9999.0,-9999.0,0.0,0,0,"time.struct_time(tm_year=2023, tm_mon=4, tm_mday=1, tm_hour=5, tm_min=1, tm_sec=20, tm_wday=5, tm_yday=91, tm_isdst=-1)",2023-04-01,2023,4,91,1,1,5,BUS02
2023-04-01 05:03:50,40.765785,-111.909622,1282.7,-9999.0,-9999.0,-9999.0,13.81,14.25,8.64,38.99,3.0,2.0,10.61,23.0,875.4,0.0,21.9,2.23,28.5,830.4,-9999.0,-9999.0,-9999.0,-9999.0,-9999.0,-9999.0,-9999.0,0.0,0,0,"time.struct_time(tm_year=2023, tm_mon=4, tm_mday=1, tm_hour=5, tm_min=3, tm_sec=50, tm_wday=5, tm_yday=91, tm_isdst=-1)",2023-04-01,2023,4,91,1,3,5,BUS02
2023-04-01 05:06:20,40.765629,-111.909592,1268.6,-9999.0,-9999.0,-9999.0,13.81,14.24,8.71,39.09,2.0,2.0,10.61,23.0,875.4,0.0,21.9,2.23,28.5,830.2,-9999.0,-9999.0,-9999.0,-9999.0,-9999.0,-9999.0,-9999.0,0.0,0,0,"time.struct_time(tm_year=2023, tm_mon=4, tm_mday=1, tm_hour=5, tm_min=6, tm_sec=20, tm_wday=5, tm_yday=91, tm_isdst=-1)",2023-04-01,2023,4,91,1,6,5,BUS02
2023-04-01 05:08:50,40.765739,-111.909683,1257.2,-9999.0,-9999.0,-9999.0,13.81,14.24,8.71,38.41,3.0,2.0,10.61,23.0,875.5,0.0,10.1,2.24,28.5,830.5,-9999.0,-9999.0,-9999.0,-9999.0,-9999.0,-9999.0,-9999.0,0.0,0,0,"time.struct_time(tm_year=2023, tm_mon=4, tm_mday=1, tm_hour=5, tm_min=8, tm_sec=50, tm_wday=5, tm_yday=91, tm_isdst=-1)",2023-04-01,2023,4,91,1,8,5,BUS02
2023-04-01 05:11:20,40.765827,-111.909645,1269.7,-9999.0,-9999.0,-9999.0,13.8,14.23,8.71,38.7,3.0,2.0,10.61,23.0,875.6,0.0,23.4,2.24,28.5,830.1,-9999.0,-9999.0,-9999.0,-9999.0,-9999.0,-9999.0,-9999.0,0.0,0,0,"time.struct_time(tm_year=2023, tm_mon=4, tm_mday=1, tm_hour=5, tm_min=11, tm_sec=20, tm_wday=5, tm_yday=91, tm_isdst=-1)",2023-04-01,2023,4,91,1,11,5,BUS02
2023-04-01 05:13:50,40.765957,-111.909752,1286.5,-9999.0,-9999.0,-9999.0,13.81,14.22,8.7,38.9,2.0,2.0,10.61,23.0,875.5,0.0,28.2,2.24,28.5,830.4,-9999.0,-9999.0,-9999.0,-9999.0,-9999.0,-9999.0,-9999.0,0.0,0,0,"time.struct_time(tm_year=2023, tm_mon=4, tm_mday=1, tm_hour=5, tm_min=13, tm_sec=50, tm_wday=5, tm_yday=91, tm_isdst=-1)",2023-04-01,2023,4,91,1,13,5,BUS02
2023-04-01 05:16:20,40.765892,-111.909752,1290.1,-9999.0,-9999.0,-9999.0,13.81,14.21,8.7,38.21,2.0,2.0,10.61,23.0,875.2,0.0,28.4,2.24,28.5,830.1,-9999.0,-9999.0,-9999.0,-9999.0,-9999.0,-9999.0,-9999.0,0.0,0,0,"time.struct_time(tm_year=2023, tm_mon=4, tm_mday=1, tm_hour=5, tm_min=16, tm_sec=20, tm_wday=5, tm_yday=91, tm_isdst=-1)",2023-04-01,2023,4,91,1,16,5,BUS02
2023-04-01 05:18:50,40.765774,-111.909561,1277.4,-9999.0,-9999.0,-9999.0,13.81,14.21,8.64,38.69,1.0,2.0,10.5,23.0,875.5,0.0,25.2,2.23,28.5,830.4,-9999.0,-9999.0,-9999.0,-9999.0,-9999.0,-9999.0,-9999.0,0.0,0,0,"time.struct_time(tm_year=2023, tm_mon=4, tm_mday=1, tm_hour=5, tm_min=18, tm_sec=50, tm_wday=5, tm_yday=91, tm_isdst=-1)",2023-04-01,2023,4,91,1,18,5,BUS02
2023-04-01 05:21:20,40.765888,-111.909599,1277.3,-9999.0,-9999.0,-9999.0,13.81,14.2,8.66,38.77,2.0,2.0,10.5,23.0,875.2,0.0,18.2,2.25,28.5,830.0,-9999.0,-9999.0,-9999.0,-9999.0,-9999.0,-9999.0,-9999.0,0.0,0,0,"time.struct_time(tm_year=2023, tm_mon=4, tm_mday=1, tm_hour=5, tm_min=21, tm_sec=20, tm_wday=5, tm_yday=91, tm_isdst=-1)",2023-04-01,2023,4,91,1,21,5,BUS02
2023-04-01 05:23:50,40.765926,-111.909622,1257.6,-9999.0,-9999.0,-9999.0,13.81,14.19,8.58,38.39,1.0,2.0,10.5,23.0,875.3,0.0,28.5,2.25,28.4,830.3,-9999.0,-9999.0,-9999.0,-9999.0,-9999.0,-9999.0,-9999.0,0.0,0,0,"time.struct_time(tm_year=2023, tm_mon=4, tm_mday=1, tm_hour=5, tm_min=23, tm_sec=50, tm_wday=5, tm_yday=91, tm_isdst=-1)",2023-04-01,2023,4,91,1,23,5,BUS02
2023-04-01 05:26:20,40.765755,-111.909744,1266.0,-9999.0,-9999.0,-9999.0,13.81,14.18,8.41,39.55,2.0,2.0,10.5,23.0,875.4,0.0,27.0,2.24,28.4,830.0,-9999.0,-9999.0,-9999.0,-9999.0,-9999.0,-9999.0,-9999.0,0.0,0,0,"time.struct_time(tm_year=2023, tm_mon=4, tm_mday=1, tm_hour=5, tm_min=26, tm_sec=20, tm_wday=5, tm_yday=91, tm_isdst=-1)",2023-04-01,2023,4,91,1,26,5,BUS02
2023-04-01 05:29:55,40.765858,-111.909782,1273.2,-9999.0,-9999.0,-9999.0,13.81,14.16,8.36,39.78,1.0,2.0,10.39,23.0,875.4,0.0,29.1,2.25,28.4,830.3,-9999.0,-9999.0,-9999.0,-9999.0,-9999.0,-9999.0,-9999.0,0.0,0,0,"time.struct_time(tm_year=2023, tm_mon=4, tm_mday=1, tm_hour=5, tm_min=29, tm_sec=55, tm_wday=5, tm_yday=91, tm_isdst=-1)",2023-04-01,2023,4,91,1,29,5,BUS02
2023-04-01 05:32:25,40.76564,-111.909821,1257.4,-9999.0,-9999.0,-9999.0,13.81,14.15,8.35,39.87,1.0,2.0,10.39,23.0,875.2,0.0,25.6,2.25,28.4,830.0,-9999.0,-9999.0,-9999.0,-9999.0,-9999.0,-9999.0,-9999.0,0.0,0,0,"time.struct_time(tm_year=2023, tm_mon=4, tm_mday=1, tm_hour=5, tm_min=32, tm_sec=25, tm_wday=5, tm_yday=91, tm_isdst=-1)",2023-04-01,2023,4,91,1,32,5,BUS02
2023-04-01 05:34:55,40.765839,-111.909706,1284.1,-9999.0,-9999.0,-9999.0,13.8,14.13,8.32,39.88,1.0,2.0,10.28,23.0,875.4,0.0,30.3,2.24,28.4,830.3,-9999.0,-9999.0,-9999.0,-9999.0,-9999.0,-9999.0,-9999.0,0.0,0,0,"time.struct_time(tm_year=2023, tm_mon=4, tm_mday=1, tm_hour=5, tm_min=34, tm_sec=55, tm_wday=5, tm_yday=91, tm_isdst=-1)",2023-04-01,2023,4,91,1,34,5,BUS02
2023-04-01 05:37:25,40.765766,-111.909866,1297.8,-9999.0,-9999.0,-9999.0,13.81,14.11,8.33,39.83,2.0,2.0,10.28,23.0,875.4,0.0,26.2,2.25,28.4,830.0,-9999.0,-9999.0,-9999.0,-9999.0,-9999.0,-9999.0,-9999.0,0.0,0,0,"time.struct_time(tm_year=2023, tm_mon=4, tm_mday=1, tm_hour=5, tm_min=37, tm_sec=25, tm_wday=5, tm_yday=91, tm_isdst=-1)",2023-04-01,2023,4,91,1,37,5,BUS02
2023-04-01 05:39:55,40.76593,-111.909714,1295.2,-9999.0,-9999.0,-9999.0,13.81,14.1,8.28,39.78,3.0,2.0,10.22,23.0,875.4,0.0,26.2,2.25,28.4,830.3,-9999.0,-9999.0,-9999.0,-9999.0,-9999.0,-9999.0,-9999.0,0.0,0,0,"time.struct_time(tm_year=2023, tm_mon=4, tm_mday=1, tm_hour=5, tm_min=39, tm_sec=55, tm_wday=5, tm_yday=91, tm_isdst=-1)",2023-04-01,2023,4,91,1,39,5,BUS02
2023-04-01 05:42:25,40.765884,-111.909668,1297.1,-9999.0,-9999.0,-9999.0,13.81,14.08,8.14,40.24,3.0,2.0,10.11,23.0,875.3,0.0,22.5,2.25,28.4,830.0,-9999.0,-9999.0,-9999.0,-9999.0,-9999.0,-9999.0,-9999.0,0.0,0,0,"time.struct_time(tm_year=2023, tm_mon=4, tm_mday=1, tm_hour=5, tm_min=42, tm_sec=25, tm_wday=5, tm_yday=91, tm_isdst=-1)",2023-04-01,2023,4,91,1,42,5,BUS02
2023-04-01 05:44:55,40.766033,-111.909637,1286.2,-9999.0,-9999.0,-9999.0,13.81,14.07,8.01,41.49,2.0,2.0,10.11,24.0,875.3,0.0,15.3,2.24,28.4,830.3,-9999.0,-9999.0,-9999.0,-9999.0,-9999.0,-9999.0,-9999.0,0.0,0,0,"time.struct_time(tm_year=2023, tm_mon=4, tm_mday=1, tm_hour=5, tm_min=44, tm_sec=55, tm_wday=5, tm_yday=91, tm_isdst=-1)",2023-04-01,2023,4,91,1,44,5,BUS02
2023-04-01 05:47:25,40.765808,-111.909744,1292.9,-9999.0,-9999.0,-9999.0,13.81,14.05,7.87,41.56,3.0,2.0,10.11,24.0,875.5,0.0,11.0,2.24,28.4,830.0,-9999.0,-9999.0,-9999.0,-9999.0,-9999.0,-9999.0,-9999.0,0.0,0,0,"time.struct_time(tm_year=2023, tm_mon=4, tm_mday=1, tm_hour=5, tm_min=47, tm_sec=25, tm_wday=5, tm_yday=91, tm_isdst=-1)",2023-04-01,2023,4,91,1,47,5,BUS02
2023-04-01 05:49:55,40.765862,-111.90979,1300.6,-9999.0,-9999.0,-9999.0,13.81,14.04,7.68,43.13,3.0,2.0,10.0,24.0,875.5,0.0,7.3,2.23,28.4,830.4,-9999.0,-9999.0,-9999.0,-9999.0,-9999.0,-9999.0,-9999.0,0.0,0,0,"time.struct_time(tm_year=2023, tm_mon=4, tm_mday=1, tm_hour=5, tm_min=49, tm_sec=55, tm_wday=5, tm_yday=91, tm_isdst=-1)",2023-04-01,2023,4,91,1,49,5,BUS02
2023-04-01 05:52:25,40.765965,-111.90976,1304.6,-9999.0,-9999.0,-9999.0,13.81,14.03,7.55,43.86,4.0,2.0,10.0,24.0,875.6,0.0,10.7,2.25,28.3,830.1,-9999.0,-9999.0,-9999.0,-9999.0,-9999.0,-9999.0,-9999.0,0.0,0,0,"time.struct_time(tm_year=2023, tm_mon=4, tm_mday=1, tm_hour=5, tm_min=52, tm_sec=25, tm_wday=5, tm_yday=91, tm_isdst=-1)",2023-04-01,2023,4,91,1,52,5,BUS02
2023-04-01 05:54:55,40.765915,-111.909836,1284.0,-9999.0,-9999.0,-9999.0,13.8,14.01,7.47,44.23,3.0,2.0,10.0,24.0,875.4,0.0,3.3,2.23,28.3,830.3,-9999.0,-9999.0,-9999.0,-9999.0,-9999.0,-9999.0,-9999.0,0.0,0,0,"time.struct_time(tm_year=2023, tm_mon=4, tm_mday=1, tm_hour=5, tm_min=54, tm_sec=55, tm_wday=5, tm_yday=91, tm_isdst=-1)",2023-04-01,2023,4,91,1,54,5,BUS02
2023-04-01 05:57:25,40.765755,-111.909554,1280.8,-9999.0,-9999.0,-9999.0,13.81,14.0,7.44,44.34,4.0,2.0,10.0,25.0,875.3,0.0,0.6,2.24,28.3,830.1,-9999.0,-9999.0,-9999.0,-9999.0,-9999.0,-9999.0,-9999.0,0.0,0,0,"time.struct_time(tm_year=2023, tm_mon=4, tm_mday=1, tm_hour=5, tm_min=57, tm_sec=25, tm_wday=5, tm_yday=91, tm_isdst=-1)",2023-04-01,2023,4,91,1,57,5,BUS02
2023-04-01 05:59:55,40.765793,-111.90947,1280.2,-9999.0,-9999.0,-9999.0,13.81,13.98,7.34,45.33,4.0,2.0,10.0,25.0,875.5,0.0,3.7,2.24,28.3,830.4,-9999.0,-9999.0,-9999.0,-9999.0,-9999.0,-9999.0,-9999.0,0.0,0,0,"time.struct_time(tm_year=2023, tm_mon=4, tm_mday=1, tm_hour=5, tm_min=59, tm_sec=55, tm_wday=5, tm_yday=91, tm_isdst=-1)",2023-04-01,2023,4,91,1,59,5,BUS02
2023-04-01 06:02:25,40.76606,-111.909676,1280.5,-9999.0,-9999.0,-9999.0,13.81,13.97,7.26,46.14,4.0,2.0,10.11,25.0,875.4,0.0,2.4,2.24,28.3,830.2,-9999.0,-9999.0,-9999.0,-9999.0,-9999.0,-9999.0,-9999.0,0.0,0,0,"time.struct_time(tm_year=2023, tm_mon=4, tm_mday=1, tm_hour=6, tm_min=2, tm_sec=25, tm_wday=5, tm_yday=91, tm_isdst=-1)",2023-04-01,2023,4,91,1,2,6,BUS02
2023-04-01 06:04:55,40.766006,-111.909859,1287.6,-9999.0,-9999.0,-9999.0,13.81,13.96,7.18,46.57,4.0,2.0,10.11,25.0,875.7,0.0,1.3,2.24,28.3,830.4,-9999.0,-9999.0,-9999.0,-9999.0,-9999.0,-9999.0,-9999.0,0.0,0,0,"time.struct_time(tm_year=2023, tm_mon=4, tm_mday=1, tm_hour=6, tm_min=4, tm_sec=55, tm_wday=5, tm_yday=91, tm_isdst=-1)",2023-04-01,2023,4,91,1,4,6,BUS02
2023-04-01 06:07:40,40.765633,-111.909691,1239.1,-9999.0,-9999.0,-9999.0,13.81,13.95,7.12,47.16,5.0,2.0,10.22,25.0,875.4,0.0,1.5,2.24,28.3,830.1,-9999.0,-9999.0,-9999.0,-9999.0,-9999.0,-9999.0,-9999.0,0.0,0,0,"time.struct_time(tm_year=2023, tm_mon=4, tm_mday=1, tm_hour=6, tm_min=7, tm_sec=40, tm_wday=5, tm_yday=91, tm_isdst=-1)",2023-04-01,2023,4,91,1,7,6,BUS02
2023-04-01 06:10:10,40.765854,-111.909805,1260.9,-9999.0,-9999.0,-9999.0,13.8,13.93,7.12,46.89,4.0,2.0,10.22,25.0,875.6,0.0,1.6,2.24,28.3,830.3,-9999.0,-9999.0,-9999.0,-9999.0,-9999.0,-9999.0,-9999.0,0.0,0,0,"time.struct_time(tm_year=2023, tm_mon=4, tm_mday=1, tm_hour=6, tm_min=10, tm_sec=10, tm_wday=5, tm_yday=91, tm_isdst=-1)",2023-04-01,2023,4,91,1,10,6,BUS02
2023-04-01 06:12:40,40.766033,-111.909782,1266.9,-9999.0,-9999.0,-9999.0,13.81,13.92,7.05,46.64,3.0,2.0,10.22,25.0,875.4,0.0,3.5,2.24,28.2,830.0,-9999.0,-9999.0,-9999.0,-9999.0,-9999.0,-9999.0,-9999.0,0.0,0,0,"time.struct_time(tm_year=2023, tm_mon=4, tm_mday=1, tm_hour=6, tm_min=12, tm_sec=40, tm_wday=5, tm_yday=91, tm_isdst=-1)",2023-04-01,2023,4,91,1,12,6,BUS02
2023-04-01 06:15:10,40.765865,-111.909821,1254.2,-9999.0,-9999.0,-9999.0,13.81,13.9,6.98,47.12,4.0,2.0,10.22,25.0,875.3,0.0,2.8,2.24,28.2,830.3,-9999.0,-9999.0,-9999.0,-9999.0,-9999.0,-9999.0,-9999.0,0.0,0,0,"time.struct_time(tm_year=2023, tm_mon=4, tm_mday=1, tm_hour=6, tm_min=15, tm_sec=10, tm_wday=5, tm_yday=91, tm_isdst=-1)",2023-04-01,2023,4,91,1,15,6,BUS02
2023-04-01 06:17:40,40.76585,-111.909782,1254.5,-9999.0,-9999.0,-9999.0,13.81,13.89,6.94,47.08,4.0,2.0,10.22,25.0,875.5,0.0,3.6,2.24,28.2,830.1,-9999.0,-9999.0,-9999.0,-9999.0,-9999.0,-9999.0,-9999.0,0.0,0,0,"time.struct_time(tm_year=2023, tm_mon=4, tm_mday=1, tm_hour=6, tm_min=17, tm_sec=40, tm_wday=5, tm_yday=91, tm_isdst=-1)",2023-04-01,2023,4,91,1,17,6,BUS02
2023-04-01 06:20:10,40.765785,-111.909714,1253.1,-9999.0,-9999.0,-9999.0,13.81,13.88,6.88,47.32,4.0,2.0,10.11,25.0,875.4,0.0,5.5,2.24,28.2,830.4,-9999.0,-9999.0,-9999.0,-9999.0,-9999.0,-9999.0,-9999.0,0.0,0,0,"time.struct_time(tm_year=2023, tm_mon=4, tm_mday=1, tm_hour=6, tm_min=20, tm_sec=10, tm_wday=5, tm_yday=91, tm_isdst=-1)",2023-04-01,2023,4,91,1,20,6,BUS02
2023-04-01 06:22:40,40.765789,-111.909752,1260.2,-9999.0,-9999.0,-9999.0,13.81,13.87,6.72,47.72,4.0,2.0,10.11,25.0,875.4,0.0,2.6,2.24,28.2,830.0,-9999.0,-9999.0,-9999.0,-9999.0,-9999.0,-9999.0,-9999.0,0.0,0,0,"time.struct_time(tm_year=2023, tm_mon=4, tm_mday=1, tm_hour=6, tm_min=22, tm_sec=40, tm_wday=5, tm_yday=91, tm_isdst=-1)",2023-04-01,2023,4,91,1,22,6,BUS02
2023-04-01 06:25:10,40.765659,-111.909668,1266.3,-9999.0,-9999.0,-9999.0,13.81,13.85,6.74,47.73,4.0,2.0,10.11,25.0,875.5,0.0,2.0,2.24,28.2,830.4,-9999.0,-9999.0,-9999.0,-9999.0,-9999.0,-9999.0,-9999.0,0.0,0,0,"time.struct_time(tm_year=2023, tm_mon=4, tm_mday=1, tm_hour=6, tm_min=25, tm_sec=10, tm_wday=5, tm_yday=91, tm_isdst=-1)",2023-04-01,2023,4,91,1,25,6,BUS02
2023-04-01 06:27:40,40.765434,-111.909767,1257.0,-9999.0,-9999.0,-9999.0,13.81,13.84,6.74,48.09,3.0,2.0,10.11,25.0,875.4,0.0,1.2,2.25,28.2,830.0,-9999.0,-9999.0,-9999.0,-9999.0,-9999.0,-9999.0,-9999.0,0.0,0,0,"time.struct_time(tm_year=2023, tm_mon=4, tm_mday=1, tm_hour=6, tm_min=27, tm_sec=40, tm_wday=5, tm_yday=91, tm_isdst=-1)",2023-04-01,2023,4,91,1,27,6,BUS02
2023-04-01 06:31:15,40.765785,-111.909683,1279.5,-9999.0,-9999.0,-9999.0,13.81,13.81,6.76,48.19,6.0,2.0,10.0,25.0,875.3,0.0,3.0,2.23,28.2,830.3,-9999.0,-9999.0,-9999.0,-9999.0,-9999.0,-9999.0,-9999.0,0.0,0,0,"time.struct_time(tm_year=2023, tm_mon=4, tm_mday=1, tm_hour=6, tm_min=31, tm_sec=15, tm_wday=5, tm_yday=91, tm_isdst=-1)",2023-04-01,2023,4,91,1,31,6,BUS02
2023-04-01 06:33:45,40.765869,-111.909767,1287.7,-9999.0,-9999.0,-9999.0,13.8,13.79,6.82,47.53,3.0,2.0,10.0,25.0,875.3,0.0,5.5,2.24,28.1,830.0,-9999.0,-9999.0,-9999.0,-9999.0,-9999.0,-9999.0,-9999.0,0.0,0,0,"time.struct_time(tm_year=2023, tm_mon=4, tm_mday=1, tm_hour=6, tm_min=33, tm_sec=45, tm_wday=5, tm_yday=91, tm_isdst=-1)",2023-04-01,2023,4,91,1,33,6,BUS02
2023-04-01 06:36:15,40.765877,-111.90976,1281.3,-9999.0,-9999.0,-9999.0,13.81,13.77,6.86,46.62,4.0,2.0,9.89,25.0,875.5,0.0,7.5,2.24,28.1,830.3,-9999.0,-9999.0,-9999.0,-9999.0,-9999.0,-9999.0,-9999.0,0.0,0,0,"time.struct_time(tm_year=2023, tm_mon=4, tm_mday=1, tm_hour=6, tm_min=36, tm_sec=15, tm_wday=5, tm_yday=91, tm_isdst=-1)",2023-04-01,2023,4,91,1,36,6,BUS02
2023-04-01 06:38:45,40.765812,-111.909615,1278.8,-9999.0,-9999.0,-9999.0,13.81,13.75,6.76,46.92,3.0,2.0,9.89,25.0,875.3,0.0,11.0,2.24,28.1,829.9,-9999.0,-9999.0,-9999.0,-9999.0,-9999.0,-9999.0,-9999.0,0.0,0,0,"time.struct_time(tm_year=2023, tm_mon=4, tm_mday=1, tm_hour=6, tm_min=38, tm_sec=45, tm_wday=5, tm_yday=91, tm_isdst=-1)",2023-04-01,2023,4,91,1,38,6,BUS02
2023-04-01 06:41:15,40.765865,-111.909744,1298.3,-9999.0,-9999.0,-9999.0,13.81,13.73,6.68,47.36,5.0,2.0,9.89,25.0,875.4,0.0,9.6,2.23,28.1,830.2,-9999.0,0.0,-9999.0,-9999.0,-9999.0,-9999.0,-9999.0,0.0,0,0,"time.struct_time(tm_year=2023, tm_mon=4, tm_mday=1, tm_hour=6, tm_min=41, tm_sec=15, tm_wday=5, tm_yday=91, tm_isdst=-1)",2023-04-01,2023,4,91,1,41,6,BUS02
2023-04-01 06:43:45,40.766033,-111.909805,1298.1,-9999.0,-9999.0,-9999.0,13.81,13.7,6.7,46.02,3.0,2.0,9.89,25.0,875.1,0.0,15.2,2.25,28.1,829.8,-9999.0,-9999.0,-9999.0,-9999.0,-9999.0,-9999.0,-9999.0,0.0,0,0,"time.struct_time(tm_year=2023, tm_mon=4, tm_mday=1, tm_hour=6, tm_min=43, tm_sec=45, tm_wday=5, tm_yday=91, tm_isdst=-1)",2023-04-01,2023,4,91,1,43,6,BUS02
2023-04-01 06:46:15,40.765793,-111.909714,1293.7,-9999.0,-9999.0,-9999.0,13.81,13.68,6.64,45.62,3.0,2.0,9.78,24.0,875.4,0.0,15.7,2.25,28.1,830.1,-9999.0,-9999.0,-9999.0,-9999.0,-9999.0,-9999.0,-9999.0,0.0,0,0,"time.struct_time(tm_year=2023, tm_mon=4, tm_mday=1, tm_hour=6, tm_min=46, tm_sec=15, tm_wday=5, tm_yday=91, tm_isdst=-1)",2023-04-01,2023,4,91,1,46,6,BUS02
2023-04-01 06:48:45,40.765781,-111.909775,1274.7,-9999.0,-9999.0,-9999.0,13.81,13.65,6.7,44.91,2.0,2.0,9.78,24.0,875.0,0.0,21.4,2.24,28.1,829.8,-9999.0,-9999.0,-9999.0,-9999.0,-9999.0,-9999.0,-9999.0,0.0,0,0,"time.struct_time(tm_year=2023, tm_mon=4, tm_mday=1, tm_hour=6, tm_min=48, tm_sec=45, tm_wday=5, tm_yday=91, tm_isdst=-1)",2023-04-01,2023,4,91,1,48,6,BUS02
2023-04-01 06:51:15,40.765888,-111.90979,1279.9,-9999.0,-9999.0,-9999.0,13.8,13.61,6.83,44.52,9.0,2.0,9.78,24.0,875.3,0.0,18.3,2.23,28.0,830.0,-9999.0,-9999.0,-9999.0,-9999.0,-9999.0,-9999.0,-9999.0,0.0,0,0,"time.struct_time(tm_year=2023, tm_mon=4, tm_mday=1, tm_hour=6, tm_min=51, tm_sec=15, tm_wday=5, tm_yday=91, tm_isdst=-1)",2023-04-01,2023,4,91,1,51,6,BUS02
2023-04-01 06:53:45,40.765743,-111.909508,1278.6,-9999.0,-9999.0,-9999.0,13.81,13.58,6.91,43.25,2.0,2.0,9.72,24.0,875.1,0.0,25.2,2.24,28.0,829.7,-9999.0,-9999.0,-9999.0,-9999.0,-9999.0,-9999.0,-9999.0,0.0,0,0,"time.struct_time(tm_year=2023, tm_mon=4, tm_mday=1, tm_hour=6, tm_min=53, tm_sec=45, tm_wday=5, tm_yday=91, tm_isdst=-1)",2023-04-01,2023,4,91,1,53,6,BUS02
2023-04-01 06:56:15,40.765957,-111.909676,1286.2,-9999.0,-9999.0,-9999.0,13.81,13.54,6.88,45.27,2.0,2.0,9.72,24.0,875.2,0.0,13.9,2.24,28.0,829.9,-9999.0,-9999.0,-9999.0,-9999.0,-9999.0,-9999.0,-9999.0,0.0,0,0,"time.struct_time(tm_year=2023, tm_mon=4, tm_mday=1, tm_hour=6, tm_min=56, tm_sec=15, tm_wday=5, tm_yday=91, tm_isdst=-1)",2023-04-01,2023,4,91,1,56,6,BUS02
2023-04-01 06:58:45,40.765865,-111.90966,1290.8,-9999.0,-9999.0,-9999.0,13.81,13.51,6.93,44.68,2.0,2.0,9.61,24.0,875.2,0.0,17.9,2.23,28.0,829.6,-9999.0,-9999.0,-9999.0,-9999.0,-9999.0,-9999.0,-9999.0,0.0,0,0,"time.struct_time(tm_year=2023, tm_mon=4, tm_mday=1, tm_hour=6, tm_min=58, tm_sec=45, tm_wday=5, tm_yday=91, tm_isdst=-1)",2023-04-01,2023,4,91,1,58,6,BUS02
2023-04-01 07:01:15,40.765606,-111.909538,1274.0,-9999.0,-9999.0,-9999.0,13.81,13.47,6.94,44.6,4.0,2.0,9.61,24.0,874.9,0.0,9.4,2.23,28.0,829.8,-9999.0,-9999.0,-9999.0,-9999.0,-9999.0,-9999.0,-9999.0,0.0,0,0,"time.struct_time(tm_year=2023, tm_mon=4, tm_mday=1, tm_hour=7, tm_min=1, tm_sec=15, tm_wday=5, tm_yday=91, tm_isdst=-1)",2023-04-01,2023,4,91,1,1,7,BUS02
2023-04-01 07:03:45,40.765743,-111.909546,1283.3,-9999.0,-9999.0,-9999.0,13.81,13.44,6.92,45.07,3.0,2.0,9.5,25.0,874.8,0.0,11.9,2.25,27.9,829.6,-9999.0,-9999.0,-9999.0,-9999.0,-9999.0,-9999.0,-9999.0,0.0,0,0,"time.struct_time(tm_year=2023, tm_mon=4, tm_mday=1, tm_hour=7, tm_min=3, tm_sec=45, tm_wday=5, tm_yday=91, tm_isdst=-1)",2023-04-01,2023,4,91,1,3,7,BUS02
2023-04-01 07:06:15,40.765785,-111.909584,1265.4,-9999.0,-9999.0,-9999.0,13.81,13.41,6.84,45.77,3.0,2.0,9.5,25.0,875.0,0.0,13.5,2.23,27.9,829.8,-9999.0,-9999.0,-9999.0,-9999.0,-9999.0,-9999.0,-9999.0,0.0,0,0,"time.struct_time(tm_year=2023, tm_mon=4, tm_mday=1, tm_hour=7, tm_min=6, tm_sec=15, tm_wday=5, tm_yday=91, tm_isdst=-1)",2023-04-01,2023,4,91,1,6,7,BUS02
2023-04-01 07:08:45,40.7659,-111.909798,1274.5,-9999.0,-9999.0,-9999.0,13.81,13.38,6.74,46.28,6.0,2.0,9.39,25.0,874.8,0.0,16.2,2.23,27.9,829.5,-9999.0,-9999.0,-9999.0,-9999.0,-9999.0,-9999.0,-9999.0,0.0,0,0,"time.struct_time(tm_year=2023, tm_mon=4, tm_mday=1, tm_hour=7, tm_min=8, tm_sec=45, tm_wday=5, tm_yday=91, tm_isdst=-1)",2023-04-01,2023,4,91,1,8,7,BUS02
2023-04-01 07:11:15,40.765873,-111.909622,1264.9,-9999.0,-9999.0,-9999.0,13.81,13.34,6.68,46.0,3.0,2.0,9.28,25.0,874.7,0.0,17.8,2.22,27.9,829.5,-9999.0,-9999.0,-9999.0,-9999.0,-9999.0,-9999.0,-9999.0,0.0,0,0,"time.struct_time(tm_year=2023, tm_mon=4, tm_mday=1, tm_hour=7, tm_min=11, tm_sec=15, tm_wday=5, tm_yday=91, tm_isdst=-1)",2023-04-01,2023,4,91,1,11,7,BUS02
2023-04-01 07:13:45,40.765865,-111.909843,1276.2,-9999.0,-9999.0,-9999.0,13.81,13.3,6.49,46.07,3.0,2.0,9.28,25.0,874.8,0.0,18.7,2.24,27.8,829.4,-9999.0,-9999.0,-9999.0,-9999.0,-9999.0,-9999.0,-9999.0,0.0,0,0,"time.struct_time(tm_year=2023, tm_mon=4, tm_mday=1, tm_hour=7, tm_min=13, tm_sec=45, tm_wday=5, tm_yday=91, tm_isdst=-1)",2023-04-01,2023,4,91,1,13,7,BUS02
2023-04-01 07:16:15,40.765781,-111.909706,1283.7,-9999.0,-9999.0,-9999.0,13.81,13.27,6.34,46.27,3.0,2.0,9.28,25.0,874.7,0.0,16.5,2.24,27.8,829.5,-9999.0,-9999.0,-9999.0,-9999.0,-9999.0,-9999.0,-9999.0,0.0,0,0,"time.struct_time(tm_year=2023, tm_mon=4, tm_mday=1, tm_hour=7, tm_min=16, tm_sec=15, tm_wday=5, tm_yday=91, tm_isdst=-1)",2023-04-01,2023,4,91,1,16,7,BUS02
2023-04-01 07:18:45,40.76556,-111.909637,1292.2,-9999.0,-9999.0,-9999.0,13.81,13.24,6.28,46.4,2.0,2.0,9.28,25.0,874.8,0.0,17.1,2.24,27.8,829.4,-9999.0,-9999.0,-9999.0,-9999.0,-9999.0,-9999.0,-9999.0,0.0,0,0,"time.struct_time(tm_year=2023, tm_mon=4, tm_mday=1, tm_hour=7, tm_min=18, tm_sec=45, tm_wday=5, tm_yday=91, tm_isdst=-1)",2023-04-01,2023,4,91,1,18,7,BUS02
2023-04-01 07:21:15,40.765766,-111.909706,1272.0,-9999.0,-9999.0,-9999.0,13.81,13.22,6.32,46.12,2.0,2.0,9.28,25.0,875.0,0.0,13.2,2.22,27.8,829.4,-9999.0,-9999.0,-9999.0,-9999.0,-9999.0,-9999.0,-9999.0,0.0,0,0,"time.struct_time(tm_year=2023, tm_mon=4, tm_mday=1, tm_hour=7, tm_min=21, tm_sec=15, tm_wday=5, tm_yday=91, tm_isdst=-1)",2023-04-01,2023,4,91,1,21,7,BUS02
2023-04-01 07:23:45,40.76582,-111.909645,1292.4,-9999.0,-9999.0,-9999.0,13.81,13.19,6.34,46.46,3.0,2.0,9.28,25.0,874.7,0.0,15.9,2.23,27.7,829.4,-9999.0,-9999.0,-9999.0,-9999.0,-9999.0,-9999.0,-9999.0,0.0,0,0,"time.struct_time(tm_year=2023, tm_mon=4, tm_mday=1, tm_hour=7, tm_min=23, tm_sec=45, tm_wday=5, tm_yday=91, tm_isdst=-1)",2023-04-01,2023,4,91,1,23,7,BUS02
2023-04-01 07:26:15,40.765625,-111.909729,1312.1,-9999.0,-9999.0,-9999.0,13.81,13.17,6.36,45.83,3.0,2.0,9.28,24.0,875.0,0.0,14.6,2.21,27.7,829.5,-9999.0,-9999.0,-9999.0,-9999.0,-9999.0,-9999.0,-9999.0,0.0,0,0,"time.struct_time(tm_year=2023, tm_mon=4, tm_mday=1, tm_hour=7, tm_min=26, tm_sec=15, tm_wday=5, tm_yday=91, tm_isdst=-1)",2023-04-01,2023,4,91,1,26,7,BUS02
2023-04-01 07:28:45,40.765533,-111.909782,1301.4,-9999.0,-9999.0,-9999.0,13.81,13.14,6.38,45.43,2.0,2.0,9.28,25.0,874.9,0.0,13.4,2.22,27.7,829.4,-9999.0,-9999.0,-9999.0,-9999.0,-9999.0,-9999.0,-9999.0,0.0,0,0,"time.struct_time(tm_year=2023, tm_mon=4, tm_mday=1, tm_hour=7, tm_min=28, tm_sec=45, tm_wday=5, tm_yday=91, tm_isdst=-1)",2023-04-01,2023,4,91,1,28,7,BUS02
2023-04-01 07:32:20,40.765652,-111.909615,1294.3,-9999.0,-9999.0,-9999.0,13.81,13.11,6.36,45.57,3.0,2.0,9.28,24.0,874.8,0.0,10.1,2.24,27.7,829.5,-9999.0,-9999.0,-9999.0,-9999.0,-9999.0,-9999.0,-9999.0,0.0,0,0,"time.struct_time(tm_year=2023, tm_mon=4, tm_mday=1, tm_hour=7, tm_min=32, tm_sec=20, tm_wday=5, tm_yday=91, tm_isdst=-1)",2023-04-01,2023,4,91,1,32,7,BUS02
2023-04-01 07:34:50,40.76572,-111.909691,1272.6,-9999.0,-9999.0,-9999.0,13.81,13.09,6.36,45.03,2.0,2.0,9.22,24.0,874.8,0.0,15.5,2.23,27.6,829.7,-9999.0,-9999.0,-9999.0,-9999.0,-9999.0,-9999.0,-9999.0,0.0,0,0,"time.struct_time(tm_year=2023, tm_mon=4, tm_mday=1, tm_hour=7, tm_min=34, tm_sec=50, tm_wday=5, tm_yday=91, tm_isdst=-1)",2023-04-01,2023,4,91,1,34,7,BUS02
2023-04-01 11:52:25,40.765568,-111.909584,1220.7,-9999.0,-9999.0,-9999.0,13.99,5.82,4.76,48.71,1.0,2.0,4.0,36.0,873.3,0.0,33.7,2.08,8.2,829.4,0.0,3374.0,-7.0,0.0,8.8,0.77,1766.0,0.0,0,0,"time.struct_time(tm_year=2023, tm_mon=4, tm_mday=1, tm_hour=11, tm_min=52, tm_sec=25, tm_wday=5, tm_yday=91, tm_isdst=-1)",2023-04-01,2023,4,91,1,52,11,BUS02
2023-04-01 11:54:55,40.765484,-111.909599,1238.4,-9999.0,-9999.0,-9999.0,13.99,5.81,4.83,48.21,1.0,2.0,4.0,39.0,873.4,0.0,36.6,2.09,9.6,828.9,0.0,3404.0,-25.4,0.0,8.8,0.77,1766.0,0.0,0,0,"time.struct_time(tm_year=2023, tm_mon=4, tm_mday=1, tm_hour=11, tm_min=54, tm_sec=55, tm_wday=5, tm_yday=91, tm_isdst=-1)",2023-04-01,2023,4,91,1,54,11,BUS02
2023-04-01 11:57:25,40.765778,-111.909737,1250.6,-9999.0,-9999.0,-9999.0,13.95,5.83,4.94,48.73,1.0,2.0,4.0,40.0,873.6,0.0,13.2,2.11,10.9,828.9,0.0,3434.0,-25.8,0.0,8.8,0.77,1769.0,0.0,0,0,"time.struct_time(tm_year=2023, tm_mon=4, tm_mday=1, tm_hour=11, tm_min=57, tm_sec=25, tm_wday=5, tm_yday=91, tm_isdst=-1)",2023-04-01,2023,4,91,1,57,11,BUS02
2023-04-01 11:59:55,40.765583,-111.909622,1263.2,-9999.0,-9999.0,-9999.0,13.95,5.88,5.02,47.77,0.0,2.0,4.11,40.0,873.6,0.0,33.2,2.14,11.9,828.6,0.0,3464.0,-26.9,0.0,8.8,0.77,1773.0,0.0,0,0,"time.struct_time(tm_year=2023, tm_mon=4, tm_mday=1, tm_hour=11, tm_min=59, tm_sec=55, tm_wday=5, tm_yday=91, tm_isdst=-1)",2023-04-01,2023,4,91,1,59,11,BUS02
2023-04-01 12:02:25,40.765778,-111.909714,1277.0,-9999.0,-9999.0,-9999.0,13.95,5.97,5.12,48.37,1.0,2.0,4.28,40.0,873.5,0.0,36.4,2.13,12.8,828.7,0.0,3494.0,-13.3,0.0,8.8,0.77,1773.0,0.0,0,0,"time.struct_time(tm_year=2023, tm_mon=4, tm_mday=1, tm_hour=12, tm_min=2, tm_sec=25, tm_wday=5, tm_yday=91, tm_isdst=-1)",2023-04-01,2023,4,91,1,2,12,BUS02
2023-04-01 12:04:55,40.765839,-111.909676,1279.6,-9999.0,-9999.0,-9999.0,13.45,6.08,5.24,47.77,0.0,2.0,4.39,38.0,873.7,0.0,38.6,2.13,13.6,828.7,0.0,3524.0,-22.8,0.0,8.8,0.77,1764.0,0.0,0,0,"time.struct_time(tm_year=2023, tm_mon=4, tm_mday=1, tm_hour=12, tm_min=4, tm_sec=55, tm_wday=5, tm_yday=91, tm_isdst=-1)",2023-04-01,2023,4,91,1,4,12,BUS02
2023-04-01 12:07:25,40.765736,-111.90966,1267.3,-9999.0,-9999.0,-9999.0,13.95,6.22,5.34,48.18,1.0,2.0,4.5,38.0,873.9,0.0,29.8,2.15,14.3,828.5,0.0,3554.0,23.4,0.0,8.8,0.77,1761.0,0.0,0,0,"time.struct_time(tm_year=2023, tm_mon=4, tm_mday=1, tm_hour=12, tm_min=7, tm_sec=25, tm_wday=5, tm_yday=91, tm_isdst=-1)",2023-04-01,2023,4,91,1,7,12,BUS02
2023-04-01 12:09:55,40.76564,-111.909744,1275.4,-9999.0,-9999.0,-9999.0,13.95,6.38,5.49,47.04,0.0,2.0,4.72,37.0,873.9,0.0,33.3,2.14,15.0,828.5,0.0,3584.0,114.6,0.0,8.8,0.77,1764.0,0.0,0,0,"time.struct_time(tm_year=2023, tm_mon=4, tm_mday=1, tm_hour=12, tm_min=9, tm_sec=55, tm_wday=5, tm_yday=91, tm_isdst=-1)",2023-04-01,2023,4,91,1,9,12,BUS02
2023-04-01 12:12:25,40.765926,-111.909737,1280.8,-9999.0,-9999.0,-9999.0,13.95,6.54,5.55,46.25,0.0,2.0,4.78,36.0,873.7,0.0,34.6,2.14,15.6,828.5,0.0,3614.0,-9.6,0.0,8.9,0.77,1764.0,0.0,0,0,"time.struct_time(tm_year=2023, tm_mon=4, tm_mday=1, tm_hour=12, tm_min=12, tm_sec=25, tm_wday=5, tm_yday=91, tm_isdst=-1)",2023-04-01,2023,4,91,1,12,12,BUS02
2023-04-01 12:14:55,40.765827,-111.909737,1265.6,-9999.0,-9999.0,-9999.0,13.96,6.71,5.65,45.79,1.0,2.0,5.0,36.0,873.8,0.0,35.7,2.15,16.1,828.5,0.0,3644.0,-6.6,0.0,8.9,0.77,1766.0,0.0,0,0,"time.struct_time(tm_year=2023, tm_mon=4, tm_mday=1, tm_hour=12, tm_min=14, tm_sec=55, tm_wday=5, tm_yday=91, tm_isdst=-1)",2023-04-01,2023,4,91,1,14,12,BUS02
2023-04-01 12:17:25,40.765907,-111.90979,1279.7,-9999.0,-9999.0,-9999.0,13.95,6.88,5.75,45.96,0.0,2.0,5.22,36.0,873.7,0.0,33.3,2.15,16.6,828.5,0.0,3674.0,-8.3,0.0,9.0,0.77,1768.0,0.0,0,0,"time.struct_time(tm_year=2023, tm_mon=4, tm_mday=1, tm_hour=12, tm_min=17, tm_sec=25, tm_wday=5, tm_yday=91, tm_isdst=-1)",2023-04-01,2023,4,91,1,17,12,BUS02
2023-04-01 12:19:55,40.766026,-111.909859,1272.7,-9999.0,-9999.0,-9999.0,13.95,7.04,5.84,45.53,0.0,2.0,5.28,36.0,873.6,0.0,33.7,2.16,17.0,828.5,0.0,3703.0,0.0,10.4,0.0,0.01,769.5,0.0,0,0,"time.struct_time(tm_year=2023, tm_mon=4, tm_mday=1, tm_hour=12, tm_min=19, tm_sec=55, tm_wday=5, tm_yday=91, tm_isdst=-1)",2023-04-01,2023,4,91,1,19,12,BUS02
2023-04-01 12:22:25,40.765755,-111.909676,1302.2,-9999.0,-9999.0,-9999.0,13.91,7.21,6.02,45.15,1.0,2.0,5.39,35.0,873.7,0.0,35.7,2.16,17.5,828.4,0.0,3734.0,0.2,0.0,9.1,0.77,1769.0,0.0,0,0,"time.struct_time(tm_year=2023, tm_mon=4, tm_mday=1, tm_hour=12, tm_min=22, tm_sec=25, tm_wday=5, tm_yday=91, tm_isdst=-1)",2023-04-01,2023,4,91,1,22,12,BUS02
2023-04-01 12:24:55,40.765774,-111.90966,1295.9,-9999.0,-9999.0,-9999.0,13.91,7.38,6.19,45.0,1.0,2.0,5.61,35.0,873.7,0.0,35.6,2.16,17.8,828.4,0.0,3764.0,-1.4,0.0,9.2,0.77,1770.0,0.0,0,0,"time.struct_time(tm_year=2023, tm_mon=4, tm_mday=1, tm_hour=12, tm_min=24, tm_sec=55, tm_wday=5, tm_yday=91, tm_isdst=-1)",2023-04-01,2023,4,91,1,24,12,BUS02
2023-04-01 12:27:25,40.765808,-111.909782,1290.6,-9999.0,-9999.0,-9999.0,13.91,7.54,6.3,44.55,1.0,2.0,5.72,35.0,873.6,0.0,29.6,2.17,18.2,828.4,0.0,3794.0,0.5,0.0,9.3,0.77,1769.0,0.0,0,0,"time.struct_time(tm_year=2023, tm_mon=4, tm_mday=1, tm_hour=12, tm_min=27, tm_sec=25, tm_wday=5, tm_yday=91, tm_isdst=-1)",2023-04-01,2023,4,91,1,27,12,BUS02
2023-04-01 12:29:55,40.765865,-111.909897,1290.2,-9999.0,-9999.0,-9999.0,13.91,7.7,6.34,44.42,1.0,2.0,5.78,35.0,873.6,0.0,35.2,2.17,18.6,828.3,0.0,3824.0,-4.7,0.0,9.4,0.77,1772.0,0.0,0,0,"time.struct_time(tm_year=2023, tm_mon=4, tm_mday=1, tm_hour=12, tm_min=29, tm_sec=55, tm_wday=5, tm_yday=91, tm_isdst=-1)",2023-04-01,2023,4,91,1,29,12,BUS02
2023-04-01 12:33:30,40.7658,-111.909897,1283.6,-9999.0,-9999.0,-9999.0,13.91,7.92,6.4,44.89,1.0,2.0,5.89,34.0,873.7,0.0,32.6,2.17,19.0,828.4,0.0,3867.0,-25.0,0.0,9.5,0.77,1778.0,0.0,0,0,"time.struct_time(tm_year=2023, tm_mon=4, tm_mday=1, tm_hour=12, tm_min=33, tm_sec=30, tm_wday=5, tm_yday=91, tm_isdst=-1)",2023-04-01,2023,4,91,1,33,12,BUS02
2023-04-01 12:36:00,40.765827,-111.909752,1299.2,-9999.0,-9999.0,-9999.0,13.91,8.07,6.52,43.94,0.0,2.0,6.11,34.0,873.6,0.0,32.9,2.19,19.3,828.5,0.0,3897.0,-5.1,0.0,9.6,0.77,1780.0,0.0,0,0,"time.struct_time(tm_year=2023, tm_mon=4, tm_mday=1, tm_hour=12, tm_min=36, tm_sec=0, tm_wday=5, tm_yday=91, tm_isdst=-1)",2023-04-01,2023,4,91,1,36,12,BUS02
2023-04-01 12:38:30,40.765781,-111.909637,1289.2,-9999.0,-9999.0,-9999.0,13.91,8.21,6.56,44.1,1.0,2.0,6.11,34.0,873.7,0.0,32.7,2.19,19.6,828.4,0.0,3927.0,-2.0,0.0,9.8,0.77,1780.0,0.0,0,0,"time.struct_time(tm_year=2023, tm_mon=4, tm_mday=1, tm_hour=12, tm_min=38, tm_sec=30, tm_wday=5, tm_yday=91, tm_isdst=-1)",2023-04-01,2023,4,91,1,38,12,BUS02
2023-04-01 12:41:00,40.765797,-111.909866,1296.8,-9999.0,-9999.0,-9999.0,13.92,8.35,6.56,44.06,1.0,2.0,6.22,34.0,873.8,0.0,36.2,2.19,19.9,828.5,0.0,3957.0,-5.1,0.0,9.9,0.77,1780.0,0.0,0,0,"time.struct_time(tm_year=2023, tm_mon=4, tm_mday=1, tm_hour=12, tm_min=41, tm_sec=0, tm_wday=5, tm_yday=91, tm_isdst=-1)",2023-04-01,2023,4,91,1,41,12,BUS02
2023-04-01 12:43:30,40.765755,-111.909706,1298.4,-9999.0,-9999.0,-9999.0,13.91,8.49,6.56,44.13,1.0,2.0,6.28,34.0,873.8,0.0,33.7,2.19,20.2,828.3,0.0,3987.0,-11.4,0.0,10.0,0.77,1783.0,0.0,0,0,"time.struct_time(tm_year=2023, tm_mon=4, tm_mday=1, tm_hour=12, tm_min=43, tm_sec=30, tm_wday=5, tm_yday=91, tm_isdst=-1)",2023-04-01,2023,4,91,1,43,12,BUS02
2023-04-01 12:46:00,40.765572,-111.909737,1313.8,-9999.0,-9999.0,-9999.0,13.92,8.62,6.62,44.11,2.0,2.0,6.39,33.0,873.5,0.0,27.1,2.18,20.4,828.5,0.0,4017.0,-6.1,0.0,10.1,0.77,1779.0,0.0,0,0,"time.struct_time(tm_year=2023, tm_mon=4, tm_mday=1, tm_hour=12, tm_min=46, tm_sec=0, tm_wday=5, tm_yday=91, tm_isdst=-1)",2023-04-01,2023,4,91,1,46,12,BUS02
2023-04-01 12:52:35,40.765888,-111.909927,1305.7,-9999.0,-9999.0,-9999.0,13.87,8.94,6.55,43.94,1.0,2.0,6.61,33.0,873.8,0.0,27.2,2.19,20.2,828.5,0.0,3367.0,0.0,0.0,10.4,0.77,1797.0,0.0,0,0,"time.struct_time(tm_year=2023, tm_mon=4, tm_mday=1, tm_hour=12, tm_min=52, tm_sec=35, tm_wday=5, tm_yday=91, tm_isdst=-1)",2023-04-01,2023,4,91,1,52,12,BUS02
2023-04-01 12:55:05,40.765812,-111.909401,1311.1,-9999.0,-9999.0,-9999.0,13.88,9.04,6.6,43.64,1.0,2.0,6.61,33.0,873.7,0.0,36.1,2.18,20.5,828.3,0.0,3397.0,10.1,0.0,10.5,0.77,1783.0,0.0,0,1,"time.struct_time(tm_year=2023, tm_mon=4, tm_mday=1, tm_hour=12, tm_min=55, tm_sec=5, tm_wday=5, tm_yday=91, tm_isdst=-1)",2023-04-01,2023,4,91,1,55,12,BUS02
2023-04-01 12:57:35,40.765839,-111.908997,1307.1,-9999.0,-9999.0,-9999.0,13.88,9.12,6.54,43.74,1.0,2.0,6.61,32.0,873.5,0.0,34.9,2.2,20.8,828.4,0.0,3427.0,-6.5,0.0,10.6,0.77,1780.0,0.0,0,1,"time.struct_time(tm_year=2023, tm_mon=4, tm_mday=1, tm_hour=12, tm_min=57, tm_sec=35, tm_wday=5, tm_yday=91, tm_isdst=-1)",2023-04-01,2023,4,91,1,57,12,BUS02
2023-04-01 13:00:05,40.764633,-111.909622,1300.3,-9999.0,-9999.0,-9999.0,13.88,9.2,6.29,44.72,4.0,2.0,6.72,32.0,873.4,0.0,34.9,2.19,21.1,828.2,0.0,3457.0,-10.9,0.0,10.7,0.77,1786.0,0.0,0,1,"time.struct_time(tm_year=2023, tm_mon=4, tm_mday=1, tm_hour=13, tm_min=0, tm_sec=5, tm_wday=5, tm_yday=91, tm_isdst=-1)",2023-04-01,2023,4,91,1,0,13,BUS02
2023-04-01 13:02:35,40.763554,-111.909462,1296.2,-9999.0,-9999.0,-9999.0,13.88,9.26,5.97,45.49,2.0,2.0,6.61,32.0,873.8,0.0,34.3,2.19,21.3,828.5,-9999.0,-9999.0,-9999.0,-9999.0,-9999.0,-9999.0,-9999.0,0.0,0,1,"time.struct_time(tm_year=2023, tm_mon=4, tm_mday=1, tm_hour=13, tm_min=2, tm_sec=35, tm_wday=5, tm_yday=91, tm_isdst=-1)",2023-04-01,2023,4,91,1,2,13,BUS02
2023-04-01 13:05:05,40.763554,-111.909462,1295.9,-9999.0,-9999.0,-9999.0,13.38,9.31,5.81,45.91,1.0,2.0,6.5,32.0,873.5,0.0,35.1,2.19,21.6,828.3,-9999.0,-9999.0,-9999.0,-9999.0,-9999.0,-9999.0,-9999.0,0.0,0,1,"time.struct_time(tm_year=2023, tm_mon=4, tm_mday=1, tm_hour=13, tm_min=5, tm_sec=5, tm_wday=5, tm_yday=91, tm_isdst=-1)",2023-04-01,2023,4,91,1,5,13,BUS02
2023-04-01 13:07:35,40.763557,-111.909454,1295.7,-9999.0,-9999.0,-9999.0,13.88,9.36,5.61,46.48,1.0,2.0,6.5,32.0,873.6,0.0,38.8,2.2,21.8,828.4,-9999.0,-9999.0,-9999.0,-9999.0,-9999.0,-9999.0,-9999.0,0.0,0,1,"time.struct_time(tm_year=2023, tm_mon=4, tm_mday=1, tm_hour=13, tm_min=7, tm_sec=35, tm_wday=5, tm_yday=91, tm_isdst=-1)",2023-04-01,2023,4,91,1,7,13,BUS02
2023-04-01 13:10:05,40.764034,-111.908989,1294.9,-9999.0,-9999.0,-9999.0,13.88,9.39,5.51,46.34,1.0,2.0,6.39,32.0,873.4,0.0,39.1,2.19,22.0,828.2,-9999.0,-9999.0,-9999.0,-9999.0,-9999.0,-9999.0,-9999.0,0.0,0,1,"time.struct_time(tm_year=2023, tm_mon=4, tm_mday=1, tm_hour=13, tm_min=10, tm_sec=5, tm_wday=5, tm_yday=91, tm_isdst=-1)",2023-04-01,2023,4,91,1,10,13,BUS02
2023-04-01 13:12:35,40.764427,-111.909912,1292.7,-9999.0,-9999.0,-9999.0,13.88,9.41,5.47,46.21,1.0,2.0,6.28,31.0,873.4,0.0,34.4,2.2,22.1,828.4,-9999.0,-9999.0,-9999.0,-9999.0,-9999.0,-9999.0,-9999.0,0.0,0,1,"time.struct_time(tm_year=2023, tm_mon=4, tm_mday=1, tm_hour=13, tm_min=12, tm_sec=35, tm_wday=5, tm_yday=91, tm_isdst=-1)",2023-04-01,2023,4,91,1,12,13,BUS02
2023-04-01 13:15:05,40.764423,-111.909912,1292.6,-9999.0,-9999.0,-9999.0,13.88,9.43,5.55,46.14,0.0,2.0,6.28,31.0,873.4,0.0,35.1,2.21,22.3,828.2,-9999.0,-9999.0,-9999.0,-9999.0,-9999.0,-9999.0,-9999.0,0.0,0,1,"time.struct_time(tm_year=2023, tm_mon=4, tm_mday=1, tm_hour=13, tm_min=15, tm_sec=5, tm_wday=5, tm_yday=91, tm_isdst=-1)",2023-04-01,2023,4,91,1,15,13,BUS02
2023-04-01 13:17:35,40.763561,-111.909447,1293.0,-9999.0,-9999.0,-9999.0,13.88,9.45,5.53,46.32,1.0,2.0,6.28,31.0,873.6,0.0,41.2,2.2,22.4,828.5,-9999.0,-9999.0,-9999.0,-9999.0,-9999.0,-9999.0,-9999.0,0.0,0,1,"time.struct_time(tm_year=2023, tm_mon=4, tm_mday=1, tm_hour=13, tm_min=17, tm_sec=35, tm_wday=5, tm_yday=91, tm_isdst=-1)",2023-04-01,2023,4,91,1,17,13,BUS02
2023-04-01 13:20:05,40.763565,-111.909447,1293.2,-9999.0,-9999.0,-9999.0,13.88,9.47,5.45,46.47,1.0,2.0,6.28,31.0,873.7,0.0,43.2,2.19,22.5,828.3,-9999.0,-9999.0,-9999.0,-9999.0,-9999.0,-9999.0,-9999.0,0.0,0,1,"time.struct_time(tm_year=2023, tm_mon=4, tm_mday=1, tm_hour=13, tm_min=20, tm_sec=5, tm_wday=5, tm_yday=91, tm_isdst=-1)",2023-04-01,2023,4,91,1,20,13,BUS02
2023-04-01 13:22:35,40.763565,-111.909447,1293.4,-9999.0,-9999.0,-9999.0,13.88,9.48,5.43,45.45,1.0,2.0,6.28,30.0,873.7,0.0,38.3,2.2,22.6,828.5,-9999.0,-9999.0,-9999.0,-9999.0,-9999.0,-9999.0,-9999.0,0.0,0,1,"time.struct_time(tm_year=2023, tm_mon=4, tm_mday=1, tm_hour=13, tm_min=22, tm_sec=35, tm_wday=5, tm_yday=91, tm_isdst=-1)",2023-04-01,2023,4,91,1,22,13,BUS02
2023-04-01 13:25:05,40.763569,-111.909447,1293.7,-9999.0,-9999.0,-9999.0,13.88,9.49,5.41,46.23,1.0,2.0,6.28,30.0,873.6,0.0,37.1,2.22,22.8,828.2,-9999.0,-9999.0,-9999.0,-9999.0,-9999.0,-9999.0,-9999.0,0.0,0,1,"time.struct_time(tm_year=2023, tm_mon=4, tm_mday=1, tm_hour=13, tm_min=25, tm_sec=5, tm_wday=5, tm_yday=91, tm_isdst=-1)",2023-04-01,2023,4,91,1,25,13,BUS02
2023-04-01 13:27:35,40.763569,-111.909447,1293.7,-9999.0,-9999.0,-9999.0,13.88,9.5,5.35,46.46,1.0,2.0,6.28,30.0,873.6,0.0,34.9,2.21,22.8,828.5,-9999.0,-9999.0,-9999.0,-9999.0,-9999.0,-9999.0,-9999.0,0.0,0,1,"time.struct_time(tm_year=2023, tm_mon=4, tm_mday=1, tm_hour=13, tm_min=27, tm_sec=35, tm_wday=5, tm_yday=91, tm_isdst=-1)",2023-04-01,2023,4,91,1,27,13,BUS02
2023-04-01 13:30:05,40.763569,-111.909447,1293.8,-9999.0,-9999.0,-9999.0,13.88,9.52,5.35,46.54,1.0,2.0,6.28,30.0,873.5,0.0,38.2,2.21,22.9,828.2,-9999.0,-9999.0,-9999.0,-9999.0,-9999.0,-9999.0,-9999.0,0.0,0,1,"time.struct_time(tm_year=2023, tm_mon=4, tm_mday=1, tm_hour=13, tm_min=30, tm_sec=5, tm_wday=5, tm_yday=91, tm_isdst=-1)",2023-04-01,2023,4,91,1,30,13,BUS02
2023-04-01 13:32:35,40.764938,-111.907722,1289.0,-9999.0,-9999.0,-9999.0,13.88,9.52,5.33,46.6,1.0,2.0,6.28,30.0,873.5,0.0,36.4,2.19,23.0,828.4,-9999.0,-9999.0,-9999.0,-9999.0,-9999.0,-9999.0,-9999.0,0.0,0,1,"time.struct_time(tm_year=2023, tm_mon=4, tm_mday=1, tm_hour=13, tm_min=32, tm_sec=35, tm_wday=5, tm_yday=91, tm_isdst=-1)",2023-04-01,2023,4,91,1,32,13,BUS02
2023-04-01 13:35:05,40.765022,-111.897118,1301.0,-9999.0,-9999.0,-9999.0,13.88,9.51,5.33,46.38,1.0,2.0,6.39,30.0,872.4,0.0,32.6,2.2,23.1,827.1,-9999.0,-9999.0,-9999.0,-9999.0,-9999.0,-9999.0,-9999.0,0.0,0,1,"time.struct_time(tm_year=2023, tm_mon=4, tm_mday=1, tm_hour=13, tm_min=35, tm_sec=5, tm_wday=5, tm_yday=91, tm_isdst=-1)",2023-04-01,2023,4,91,1,35,13,BUS02
2023-04-01 13:37:35,40.764923,-111.89106,1309.9,-9999.0,-9999.0,-9999.0,13.88,9.52,5.39,46.45,2.0,2.0,6.5,30.0,871.5,0.0,24.6,2.2,23.2,826.6,-9999.0,-9999.0,-9999.0,-9999.0,-9999.0,-9999.0,-9999.0,0.0,0,0,"time.struct_time(tm_year=2023, tm_mon=4, tm_mday=1, tm_hour=13, tm_min=37, tm_sec=35, tm_wday=5, tm_yday=91, tm_isdst=-1)",2023-04-01,2023,4,91,1,37,13,BUS02
2023-04-01 13:40:05,40.767162,-111.879997,1320.7,-9999.0,-9999.0,-9999.0,13.88,9.53,5.49,47.1,4.0,2.0,6.61,30.0,870.7,0.0,21.7,2.22,23.2,825.6,-9999.0,-9999.0,-9999.0,-9999.0,-9999.0,-9999.0,-9999.0,0.0,0,0,"time.struct_time(tm_year=2023, tm_mon=4, tm_mday=1, tm_hour=13, tm_min=40, tm_sec=5, tm_wday=5, tm_yday=91, tm_isdst=-1)",2023-04-01,2023,4,91,1,40,13,BUS02
2023-04-01 13:42:35,40.767204,-111.866173,1347.3,-9999.0,-9999.0,-9999.0,13.88,9.54,5.35,46.88,2.0,2.0,6.72,30.0,867.8,0.0,32.6,2.21,23.3,823.0,-9999.0,-9999.0,-9999.0,-9999.0,-9999.0,-9999.0,-9999.0,0.0,0,0,"time.struct_time(tm_year=2023, tm_mon=4, tm_mday=1, tm_hour=13, tm_min=42, tm_sec=35, tm_wday=5, tm_yday=91, tm_isdst=-1)",2023-04-01,2023,4,91,1,42,13,BUS02
2023-04-01 13:45:05,40.764999,-111.859222,1358.0,-9999.0,-9999.0,-9999.0,13.88,9.55,5.14,48.8,1.0,2.0,6.72,30.0,866.2,0.0,20.8,2.22,23.3,821.0,-9999.0,-9999.0,-9999.0,-9999.0,-9999.0,-9999.0,-9999.0,0.0,0,0,"time.struct_time(tm_year=2023, tm_mon=4, tm_mday=1, tm_hour=13, tm_min=45, tm_sec=5, tm_wday=5, tm_yday=91, tm_isdst=-1)",2023-04-01,2023,4,91,1,45,13,BUS02
2023-04-01 13:47:35,40.767048,-111.851967,1404.9,-9999.0,-9999.0,-9999.0,13.88,9.56,4.99,46.05,7.0,2.0,6.72,29.0,861.6,0.0,38.3,2.23,23.4,817.0,-9999.0,-9999.0,-9999.0,-9999.0,-9999.0,-9999.0,-9999.0,0.0,0,0,"time.struct_time(tm_year=2023, tm_mon=4, tm_mday=1, tm_hour=13, tm_min=47, tm_sec=35, tm_wday=5, tm_yday=91, tm_isdst=-1)",2023-04-01,2023,4,91,1,47,13,BUS02
2023-04-01 13:50:05,40.772968,-111.840828,1497.1,-9999.0,-9999.0,-9999.0,13.88,9.55,5.01,44.51,1.0,2.0,6.72,29.0,852.3,0.0,37.9,2.27,23.4,807.7,-9999.0,-9999.0,-9999.0,-9999.0,-9999.0,-9999.0,-9999.0,0.0,0,0,"time.struct_time(tm_year=2023, tm_mon=4, tm_mday=1, tm_hour=13, tm_min=50, tm_sec=5, tm_wday=5, tm_yday=91, tm_isdst=-1)",2023-04-01,2023,4,91,1,50,13,BUS02
2023-04-01 13:53:40,40.769455,-111.843765,1459.2,-9999.0,-9999.0,-9999.0,13.88,9.55,5.05,44.04,6.0,2.0,6.78,28.0,855.6,0.0,41.6,2.23,23.5,810.8,-9999.0,-9999.0,-9999.0,-9999.0,-9999.0,-9999.0,-9999.0,0.0,0,0,"time.struct_time(tm_year=2023, tm_mon=4, tm_mday=1, tm_hour=13, tm_min=53, tm_sec=40, tm_wday=5, tm_yday=91, tm_isdst=-1)",2023-04-01,2023,4,91,1,53,13,BUS02
2023-04-01 13:56:10,40.767345,-111.847321,1443.6,-9999.0,-9999.0,-9999.0,13.88,9.56,5.08,46.03,6.0,2.0,6.72,29.0,858.2,0.0,33.1,2.27,23.5,813.4,-9999.0,-9999.0,-9999.0,-9999.0,-9999.0,-9999.0,-9999.0,0.0,0,0,"time.struct_time(tm_year=2023, tm_mon=4, tm_mday=1, tm_hour=13, tm_min=56, tm_sec=10, tm_wday=5, tm_yday=91, tm_isdst=-1)",2023-04-01,2023,4,91,1,56,13,BUS02
2023-04-01 13:58:40,40.765022,-111.854286,1395.0,-9999.0,-9999.0,-9999.0,13.87,9.57,5.18,44.67,4.0,2.0,6.72,29.0,862.4,0.0,35.5,2.22,23.6,817.3,-9999.0,-9999.0,-9999.0,-9999.0,-9999.0,-9999.0,-9999.0,0.0,0,0,"time.struct_time(tm_year=2023, tm_mon=4, tm_mday=1, tm_hour=13, tm_min=58, tm_sec=40, tm_wday=5, tm_yday=91, tm_isdst=-1)",2023-04-01,2023,4,91,1,58,13,BUS02
2023-04-01 14:01:10,40.767235,-111.867027,1342.1,-9999.0,-9999.0,-9999.0,13.88,9.59,5.41,46.55,1.0,2.0,6.78,30.0,868.0,0.0,30.4,2.21,23.6,823.0,-9999.0,-9999.0,-9999.0,-9999.0,-9999.0,-9999.0,-9999.0,0.0,0,0,"time.struct_time(tm_year=2023, tm_mon=4, tm_mday=1, tm_hour=14, tm_min=1, tm_sec=10, tm_wday=5, tm_yday=91, tm_isdst=-1)",2023-04-01,2023,4,91,1,1,14,BUS02
2023-04-01 14:03:40,40.767216,-111.878029,1321.0,-9999.0,-9999.0,-9999.0,13.87,9.61,5.71,45.29,1.0,2.0,6.89,30.0,870.1,0.0,29.8,2.19,23.7,825.0,-9999.0,-9999.0,-9999.0,-9999.0,-9999.0,-9999.0,-9999.0,0.0,0,0,"time.struct_time(tm_year=2023, tm_mon=4, tm_mday=1, tm_hour=14, tm_min=3, tm_sec=40, tm_wday=5, tm_yday=91, tm_isdst=-1)",2023-04-01,2023,4,91,1,3,14,BUS02
2023-04-01 14:06:10,40.767105,-111.885162,1308.8,-9999.0,-9999.0,-9999.0,13.88,9.64,6.07,43.6,2.0,2.0,6.89,29.0,871.4,0.0,34.3,2.23,23.7,826.3,-9999.0,-9999.0,-9999.0,-9999.0,-9999.0,-9999.0,-9999.0,0.0,0,0,"time.struct_time(tm_year=2023, tm_mon=4, tm_mday=1, tm_hour=14, tm_min=6, tm_sec=10, tm_wday=5, tm_yday=91, tm_isdst=-1)",2023-04-01,2023,4,91,1,6,14,BUS02
2023-04-01 14:08:40,40.764996,-111.893646,1310.8,-9999.0,-9999.0,-9999.0,13.88,9.68,6.31,43.25,5.0,2.0,7.0,29.0,871.9,0.0,14.0,2.2,23.7,826.7,-9999.0,-9999.0,-9999.0,-9999.0,-9999.0,-9999.0,-9999.0,0.0,0,0,"time.struct_time(tm_year=2023, tm_mon=4, tm_mday=1, tm_hour=14, tm_min=8, tm_sec=40, tm_wday=5, tm_yday=91, tm_isdst=-1)",2023-04-01,2023,4,91,1,8,14,BUS02
2023-04-01 14:11:10,40.765003,-111.899361,1301.3,-9999.0,-9999.0,-9999.0,13.88,9.74,6.58,42.23,2.0,2.0,7.11,29.0,872.9,0.0,34.3,2.21,23.7,827.7,-9999.0,-9999.0,-9999.0,-9999.0,-9999.0,-9999.0,-9999.0,0.0,0,1,"time.struct_time(tm_year=2023, tm_mon=4, tm_mday=1, tm_hour=14, tm_min=11, tm_sec=10, tm_wday=5, tm_yday=91, tm_isdst=-1)",2023-04-01,2023,4,91,1,11,14,BUS02
2023-04-01 14:13:40,40.763985,-111.908813,1285.9,-9999.0,-9999.0,-9999.0,13.88,9.8,6.98,42.06,2.0,2.0,7.39,29.0,873.8,0.0,37.0,2.2,23.8,828.4,-9999.0,-9999.0,-9999.0,-9999.0,-9999.0,-9999.0,-9999.0,0.0,0,1,"time.struct_time(tm_year=2023, tm_mon=4, tm_mday=1, tm_hour=14, tm_min=13, tm_sec=40, tm_wday=5, tm_yday=91, tm_isdst=-1)",2023-04-01,2023,4,91,1,13,14,BUS02
2023-04-01 14:16:10,40.763714,-111.909538,1283.3,-9999.0,-9999.0,-9999.0,13.88,9.87,7.16,40.37,1.0,2.0,7.5,29.0,873.7,0.0,32.0,2.19,23.8,828.6,-9999.0,-9999.0,-9999.0,-9999.0,-9999.0,-9999.0,-9999.0,0.0,0,1,"time.struct_time(tm_year=2023, tm_mon=4, tm_mday=1, tm_hour=14, tm_min=16, tm_sec=10, tm_wday=5, tm_yday=91, tm_isdst=-1)",2023-04-01,2023,4,91,1,16,14,BUS02
2023-04-01 14:18:40,40.763714,-111.909538,1283.1,-9999.0,-9999.0,-9999.0,13.88,9.94,7.16,40.55,1.0,2.0,7.61,29.0,873.9,0.0,30.9,2.22,23.9,828.4,-9999.0,-9999.0,-9999.0,-9999.0,-9999.0,-9999.0,-9999.0,0.0,0,1,"time.struct_time(tm_year=2023, tm_mon=4, tm_mday=1, tm_hour=14, tm_min=18, tm_sec=40, tm_wday=5, tm_yday=91, tm_isdst=-1)",2023-04-01,2023,4,91,1,18,14,BUS02
2023-04-01 14:21:10,40.763714,-111.909546,1283.1,-9999.0,-9999.0,-9999.0,13.88,10.03,7.16,40.83,1.0,2.0,7.72,29.0,873.7,0.0,35.8,2.21,23.9,828.6,-9999.0,-9999.0,-9999.0,-9999.0,-9999.0,-9999.0,-9999.0,0.0,0,1,"time.struct_time(tm_year=2023, tm_mon=4, tm_mday=1, tm_hour=14, tm_min=21, tm_sec=10, tm_wday=5, tm_yday=91, tm_isdst=-1)",2023-04-01,2023,4,91,1,21,14,BUS02
2023-04-01 14:23:40,40.763714,-111.909546,1283.1,-9999.0,-9999.0,-9999.0,13.88,10.12,7.38,39.48,1.0,2.0,7.78,29.0,874.0,0.0,40.3,2.22,24.0,828.4,-9999.0,-9999.0,-9999.0,-9999.0,-9999.0,-9999.0,-9999.0,0.0,0,1,"time.struct_time(tm_year=2023, tm_mon=4, tm_mday=1, tm_hour=14, tm_min=23, tm_sec=40, tm_wday=5, tm_yday=91, tm_isdst=-1)",2023-04-01,2023,4,91,1,23,14,BUS02
2023-04-01 14:26:10,40.763714,-111.909554,1283.0,-9999.0,-9999.0,-9999.0,13.88,10.23,7.43,39.4,0.0,2.0,8.0,29.0,873.9,0.0,38.2,2.22,24.0,828.6,-9999.0,-9999.0,-9999.0,-9999.0,-9999.0,-9999.0,-9999.0,0.0,0,1,"time.struct_time(tm_year=2023, tm_mon=4, tm_mday=1, tm_hour=14, tm_min=26, tm_sec=10, tm_wday=5, tm_yday=91, tm_isdst=-1)",2023-04-01,2023,4,91,1,26,14,BUS02
2023-04-01 14:28:40,40.763714,-111.909554,1283.1,-9999.0,-9999.0,-9999.0,13.88,10.33,7.42,39.47,1.0,2.0,8.11,28.0,873.7,0.0,36.3,2.21,24.1,828.5,-9999.0,-9999.0,-9999.0,-9999.0,-9999.0,-9999.0,-9999.0,0.0,0,1,"time.struct_time(tm_year=2023, tm_mon=4, tm_mday=1, tm_hour=14, tm_min=28, tm_sec=40, tm_wday=5, tm_yday=91, tm_isdst=-1)",2023-04-01,2023,4,91,1,28,14,BUS02
2023-04-01 14:31:10,40.764137,-111.909012,1287.6,-9999.0,-9999.0,-9999.0,13.88,10.44,7.43,40.25,1.0,2.0,8.22,28.0,873.8,0.0,35.2,2.2,24.1,828.7,-9999.0,-9999.0,-9999.0,-9999.0,-9999.0,-9999.0,-9999.0,0.0,0,1,"time.struct_time(tm_year=2023, tm_mon=4, tm_mday=1, tm_hour=14, tm_min=31, tm_sec=10, tm_wday=5, tm_yday=91, tm_isdst=-1)",2023-04-01,2023,4,91,1,31,14,BUS02
2023-04-01 14:33:40,40.764957,-111.899475,1299.3,-9999.0,-9999.0,-9999.0,13.88,10.52,7.45,39.78,4.0,2.0,8.28,28.0,873.0,0.0,33.5,2.2,24.2,827.6,-9999.0,-9999.0,-9999.0,-9999.0,-9999.0,-9999.0,-9999.0,0.0,0,1,"time.struct_time(tm_year=2023, tm_mon=4, tm_mday=1, tm_hour=14, tm_min=33, tm_sec=40, tm_wday=5, tm_yday=91, tm_isdst=-1)",2023-04-01,2023,4,91,1,33,14,BUS02
2023-04-01 14:36:10,40.765045,-111.891685,1321.7,-9999.0,-9999.0,-9999.0,13.88,10.61,7.42,40.29,5.0,2.0,8.39,28.0,872.2,0.0,24.8,2.21,24.3,826.9,-9999.0,-9999.0,-9999.0,-9999.0,-9999.0,-9999.0,-9999.0,0.0,0,0,"time.struct_time(tm_year=2023, tm_mon=4, tm_mday=1, tm_hour=14, tm_min=36, tm_sec=10, tm_wday=5, tm_yday=91, tm_isdst=-1)",2023-04-01,2023,4,91,1,36,14,BUS02
2023-04-01 14:38:40,40.767155,-111.881554,1323.3,-9999.0,-9999.0,-9999.0,13.88,10.69,7.45,39.58,1.0,2.0,8.5,28.0,871.1,0.0,34.1,2.21,24.3,825.9,-9999.0,-9999.0,-9999.0,-9999.0,-9999.0,-9999.0,-9999.0,0.0,0,0,"time.struct_time(tm_year=2023, tm_mon=4, tm_mday=1, tm_hour=14, tm_min=38, tm_sec=40, tm_wday=5, tm_yday=91, tm_isdst=-1)",2023-04-01,2023,4,91,1,38,14,BUS02
2023-04-01 14:41:10,40.767174,-111.866951,1344.6,-9999.0,-9999.0,-9999.0,13.88,10.76,7.33,40.16,1.0,2.0,8.5,28.0,868.2,0.0,38.7,2.21,24.4,823.3,-9999.0,-9999.0,-9999.0,-9999.0,-9999.0,-9999.0,-9999.0,0.0,0,0,"time.struct_time(tm_year=2023, tm_mon=4, tm_mday=1, tm_hour=14, tm_min=41, tm_sec=10, tm_wday=5, tm_yday=91, tm_isdst=-1)",2023-04-01,2023,4,91,1,41,14,BUS02
2023-04-01 14:43:40,40.765018,-111.854866,1392.0,-9999.0,-9999.0,-9999.0,13.88,10.82,7.11,39.77,1.0,2.0,8.5,28.0,863.0,0.0,34.1,2.24,24.5,818.1,-9999.0,-9999.0,-9999.0,-9999.0,-9999.0,-9999.0,-9999.0,0.0,0,0,"time.struct_time(tm_year=2023, tm_mon=4, tm_mday=1, tm_hour=14, tm_min=43, tm_sec=40, tm_wday=5, tm_yday=91, tm_isdst=-1)",2023-04-01,2023,4,91,1,43,14,BUS02
2023-04-01 14:46:10,40.766991,-111.849625,1421.7,-9999.0,-9999.0,-9999.0,13.88,10.87,6.98,39.75,4.0,2.0,8.5,27.0,859.7,0.0,32.5,2.24,24.5,815.0,-9999.0,-9999.0,-9999.0,-9999.0,-9999.0,-9999.0,-9999.0,0.0,0,0,"time.struct_time(tm_year=2023, tm_mon=4, tm_mday=1, tm_hour=14, tm_min=46, tm_sec=10, tm_wday=5, tm_yday=91, tm_isdst=-1)",2023-04-01,2023,4,91,1,46,14,BUS02
2023-04-01 14:48:40,40.770096,-111.839279,1488.7,-9999.0,-9999.0,-9999.0,13.87,10.9,6.94,40.0,41.0,2.0,8.5,27.0,853.2,0.0,41.9,2.27,24.6,808.3,-9999.0,-9999.0,-9999.0,-9999.0,-9999.0,-9999.0,-9999.0,0.0,0,0,"time.struct_time(tm_year=2023, tm_mon=4, tm_mday=1, tm_hour=14, tm_min=48, tm_sec=40, tm_wday=5, tm_yday=91, tm_isdst=-1)",2023-04-01,2023,4,91,1,48,14,BUS02
2023-04-01 14:51:10,40.766968,-111.836472,1482.3,-9999.0,-9999.0,-9999.0,13.88,10.93,6.4,40.95,3.0,2.0,8.39,27.0,853.4,0.0,37.2,2.26,24.6,808.8,-9999.0,-9999.0,-9999.0,-9999.0,-9999.0,-9999.0,-9999.0,0.0,0,0,"time.struct_time(tm_year=2023, tm_mon=4, tm_mday=1, tm_hour=14, tm_min=51, tm_sec=10, tm_wday=5, tm_yday=91, tm_isdst=-1)",2023-04-01,2023,4,91,1,51,14,BUS02
2023-04-01 14:54:45,40.769714,-111.844902,1459.7,-9999.0,-9999.0,-9999.0,13.88,10.99,6.48,40.09,4.0,2.0,8.39,26.0,856.2,0.0,40.1,2.26,24.7,811.4,-9999.0,-9999.0,-9999.0,-9999.0,-9999.0,-9999.0,-9999.0,0.0,0,0,"time.struct_time(tm_year=2023, tm_mon=4, tm_mday=1, tm_hour=14, tm_min=54, tm_sec=45, tm_wday=5, tm_yday=91, tm_isdst=-1)",2023-04-01,2023,4,91,1,54,14,BUS02
2023-04-01 14:57:15,40.767029,-111.849113,1432.8,-9999.0,-9999.0,-9999.0,13.88,11.02,6.42,40.51,1.0,2.0,8.39,26.0,859.1,0.0,41.0,2.25,24.8,814.3,-9999.0,-9999.0,-9999.0,-9999.0,-9999.0,-9999.0,-9999.0,0.0,0,0,"time.struct_time(tm_year=2023, tm_mon=4, tm_mday=1, tm_hour=14, tm_min=57, tm_sec=15, tm_wday=5, tm_yday=91, tm_isdst=-1)",2023-04-01,2023,4,91,1,57,14,BUS02
2023-04-01 14:59:45,40.765053,-111.861031,1359.1,-9999.0,-9999.0,-9999.0,13.88,11.04,6.66,41.46,1.0,2.0,8.39,27.0,866.9,0.0,37.2,2.25,24.8,821.6,-9999.0,-9999.0,-9999.0,-9999.0,-9999.0,-9999.0,-9999.0,0.0,0,0,"time.struct_time(tm_year=2023, tm_mon=4, tm_mday=1, tm_hour=14, tm_min=59, tm_sec=45, tm_wday=5, tm_yday=91, tm_isdst=-1)",2023-04-01,2023,4,91,1,59,14,BUS02
2023-04-01 15:02:15,40.767227,-111.871117,1337.5,-9999.0,-9999.0,-9999.0,13.88,11.06,7.11,39.12,3.0,2.0,8.5,27.0,869.2,0.0,39.3,2.23,24.9,824.1,-9999.0,-9999.0,-9999.0,-9999.0,-9999.0,-9999.0,-9999.0,0.0,0,0,"time.struct_time(tm_year=2023, tm_mon=4, tm_mday=1, tm_hour=15, tm_min=2, tm_sec=15, tm_wday=5, tm_yday=91, tm_isdst=-1)",2023-04-01,2023,4,91,1,2,15,BUS02
2023-04-01 15:04:45,40.765472,-111.885406,1319.7,-9999.0,-9999.0,-9999.0,13.88,11.09,7.41,39.53,4.0,2.0,8.61,27.0,872.2,0.0,33.7,2.21,24.9,826.7,-9999.0,-9999.0,-9999.0,-9999.0,-9999.0,-9999.0,-9999.0,0.0,0,0,"time.struct_time(tm_year=2023, tm_mon=4, tm_mday=1, tm_hour=15, tm_min=4, tm_sec=45, tm_wday=5, tm_yday=91, tm_isdst=-1)",2023-04-01,2023,4,91,1,4,15,BUS02
2023-04-01 15:07:15,40.764973,-111.891884,1329.3,-9999.0,-9999.0,-9999.0,13.88,11.14,7.53,39.69,2.0,2.0,8.61,27.0,871.8,0.0,24.0,2.21,24.9,826.9,-9999.0,-9999.0,-9999.0,-9999.0,-9999.0,-9999.0,-9999.0,0.0,0,0,"time.struct_time(tm_year=2023, tm_mon=4, tm_mday=1, tm_hour=15, tm_min=7, tm_sec=15, tm_wday=5, tm_yday=91, tm_isdst=-1)",2023-04-01,2023,4,91,1,7,15,BUS02
2023-04-01 15:09:45,40.765057,-111.893585,1318.6,-9999.0,-9999.0,-9999.0,13.88,11.2,7.58,39.89,3.0,2.0,8.72,27.0,872.1,0.0,31.8,2.23,25.0,826.8,-9999.0,-9999.0,-9999.0,-9999.0,-9999.0,-9999.0,-9999.0,0.0,0,0,"time.struct_time(tm_year=2023, tm_mon=4, tm_mday=1, tm_hour=15, tm_min=9, tm_sec=45, tm_wday=5, tm_yday=91, tm_isdst=-1)",2023-04-01,2023,4,91,1,9,15,BUS02
2023-04-01 15:12:15,40.765018,-111.9002,1296.9,-9999.0,-9999.0,-9999.0,13.88,11.26,7.83,38.33,3.0,2.0,8.78,27.0,873.0,0.0,41.5,2.21,25.0,828.0,-9999.0,-9999.0,-9999.0,-9999.0,-9999.0,-9999.0,-9999.0,0.0,0,1,"time.struct_time(tm_year=2023, tm_mon=4, tm_mday=1, tm_hour=15, tm_min=12, tm_sec=15, tm_wday=5, tm_yday=91, tm_isdst=-1)",2023-04-01,2023,4,91,1,12,15,BUS02
2023-04-01 15:14:45,40.76469,-111.908363,1291.6,-9999.0,-9999.0,-9999.0,13.88,11.32,8.28,37.39,2.0,2.0,8.89,27.0,873.9,0.0,38.5,2.21,25.1,828.4,-9999.0,-9999.0,-9999.0,-9999.0,-9999.0,-9999.0,-9999.0,0.0,0,1,"time.struct_time(tm_year=2023, tm_mon=4, tm_mday=1, tm_hour=15, tm_min=14, tm_sec=45, tm_wday=5, tm_yday=91, tm_isdst=-1)",2023-04-01,2023,4,91,1,14,15,BUS02
2023-04-01 15:17:15,40.763706,-111.909569,1288.8,-9999.0,-9999.0,-9999.0,13.88,11.4,8.72,35.83,1.0,2.0,9.11,27.0,873.8,0.0,38.7,2.23,25.1,828.7,-9999.0,-9999.0,-9999.0,-9999.0,-9999.0,-9999.0,-9999.0,0.0,0,1,"time.struct_time(tm_year=2023, tm_mon=4, tm_mday=1, tm_hour=15, tm_min=17, tm_sec=15, tm_wday=5, tm_yday=91, tm_isdst=-1)",2023-04-01,2023,4,91,1,17,15,BUS02
2023-04-01 15:19:45,40.763706,-111.909569,1288.8,-9999.0,-9999.0,-9999.0,13.84,11.5,8.98,35.86,1.0,2.0,9.28,27.0,873.9,0.0,38.6,2.22,25.2,828.3,-9999.0,-9999.0,-9999.0,-9999.0,-9999.0,-9999.0,-9999.0,0.0,0,1,"time.struct_time(tm_year=2023, tm_mon=4, tm_mday=1, tm_hour=15, tm_min=19, tm_sec=45, tm_wday=5, tm_yday=91, tm_isdst=-1)",2023-04-01,2023,4,91,1,19,15,BUS02
2023-04-01 15:22:15,40.763706,-111.909569,1288.6,-9999.0,-9999.0,-9999.0,13.84,11.64,9.24,35.27,1.0,2.0,9.72,27.0,873.9,0.0,38.9,2.24,25.2,828.7,-9999.0,-9999.0,-9999.0,-9999.0,-9999.0,-9999.0,-9999.0,0.0,0,1,"time.struct_time(tm_year=2023, tm_mon=4, tm_mday=1, tm_hour=15, tm_min=22, tm_sec=15, tm_wday=5, tm_yday=91, tm_isdst=-1)",2023-04-01,2023,4,91,1,22,15,BUS02
2023-04-01 15:24:45,40.763706,-111.909569,1288.2,-9999.0,-9999.0,-9999.0,13.84,11.81,9.47,34.62,1.0,2.0,9.89,27.0,873.9,0.0,37.0,2.22,25.3,828.3,-9999.0,-9999.0,-9999.0,-9999.0,-9999.0,-9999.0,-9999.0,0.0,0,1,"time.struct_time(tm_year=2023, tm_mon=4, tm_mday=1, tm_hour=15, tm_min=24, tm_sec=45, tm_wday=5, tm_yday=91, tm_isdst=-1)",2023-04-01,2023,4,91,1,24,15,BUS02
2023-04-01 15:27:15,40.763702,-111.909569,1288.0,-9999.0,-9999.0,-9999.0,13.84,11.99,9.57,34.97,1.0,2.0,10.22,27.0,873.7,0.0,38.3,2.22,25.4,828.6,-9999.0,-9999.0,-9999.0,-9999.0,-9999.0,-9999.0,-9999.0,0.0,0,1,"time.struct_time(tm_year=2023, tm_mon=4, tm_mday=1, tm_hour=15, tm_min=27, tm_sec=15, tm_wday=5, tm_yday=91, tm_isdst=-1)",2023-04-01,2023,4,91,1,27,15,BUS02
2023-04-01 15:29:45,40.763706,-111.909569,1288.1,-9999.0,-9999.0,-9999.0,13.84,12.18,9.67,34.18,1.0,2.0,10.39,26.0,873.7,0.0,39.3,2.23,25.5,828.4,-9999.0,-9999.0,-9999.0,-9999.0,-9999.0,-9999.0,-9999.0,0.0,0,1,"time.struct_time(tm_year=2023, tm_mon=4, tm_mday=1, tm_hour=15, tm_min=29, tm_sec=45, tm_wday=5, tm_yday=91, tm_isdst=-1)",2023-04-01,2023,4,91,1,29,15,BUS02
2023-04-01 15:32:15,40.764915,-111.908134,1291.8,-9999.0,-9999.0,-9999.0,13.84,12.37,9.75,34.14,1.0,2.0,10.61,26.0,873.5,0.0,35.9,2.21,25.6,828.4,-9999.0,-9999.0,-9999.0,-9999.0,-9999.0,-9999.0,-9999.0,0.0,0,1,"time.struct_time(tm_year=2023, tm_mon=4, tm_mday=1, tm_hour=15, tm_min=32, tm_sec=15, tm_wday=5, tm_yday=91, tm_isdst=-1)",2023-04-01,2023,4,91,1,32,15,BUS02
2023-04-01 15:34:45,40.764912,-111.899071,1306.4,-9999.0,-9999.0,-9999.0,13.84,12.54,9.75,33.73,1.0,2.0,10.72,26.0,872.5,0.0,41.5,2.24,25.7,827.4,-9999.0,-9999.0,-9999.0,-9999.0,-9999.0,-9999.0,-9999.0,0.0,0,1,"time.struct_time(tm_year=2023, tm_mon=4, tm_mday=1, tm_hour=15, tm_min=34, tm_sec=45, tm_wday=5, tm_yday=91, tm_isdst=-1)",2023-04-01,2023,4,91,1,34,15,BUS02
2023-04-01 15:37:15,40.765091,-111.891609,1320.4,-9999.0,-9999.0,-9999.0,13.84,12.69,9.73,34.31,4.0,2.0,10.78,26.0,871.8,0.0,27.9,2.22,25.8,826.8,-9999.0,-9999.0,-9999.0,-9999.0,-9999.0,-9999.0,-9999.0,0.0,0,0,"time.struct_time(tm_year=2023, tm_mon=4, tm_mday=1, tm_hour=15, tm_min=37, tm_sec=15, tm_wday=5, tm_yday=91, tm_isdst=-1)",2023-04-01,2023,4,91,1,37,15,BUS02
2023-04-01 15:39:45,40.765095,-111.885925,1320.1,-9999.0,-9999.0,-9999.0,13.84,12.83,9.75,33.96,7.0,2.0,10.89,26.0,872.0,0.0,40.4,2.23,25.9,826.7,-9999.0,-9999.0,-9999.0,-9999.0,-9999.0,-9999.0,-9999.0,0.0,0,0,"time.struct_time(tm_year=2023, tm_mon=4, tm_mday=1, tm_hour=15, tm_min=39, tm_sec=45, tm_wday=5, tm_yday=91, tm_isdst=-1)",2023-04-01,2023,4,91,1,39,15,BUS02
2023-04-01 15:42:15,40.767124,-111.877274,1325.5,-9999.0,-9999.0,-9999.0,13.84,12.95,9.67,35.25,9.0,2.0,10.89,26.0,870.3,0.0,37.4,2.24,26.0,825.3,-9999.0,-9999.0,-9999.0,-9999.0,-9999.0,-9999.0,-9999.0,0.0,0,0,"time.struct_time(tm_year=2023, tm_mon=4, tm_mday=1, tm_hour=15, tm_min=42, tm_sec=15, tm_wday=5, tm_yday=91, tm_isdst=-1)",2023-04-01,2023,4,91,1,42,15,BUS02
2023-04-01 15:44:45,40.767166,-111.867111,1344.5,-9999.0,-9999.0,-9999.0,13.84,13.05,9.43,35.63,1.0,2.0,10.89,26.0,868.1,0.0,34.2,2.24,26.1,822.8,-9999.0,-9999.0,-9999.0,-9999.0,-9999.0,-9999.0,-9999.0,0.0,0,0,"time.struct_time(tm_year=2023, tm_mon=4, tm_mday=1, tm_hour=15, tm_min=44, tm_sec=45, tm_wday=5, tm_yday=91, tm_isdst=-1)",2023-04-01,2023,4,91,1,44,15,BUS02
2023-04-01 15:47:15,40.764969,-111.859802,1360.3,-9999.0,-9999.0,-9999.0,13.84,13.13,9.41,36.47,2.0,2.0,11.0,26.0,866.2,0.0,34.7,2.25,26.2,821.5,-9999.0,-9999.0,-9999.0,-9999.0,-9999.0,-9999.0,-9999.0,0.0,0,0,"time.struct_time(tm_year=2023, tm_mon=4, tm_mday=1, tm_hour=15, tm_min=47, tm_sec=15, tm_wday=5, tm_yday=91, tm_isdst=-1)",2023-04-01,2023,4,91,1,47,15,BUS02
2023-04-01 15:49:45,40.766987,-111.850883,1415.4,-9999.0,-9999.0,-9999.0,13.84,13.21,9.31,34.48,2.0,2.0,11.0,25.0,860.5,0.0,36.9,2.27,26.3,815.8,-9999.0,-9999.0,-9999.0,-9999.0,-9999.0,-9999.0,-9999.0,0.0,0,0,"time.struct_time(tm_year=2023, tm_mon=4, tm_mday=1, tm_hour=15, tm_min=49, tm_sec=45, tm_wday=5, tm_yday=91, tm_isdst=-1)",2023-04-01,2023,4,91,1,49,15,BUS02
2023-04-01 15:52:15,40.770634,-111.839836,1490.2,-9999.0,-9999.0,-9999.0,13.81,13.27,9.26,33.17,2.0,2.0,11.0,24.0,852.4,0.0,38.7,2.29,26.4,807.6,-9999.0,-9999.0,-9999.0,-9999.0,-9999.0,-9999.0,-9999.0,0.0,0,0,"time.struct_time(tm_year=2023, tm_mon=4, tm_mday=1, tm_hour=15, tm_min=52, tm_sec=15, tm_wday=5, tm_yday=91, tm_isdst=-1)",2023-04-01,2023,4,91,1,52,15,BUS02
2023-04-01 15:55:50,40.770157,-111.844894,1454.3,-9999.0,-9999.0,-9999.0,13.81,13.35,9.41,32.89,3.0,2.0,11.0,24.0,855.7,0.0,44.4,2.27,26.5,811.1,-9999.0,-9999.0,-9999.0,-9999.0,-9999.0,-9999.0,-9999.0,0.0,0,0,"time.struct_time(tm_year=2023, tm_mon=4, tm_mday=1, tm_hour=15, tm_min=55, tm_sec=50, tm_wday=5, tm_yday=91, tm_isdst=-1)",2023-04-01,2023,4,91,1,55,15,BUS02
2023-04-01 15:58:20,40.765862,-111.852394,1407.4,-9999.0,-9999.0,-9999.0,13.8,13.4,9.49,34.35,1.0,2.0,11.0,24.0,861.1,0.0,35.0,2.27,26.6,816.3,-9999.0,-9999.0,-9999.0,-9999.0,-9999.0,-9999.0,-9999.0,0.0,0,0,"time.struct_time(tm_year=2023, tm_mon=4, tm_mday=1, tm_hour=15, tm_min=58, tm_sec=20, tm_wday=5, tm_yday=91, tm_isdst=-1)",2023-04-01,2023,4,91,1,58,15,BUS02
2023-04-01 16:00:50,40.765026,-111.861725,1350.7,-9999.0,-9999.0,-9999.0,13.8,13.46,10.03,33.49,1.0,2.0,11.0,24.0,866.9,0.0,42.7,2.23,26.6,822.0,-9999.0,-9999.0,-9999.0,-9999.0,-9999.0,-9999.0,-9999.0,0.0,0,0,"time.struct_time(tm_year=2023, tm_mon=4, tm_mday=1, tm_hour=16, tm_min=0, tm_sec=50, tm_wday=5, tm_yday=91, tm_isdst=-1)",2023-04-01,2023,4,91,1,0,16,BUS02
2023-04-01 16:03:20,40.767204,-111.870735,1333.6,-9999.0,-9999.0,-9999.0,13.8,13.54,10.26,32.72,2.0,2.0,11.11,24.0,868.7,0.0,29.2,2.24,26.7,823.6,-9999.0,-9999.0,-9999.0,-9999.0,-9999.0,-9999.0,-9999.0,0.0,0,0,"time.struct_time(tm_year=2023, tm_mon=4, tm_mday=1, tm_hour=16, tm_min=3, tm_sec=20, tm_wday=5, tm_yday=91, tm_isdst=-1)",2023-04-01,2023,4,91,1,3,16,BUS02
2023-04-01 16:05:50,40.765003,-111.88546,1314.2,-9999.0,-9999.0,-9999.0,13.81,13.63,10.68,31.6,5.0,2.0,11.22,24.0,871.7,0.0,37.8,2.21,26.8,826.8,-9999.0,-9999.0,-9999.0,-9999.0,-9999.0,-9999.0,-9999.0,0.0,0,0,"time.struct_time(tm_year=2023, tm_mon=4, tm_mday=1, tm_hour=16, tm_min=5, tm_sec=50, tm_wday=5, tm_yday=91, tm_isdst=-1)",2023-04-01,2023,4,91,1,5,16,BUS02
2023-04-01 16:08:20,40.764969,-111.893532,1322.7,-9999.0,-9999.0,-9999.0,13.81,13.73,11.32,30.63,3.0,2.0,11.39,24.0,871.7,0.0,32.9,2.21,26.9,826.4,-9999.0,-9999.0,-9999.0,-9999.0,-9999.0,-9999.0,-9999.0,0.0,0,1,"time.struct_time(tm_year=2023, tm_mon=4, tm_mday=1, tm_hour=16, tm_min=8, tm_sec=20, tm_wday=5, tm_yday=91, tm_isdst=-1)",2023-04-01,2023,4,91,1,8,16,BUS02
2023-04-01 16:10:50,40.765034,-111.906525,1290.3,-9999.0,-9999.0,-9999.0,13.81,13.85,11.79,29.13,1.0,2.0,11.61,24.0,873.2,0.0,40.1,2.23,27.0,828.1,-9999.0,-9999.0,-9999.0,-9999.0,-9999.0,-9999.0,-9999.0,0.0,0,1,"time.struct_time(tm_year=2023, tm_mon=4, tm_mday=1, tm_hour=16, tm_min=10, tm_sec=50, tm_wday=5, tm_yday=91, tm_isdst=-1)",2023-04-01,2023,4,91,1,10,16,BUS02
2023-04-01 16:13:20,40.763515,-111.909447,1293.8,-9999.0,-9999.0,-9999.0,13.8,13.99,12.11,27.63,1.0,2.0,11.89,23.0,873.5,0.0,40.7,2.24,27.0,828.1,-9999.0,-9999.0,-9999.0,-9999.0,-9999.0,-9999.0,-9999.0,0.0,0,1,"time.struct_time(tm_year=2023, tm_mon=4, tm_mday=1, tm_hour=16, tm_min=13, tm_sec=20, tm_wday=5, tm_yday=91, tm_isdst=-1)",2023-04-01,2023,4,91,1,13,16,BUS02
2023-04-01 16:15:50,40.763515,-111.909447,1293.8,-9999.0,-9999.0,-9999.0,13.81,14.14,12.29,27.6,1.0,2.0,12.11,23.0,873.3,0.0,41.9,2.22,27.1,828.5,-9999.0,-9999.0,-9999.0,-9999.0,-9999.0,-9999.0,-9999.0,0.0,0,1,"time.struct_time(tm_year=2023, tm_mon=4, tm_mday=1, tm_hour=16, tm_min=15, tm_sec=50, tm_wday=5, tm_yday=91, tm_isdst=-1)",2023-04-01,2023,4,91,1,15,16,BUS02
2023-04-01 16:18:20,40.763515,-111.909447,1293.7,-9999.0,-9999.0,-9999.0,13.8,14.3,12.45,28.16,1.0,2.0,12.39,23.0,873.3,0.0,39.6,2.23,27.2,828.1,-9999.0,-9999.0,-9999.0,-9999.0,-9999.0,-9999.0,-9999.0,0.0,0,1,"time.struct_time(tm_year=2023, tm_mon=4, tm_mday=1, tm_hour=16, tm_min=18, tm_sec=20, tm_wday=5, tm_yday=91, tm_isdst=-1)",2023-04-01,2023,4,91,1,18,16,BUS02
2023-04-01 16:20:50,40.763519,-111.909447,1293.7,-9999.0,-9999.0,-9999.0,13.81,14.48,12.74,26.93,1.0,2.0,12.61,23.0,873.3,0.0,41.5,2.23,27.3,828.3,-9999.0,-9999.0,-9999.0,-9999.0,-9999.0,-9999.0,-9999.0,0.0,0,1,"time.struct_time(tm_year=2023, tm_mon=4, tm_mday=1, tm_hour=16, tm_min=20, tm_sec=50, tm_wday=5, tm_yday=91, tm_isdst=-1)",2023-04-01,2023,4,91,1,20,16,BUS02
2023-04-01 16:23:20,40.763519,-111.909447,1293.6,-9999.0,-9999.0,-9999.0,13.81,14.66,12.71,26.36,1.0,2.0,12.78,22.0,873.2,0.0,43.9,2.25,27.4,828.1,-9999.0,-9999.0,-9999.0,-9999.0,-9999.0,-9999.0,-9999.0,0.0,0,1,"time.struct_time(tm_year=2023, tm_mon=4, tm_mday=1, tm_hour=16, tm_min=23, tm_sec=20, tm_wday=5, tm_yday=91, tm_isdst=-1)",2023-04-01,2023,4,91,1,23,16,BUS02
2023-04-01 16:25:50,40.763519,-111.909447,1293.4,-9999.0,-9999.0,-9999.0,13.81,14.84,12.72,26.14,1.0,2.0,13.0,22.0,873.2,0.0,40.8,2.25,27.5,828.3,-9999.0,-9999.0,-9999.0,-9999.0,-9999.0,-9999.0,-9999.0,0.0,0,1,"time.struct_time(tm_year=2023, tm_mon=4, tm_mday=1, tm_hour=16, tm_min=25, tm_sec=50, tm_wday=5, tm_yday=91, tm_isdst=-1)",2023-04-01,2023,4,91,1,25,16,BUS02
2023-04-01 16:28:20,40.763519,-111.909447,1293.5,-9999.0,-9999.0,-9999.0,13.81,15.02,13.02,25.52,1.0,2.0,13.11,22.0,873.1,0.0,40.0,2.24,27.6,828.0,-9999.0,-9999.0,-9999.0,-9999.0,-9999.0,-9999.0,-9999.0,0.0,0,1,"time.struct_time(tm_year=2023, tm_mon=4, tm_mday=1, tm_hour=16, tm_min=28, tm_sec=20, tm_wday=5, tm_yday=91, tm_isdst=-1)",2023-04-01,2023,4,91,1,28,16,BUS02
