Timestamp_UTC,Latitude_ddeg,Longitude_ddeg,Elevation_m,GPS_Speed_m/s,GPS_Direction_deg,GPS_RMC_Valid_binary,Battery_Voltage_volts,Bus_Box_Temperature_degC,Bus_Top_Temperature_degC,Bus_Top_Relative_Humidity_%,ES642_PM2.5_Concentration_ug/m3,ES642_Air_Flow_Rate_L/min,ES642_Internal_Air_Temperature_degC,ES642_Internal_Relative_Humidity_%,ES642_Internal_Air_Pressure_hpa,ES642_Error_Code_code,2B_Ozone_Concentration_ppbv,2B_Air_Flow_Rate_L/min,2B_Internal_Air_Temperature_degC,2B_Internal_Air_Pressure_hpa,2B405_NO_Concentration_ppbv,2B405_NO2_Concentration_ppbv,2B405_NOX_Concentration_ppbv,2B405_Internal_Air_Temperature_degC,2B405_Internal_Air_Pressure_hpa,2B405_Air_Flow_Rate_L/min,2B405_Cell_O3_Flow_Rate_mL/min,PM2.5_Data_Flagged_binary,Ozone_Data_Flagged_binary,GPS_Data_Flagged_binary,Time_Tuple,Date,Year,Month,Day_of_Year,Day_of_Month,Minute
2022-04-01 00:00:00,40.765499,-111.90844,1307.4,-9999.0,-9999.0,-9999.0,13.63,27.3,22.94,22.12,2.0,2.0,26.0,16.0,868.7,0.0,-3.5,2.26,40.2,820.6,-9999.0,-9999.0,-9999.0,-9999.0,-9999.0,-9999.0,-9999.0,0.0,0,1,"time.struct_time(tm_year=2022, tm_mon=4, tm_mday=1, tm_hour=0, tm_min=0, tm_sec=0, tm_wday=4, tm_yday=91, tm_isdst=-1)",2022-04-01,2022,4,91,1,0
2022-04-01 00:02:30,40.765694,-111.90873,1308.1,-9999.0,-9999.0,-9999.0,13.63,27.32,22.94,22.15,2.0,2.0,26.0,16.0,868.5,0.0,0.1,2.25,40.2,821.2,-9999.0,-9999.0,-9999.0,-9999.0,-9999.0,-9999.0,-9999.0,0.0,0,1,"time.struct_time(tm_year=2022, tm_mon=4, tm_mday=1, tm_hour=0, tm_min=2, tm_sec=30, tm_wday=4, tm_yday=91, tm_isdst=-1)",2022-04-01,2022,4,91,1,2
2022-04-01 00:05:00,40.765659,-111.908287,1307.9,-9999.0,-9999.0,-9999.0,13.63,27.33,22.95,22.07,2.0,2.0,26.0,16.0,868.7,0.0,-2.1,2.25,40.2,820.6,-9999.0,-9999.0,-9999.0,-9999.0,-9999.0,-9999.0,-9999.0,0.0,0,0,"time.struct_time(tm_year=2022, tm_mon=4, tm_mday=1, tm_hour=0, tm_min=5, tm_sec=0, tm_wday=4, tm_yday=91, tm_isdst=-1)",2022-04-01,2022,4,91,1,5
2022-04-01 00:07:30,40.76569,-111.908272,1309.1,-9999.0,-9999.0,-9999.0,13.63,27.34,22.96,22.1,2.0,2.0,26.11,16.0,868.6,0.0,-3.1,2.26,40.2,821.2,-9999.0,-9999.0,-9999.0,-9999.0,-9999.0,-9999.0,-9999.0,0.0,0,0,"time.struct_time(tm_year=2022, tm_mon=4, tm_mday=1, tm_hour=0, tm_min=7, tm_sec=30, tm_wday=4, tm_yday=91, tm_isdst=-1)",2022-04-01,2022,4,91,1,7
2022-04-01 00:10:00,40.765781,-111.90815,1310.9,-9999.0,-9999.0,-9999.0,13.63,27.35,22.98,22.08,1.0,2.0,26.0,16.0,868.8,0.0,-0.4,2.25,40.2,820.6,-9999.0,-9999.0,-9999.0,-9999.0,-9999.0,-9999.0,-9999.0,0.0,0,0,"time.struct_time(tm_year=2022, tm_mon=4, tm_mday=1, tm_hour=0, tm_min=10, tm_sec=0, tm_wday=4, tm_yday=91, tm_isdst=-1)",2022-04-01,2022,4,91,1,10
2022-04-01 00:12:30,40.765598,-111.908295,1317.1,-9999.0,-9999.0,-9999.0,13.63,27.36,23.0,21.96,1.0,2.0,26.11,16.0,868.7,0.0,-1.4,2.25,40.2,821.1,-9999.0,-9999.0,-9999.0,-9999.0,-9999.0,-9999.0,-9999.0,0.0,0,0,"time.struct_time(tm_year=2022, tm_mon=4, tm_mday=1, tm_hour=0, tm_min=12, tm_sec=30, tm_wday=4, tm_yday=91, tm_isdst=-1)",2022-04-01,2022,4,91,1,12
2022-04-01 00:15:00,40.765629,-111.908325,1324.7,-9999.0,-9999.0,-9999.0,13.63,27.38,23.01,22.01,1.0,2.0,26.11,16.0,868.6,0.0,0.6,2.25,40.3,820.7,-9999.0,-9999.0,-9999.0,-9999.0,-9999.0,-9999.0,-9999.0,0.0,0,0,"time.struct_time(tm_year=2022, tm_mon=4, tm_mday=1, tm_hour=0, tm_min=15, tm_sec=0, tm_wday=4, tm_yday=91, tm_isdst=-1)",2022-04-01,2022,4,91,1,15
2022-04-01 00:17:30,40.765743,-111.90818,1329.9,-9999.0,-9999.0,-9999.0,13.63,27.39,22.98,21.92,1.0,2.0,26.11,16.0,868.7,0.0,-2.5,2.25,40.3,821.3,-9999.0,-9999.0,-9999.0,-9999.0,-9999.0,-9999.0,-9999.0,0.0,0,0,"time.struct_time(tm_year=2022, tm_mon=4, tm_mday=1, tm_hour=0, tm_min=17, tm_sec=30, tm_wday=4, tm_yday=91, tm_isdst=-1)",2022-04-01,2022,4,91,1,17
2022-04-01 00:20:00,40.765793,-111.90834,1328.0,-9999.0,-9999.0,-9999.0,13.63,27.4,23.01,21.86,1.0,2.0,26.11,16.0,868.6,0.0,-0.6,2.25,40.3,820.7,-9999.0,-9999.0,-9999.0,-9999.0,-9999.0,-9999.0,-9999.0,0.0,0,0,"time.struct_time(tm_year=2022, tm_mon=4, tm_mday=1, tm_hour=0, tm_min=20, tm_sec=0, tm_wday=4, tm_yday=91, tm_isdst=-1)",2022-04-01,2022,4,91,1,20
2022-04-01 00:22:30,40.765678,-111.908569,1325.9,-9999.0,-9999.0,-9999.0,13.63,27.41,23.03,21.53,2.0,2.0,26.11,16.0,868.6,0.0,2.0,2.24,40.3,821.2,-9999.0,-9999.0,-9999.0,-9999.0,-9999.0,-9999.0,-9999.0,0.0,0,0,"time.struct_time(tm_year=2022, tm_mon=4, tm_mday=1, tm_hour=0, tm_min=22, tm_sec=30, tm_wday=4, tm_yday=91, tm_isdst=-1)",2022-04-01,2022,4,91,1,22
2022-04-01 00:25:00,40.765671,-111.908546,1320.0,-9999.0,-9999.0,-9999.0,13.63,27.42,23.03,21.61,2.0,2.0,26.11,16.0,868.7,0.0,-2.0,2.25,40.3,820.6,-9999.0,-9999.0,-9999.0,-9999.0,-9999.0,-9999.0,-9999.0,0.0,0,0,"time.struct_time(tm_year=2022, tm_mon=4, tm_mday=1, tm_hour=0, tm_min=25, tm_sec=0, tm_wday=4, tm_yday=91, tm_isdst=-1)",2022-04-01,2022,4,91,1,25
2022-04-01 00:27:30,40.765732,-111.908508,1316.3,-9999.0,-9999.0,-9999.0,13.63,27.43,23.02,21.5,2.0,2.0,26.22,16.0,868.6,0.0,-0.2,2.25,40.3,821.2,-9999.0,-9999.0,-9999.0,-9999.0,-9999.0,-9999.0,-9999.0,0.0,0,0,"time.struct_time(tm_year=2022, tm_mon=4, tm_mday=1, tm_hour=0, tm_min=27, tm_sec=30, tm_wday=4, tm_yday=91, tm_isdst=-1)",2022-04-01,2022,4,91,1,27
2022-04-01 00:30:00,40.765781,-111.908775,1308.0,-9999.0,-9999.0,-9999.0,13.63,27.44,23.05,21.46,2.0,2.0,26.11,16.0,868.8,0.0,-1.2,2.24,40.3,820.6,-9999.0,-9999.0,-9999.0,-9999.0,-9999.0,-9999.0,-9999.0,0.0,0,0,"time.struct_time(tm_year=2022, tm_mon=4, tm_mday=1, tm_hour=0, tm_min=30, tm_sec=0, tm_wday=4, tm_yday=91, tm_isdst=-1)",2022-04-01,2022,4,91,1,30
2022-04-01 00:32:30,40.765747,-111.908722,1299.7,-9999.0,-9999.0,-9999.0,13.63,27.45,23.04,21.38,2.0,2.0,26.11,16.0,868.9,0.0,0.8,2.26,40.3,821.1,-9999.0,-9999.0,-9999.0,-9999.0,-9999.0,-9999.0,-9999.0,0.0,0,0,"time.struct_time(tm_year=2022, tm_mon=4, tm_mday=1, tm_hour=0, tm_min=32, tm_sec=30, tm_wday=4, tm_yday=91, tm_isdst=-1)",2022-04-01,2022,4,91,1,32
2022-04-01 00:35:00,40.765652,-111.908882,1296.7,-9999.0,-9999.0,-9999.0,13.63,27.45,23.05,21.41,2.0,2.0,26.11,16.0,868.8,0.0,-1.0,2.24,40.3,820.7,-9999.0,-9999.0,-9999.0,-9999.0,-9999.0,-9999.0,-9999.0,0.0,0,0,"time.struct_time(tm_year=2022, tm_mon=4, tm_mday=1, tm_hour=0, tm_min=35, tm_sec=0, tm_wday=4, tm_yday=91, tm_isdst=-1)",2022-04-01,2022,4,91,1,35
2022-04-01 00:37:30,40.765659,-111.908813,1301.0,-9999.0,-9999.0,-9999.0,13.63,27.46,23.03,21.22,1.0,2.0,26.22,16.0,868.9,0.0,-0.8,2.26,40.4,821.2,-9999.0,-9999.0,-9999.0,-9999.0,-9999.0,-9999.0,-9999.0,0.0,0,0,"time.struct_time(tm_year=2022, tm_mon=4, tm_mday=1, tm_hour=0, tm_min=37, tm_sec=30, tm_wday=4, tm_yday=91, tm_isdst=-1)",2022-04-01,2022,4,91,1,37
2022-04-01 00:40:00,40.765778,-111.90876,1301.5,-9999.0,-9999.0,-9999.0,13.63,27.47,23.02,21.2,2.0,2.0,26.22,16.0,868.8,0.0,1.5,2.25,40.4,820.7,-9999.0,-9999.0,-9999.0,-9999.0,-9999.0,-9999.0,-9999.0,0.0,0,0,"time.struct_time(tm_year=2022, tm_mon=4, tm_mday=1, tm_hour=0, tm_min=40, tm_sec=0, tm_wday=4, tm_yday=91, tm_isdst=-1)",2022-04-01,2022,4,91,1,40
2022-04-01 00:42:30,40.765816,-111.908707,1300.8,-9999.0,-9999.0,-9999.0,13.63,27.48,23.03,21.1,2.0,2.0,26.22,16.0,868.9,0.0,-0.2,2.26,40.4,821.3,-9999.0,-9999.0,-9999.0,-9999.0,-9999.0,-9999.0,-9999.0,0.0,0,0,"time.struct_time(tm_year=2022, tm_mon=4, tm_mday=1, tm_hour=0, tm_min=42, tm_sec=30, tm_wday=4, tm_yday=91, tm_isdst=-1)",2022-04-01,2022,4,91,1,42
2022-04-01 00:45:00,40.765839,-111.90876,1292.7,-9999.0,-9999.0,-9999.0,13.63,27.48,23.03,21.0,2.0,2.0,26.22,16.0,868.9,0.0,-0.5,2.25,40.4,820.8,-9999.0,-9999.0,-9999.0,-9999.0,-9999.0,-9999.0,-9999.0,0.0,0,0,"time.struct_time(tm_year=2022, tm_mon=4, tm_mday=1, tm_hour=0, tm_min=45, tm_sec=0, tm_wday=4, tm_yday=91, tm_isdst=-1)",2022-04-01,2022,4,91,1,45
2022-04-01 00:47:30,40.765831,-111.9086,1292.5,-9999.0,-9999.0,-9999.0,13.63,27.49,23.0,20.92,1.0,2.0,26.22,16.0,868.8,0.0,1.3,2.27,40.4,821.3,-9999.0,-9999.0,-9999.0,-9999.0,-9999.0,-9999.0,-9999.0,0.0,0,0,"time.struct_time(tm_year=2022, tm_mon=4, tm_mday=1, tm_hour=0, tm_min=47, tm_sec=30, tm_wday=4, tm_yday=91, tm_isdst=-1)",2022-04-01,2022,4,91,1,47
2022-04-01 00:50:00,40.765797,-111.9086,1293.6,-9999.0,-9999.0,-9999.0,13.63,27.5,22.99,20.98,2.0,2.0,26.22,16.0,868.7,0.0,2.2,2.25,40.4,820.8,-9999.0,-9999.0,-9999.0,-9999.0,-9999.0,-9999.0,-9999.0,0.0,0,0,"time.struct_time(tm_year=2022, tm_mon=4, tm_mday=1, tm_hour=0, tm_min=50, tm_sec=0, tm_wday=4, tm_yday=91, tm_isdst=-1)",2022-04-01,2022,4,91,1,50
2022-04-01 00:52:30,40.765831,-111.908669,1292.3,-9999.0,-9999.0,-9999.0,13.63,27.5,22.98,21.01,2.0,2.0,26.22,16.0,868.6,0.0,0.0,2.25,40.4,821.2,-9999.0,-9999.0,-9999.0,-9999.0,-9999.0,-9999.0,-9999.0,0.0,0,0,"time.struct_time(tm_year=2022, tm_mon=4, tm_mday=1, tm_hour=0, tm_min=52, tm_sec=30, tm_wday=4, tm_yday=91, tm_isdst=-1)",2022-04-01,2022,4,91,1,52
2022-04-01 00:55:00,40.765728,-111.908669,1292.6,-9999.0,-9999.0,-9999.0,13.63,27.51,22.97,21.02,1.0,2.0,26.22,16.0,868.6,0.0,-0.1,2.25,40.4,820.8,-9999.0,-9999.0,-9999.0,-9999.0,-9999.0,-9999.0,-9999.0,0.0,0,0,"time.struct_time(tm_year=2022, tm_mon=4, tm_mday=1, tm_hour=0, tm_min=55, tm_sec=0, tm_wday=4, tm_yday=91, tm_isdst=-1)",2022-04-01,2022,4,91,1,55
2022-04-01 00:57:30,40.765808,-111.908653,1294.4,-9999.0,-9999.0,-9999.0,13.63,27.51,22.95,20.87,1.0,2.0,26.22,16.0,868.7,0.0,1.7,2.25,40.4,821.1,-9999.0,-9999.0,-9999.0,-9999.0,-9999.0,-9999.0,-9999.0,0.0,0,0,"time.struct_time(tm_year=2022, tm_mon=4, tm_mday=1, tm_hour=0, tm_min=57, tm_sec=30, tm_wday=4, tm_yday=91, tm_isdst=-1)",2022-04-01,2022,4,91,1,57
2022-04-01 01:01:05,40.765766,-111.908562,1299.8,-9999.0,-9999.0,-9999.0,13.63,27.52,22.92,20.73,2.0,2.0,26.22,16.0,868.9,0.0,-1.7,2.25,40.4,820.7,-9999.0,-9999.0,-9999.0,-9999.0,-9999.0,-9999.0,-9999.0,0.0,0,0,"time.struct_time(tm_year=2022, tm_mon=4, tm_mday=1, tm_hour=1, tm_min=1, tm_sec=5, tm_wday=4, tm_yday=91, tm_isdst=-1)",2022-04-01,2022,4,91,1,1
2022-04-01 01:03:35,40.765568,-111.908691,1300.6,-9999.0,-9999.0,-9999.0,13.63,27.52,22.92,20.82,2.0,2.0,26.22,16.0,868.7,0.0,-1.4,2.25,40.4,821.2,-9999.0,-9999.0,-9999.0,-9999.0,-9999.0,-9999.0,-9999.0,0.0,0,0,"time.struct_time(tm_year=2022, tm_mon=4, tm_mday=1, tm_hour=1, tm_min=3, tm_sec=35, tm_wday=4, tm_yday=91, tm_isdst=-1)",2022-04-01,2022,4,91,1,3
2022-04-01 01:06:05,40.765633,-111.908432,1301.5,-9999.0,-9999.0,-9999.0,13.63,27.52,22.91,20.64,2.0,2.0,26.22,15.0,868.8,0.0,1.4,2.24,40.4,820.7,-9999.0,-9999.0,-9999.0,-9999.0,-9999.0,-9999.0,-9999.0,0.0,0,0,"time.struct_time(tm_year=2022, tm_mon=4, tm_mday=1, tm_hour=1, tm_min=6, tm_sec=5, tm_wday=4, tm_yday=91, tm_isdst=-1)",2022-04-01,2022,4,91,1,6
2022-04-01 01:08:35,40.765816,-111.908524,1304.3,-9999.0,-9999.0,-9999.0,13.63,27.53,22.88,20.57,2.0,2.0,26.22,15.0,868.6,0.0,-2.2,2.26,40.4,820.6,-9999.0,-9999.0,-9999.0,-9999.0,-9999.0,-9999.0,-9999.0,0.0,0,0,"time.struct_time(tm_year=2022, tm_mon=4, tm_mday=1, tm_hour=1, tm_min=8, tm_sec=35, tm_wday=4, tm_yday=91, tm_isdst=-1)",2022-04-01,2022,4,91,1,8
2022-04-01 01:11:05,40.765575,-111.908577,1303.0,-9999.0,-9999.0,-9999.0,13.63,27.53,22.9,20.47,2.0,2.0,26.22,15.0,868.7,0.0,-0.4,2.25,40.4,820.6,-9999.0,-9999.0,-9999.0,-9999.0,-9999.0,-9999.0,-9999.0,0.0,0,0,"time.struct_time(tm_year=2022, tm_mon=4, tm_mday=1, tm_hour=1, tm_min=11, tm_sec=5, tm_wday=4, tm_yday=91, tm_isdst=-1)",2022-04-01,2022,4,91,1,11
2022-04-01 01:13:35,40.765869,-111.908699,1301.5,-9999.0,-9999.0,-9999.0,13.63,27.54,22.89,20.48,2.0,2.0,26.22,15.0,868.7,0.0,1.7,2.26,40.4,820.6,-9999.0,-9999.0,-9999.0,-9999.0,-9999.0,-9999.0,-9999.0,0.0,0,0,"time.struct_time(tm_year=2022, tm_mon=4, tm_mday=1, tm_hour=1, tm_min=13, tm_sec=35, tm_wday=4, tm_yday=91, tm_isdst=-1)",2022-04-01,2022,4,91,1,13
2022-04-01 01:16:05,40.765656,-111.90844,1304.8,-9999.0,-9999.0,-9999.0,13.63,27.54,22.86,20.5,2.0,2.0,26.22,15.0,868.5,0.0,0.1,2.26,40.4,820.6,-9999.0,-9999.0,-9999.0,-9999.0,-9999.0,-9999.0,-9999.0,0.0,0,0,"time.struct_time(tm_year=2022, tm_mon=4, tm_mday=1, tm_hour=1, tm_min=16, tm_sec=5, tm_wday=4, tm_yday=91, tm_isdst=-1)",2022-04-01,2022,4,91,1,16
2022-04-01 01:18:35,40.765495,-111.908325,1304.5,-9999.0,-9999.0,-9999.0,13.63,27.54,22.86,20.52,2.0,2.0,26.22,15.0,868.6,0.0,-2.0,2.24,40.4,820.5,-9999.0,-9999.0,-9999.0,-9999.0,-9999.0,-9999.0,-9999.0,0.0,0,0,"time.struct_time(tm_year=2022, tm_mon=4, tm_mday=1, tm_hour=1, tm_min=18, tm_sec=35, tm_wday=4, tm_yday=91, tm_isdst=-1)",2022-04-01,2022,4,91,1,18
2022-04-01 01:21:05,40.765873,-111.908569,1302.9,-9999.0,-9999.0,-9999.0,13.63,27.55,22.86,20.48,2.0,2.0,26.22,15.0,868.5,0.0,1.0,2.26,40.5,820.5,-9999.0,-9999.0,-9999.0,-9999.0,-9999.0,-9999.0,-9999.0,0.0,0,0,"time.struct_time(tm_year=2022, tm_mon=4, tm_mday=1, tm_hour=1, tm_min=21, tm_sec=5, tm_wday=4, tm_yday=91, tm_isdst=-1)",2022-04-01,2022,4,91,1,21
2022-04-01 01:23:35,40.765926,-111.908653,1306.7,-9999.0,-9999.0,-9999.0,13.63,27.55,22.84,20.47,2.0,2.0,26.22,15.0,868.5,0.0,1.4,2.25,40.5,820.5,-9999.0,-9999.0,-9999.0,-9999.0,-9999.0,-9999.0,-9999.0,0.0,0,0,"time.struct_time(tm_year=2022, tm_mon=4, tm_mday=1, tm_hour=1, tm_min=23, tm_sec=35, tm_wday=4, tm_yday=91, tm_isdst=-1)",2022-04-01,2022,4,91,1,23
2022-04-01 01:26:05,40.765598,-111.908386,1303.5,-9999.0,-9999.0,-9999.0,13.63,27.55,22.84,20.49,2.0,2.0,26.22,15.0,868.6,0.0,0.6,2.26,40.5,820.4,-9999.0,-9999.0,-9999.0,-9999.0,-9999.0,-9999.0,-9999.0,0.0,0,0,"time.struct_time(tm_year=2022, tm_mon=4, tm_mday=1, tm_hour=1, tm_min=26, tm_sec=5, tm_wday=4, tm_yday=91, tm_isdst=-1)",2022-04-01,2022,4,91,1,26
2022-04-01 01:28:35,40.765572,-111.908333,1308.3,-9999.0,-9999.0,-9999.0,13.63,27.55,22.84,20.41,2.0,2.0,26.22,15.0,868.3,0.0,-0.8,2.26,40.5,820.5,-9999.0,-9999.0,-9999.0,-9999.0,-9999.0,-9999.0,-9999.0,0.0,0,0,"time.struct_time(tm_year=2022, tm_mon=4, tm_mday=1, tm_hour=1, tm_min=28, tm_sec=35, tm_wday=4, tm_yday=91, tm_isdst=-1)",2022-04-01,2022,4,91,1,28
2022-04-01 01:31:05,40.765556,-111.90863,1310.1,-9999.0,-9999.0,-9999.0,13.63,27.56,22.86,20.52,2.0,2.0,26.22,15.0,868.4,0.0,1.4,2.25,40.5,820.4,-9999.0,-9999.0,-9999.0,-9999.0,-9999.0,-9999.0,-9999.0,0.0,0,0,"time.struct_time(tm_year=2022, tm_mon=4, tm_mday=1, tm_hour=1, tm_min=31, tm_sec=5, tm_wday=4, tm_yday=91, tm_isdst=-1)",2022-04-01,2022,4,91,1,31
2022-04-01 01:33:35,40.765472,-111.908508,1305.6,-9999.0,-9999.0,-9999.0,13.63,27.56,22.8,20.39,2.0,2.0,26.22,15.0,868.5,0.0,-0.3,2.24,40.5,820.4,-9999.0,-9999.0,-9999.0,-9999.0,-9999.0,-9999.0,-9999.0,0.0,0,0,"time.struct_time(tm_year=2022, tm_mon=4, tm_mday=1, tm_hour=1, tm_min=33, tm_sec=35, tm_wday=4, tm_yday=91, tm_isdst=-1)",2022-04-01,2022,4,91,1,33
2022-04-01 01:36:05,40.76553,-111.908508,1302.3,-9999.0,-9999.0,-9999.0,13.63,27.56,22.79,20.3,1.0,2.0,26.22,15.0,868.5,0.0,0.8,2.26,40.5,820.3,-9999.0,-9999.0,-9999.0,-9999.0,-9999.0,-9999.0,-9999.0,0.0,0,0,"time.struct_time(tm_year=2022, tm_mon=4, tm_mday=1, tm_hour=1, tm_min=36, tm_sec=5, tm_wday=4, tm_yday=91, tm_isdst=-1)",2022-04-01,2022,4,91,1,36
2022-04-01 01:38:35,40.765518,-111.908508,1299.1,-9999.0,-9999.0,-9999.0,13.63,27.56,22.78,20.32,2.0,2.0,26.22,15.0,868.3,0.0,0.0,2.26,40.5,820.3,-9999.0,-9999.0,-9999.0,-9999.0,-9999.0,-9999.0,-9999.0,0.0,0,0,"time.struct_time(tm_year=2022, tm_mon=4, tm_mday=1, tm_hour=1, tm_min=38, tm_sec=35, tm_wday=4, tm_yday=91, tm_isdst=-1)",2022-04-01,2022,4,91,1,38
2022-04-01 01:41:05,40.765644,-111.908478,1298.9,-9999.0,-9999.0,-9999.0,13.63,27.56,22.83,20.36,2.0,2.0,26.22,15.0,868.4,0.0,1.3,2.25,40.5,820.3,-9999.0,-9999.0,-9999.0,-9999.0,-9999.0,-9999.0,-9999.0,0.0,0,0,"time.struct_time(tm_year=2022, tm_mon=4, tm_mday=1, tm_hour=1, tm_min=41, tm_sec=5, tm_wday=4, tm_yday=91, tm_isdst=-1)",2022-04-01,2022,4,91,1,41
2022-04-01 01:43:35,40.765663,-111.908554,1299.9,-9999.0,-9999.0,-9999.0,13.63,27.56,22.76,20.4,2.0,2.0,26.22,15.0,868.3,0.0,1.1,2.26,40.5,820.3,-9999.0,-9999.0,-9999.0,-9999.0,-9999.0,-9999.0,-9999.0,0.0,0,0,"time.struct_time(tm_year=2022, tm_mon=4, tm_mday=1, tm_hour=1, tm_min=43, tm_sec=35, tm_wday=4, tm_yday=91, tm_isdst=-1)",2022-04-01,2022,4,91,1,43
2022-04-01 01:46:05,40.765701,-111.908669,1294.9,-9999.0,-9999.0,-9999.0,13.63,27.56,22.76,20.46,2.0,2.0,26.22,15.0,868.3,0.0,2.0,2.25,40.5,820.3,-9999.0,-9999.0,-9999.0,-9999.0,-9999.0,-9999.0,-9999.0,0.0,0,0,"time.struct_time(tm_year=2022, tm_mon=4, tm_mday=1, tm_hour=1, tm_min=46, tm_sec=5, tm_wday=4, tm_yday=91, tm_isdst=-1)",2022-04-01,2022,4,91,1,46
2022-04-01 01:48:35,40.765774,-111.908524,1294.9,-9999.0,-9999.0,-9999.0,13.63,27.56,22.75,20.4,2.0,2.0,26.22,15.0,868.3,0.0,1.7,2.25,40.5,820.3,-9999.0,-9999.0,-9999.0,-9999.0,-9999.0,-9999.0,-9999.0,0.0,0,0,"time.struct_time(tm_year=2022, tm_mon=4, tm_mday=1, tm_hour=1, tm_min=48, tm_sec=35, tm_wday=4, tm_yday=91, tm_isdst=-1)",2022-04-01,2022,4,91,1,48
2022-04-01 01:51:05,40.765724,-111.908493,1293.8,-9999.0,-9999.0,-9999.0,13.63,27.56,22.77,20.46,1.0,2.0,26.22,15.0,868.2,0.0,-1.6,2.26,40.5,820.3,-9999.0,-9999.0,-9999.0,-9999.0,-9999.0,-9999.0,-9999.0,0.0,0,0,"time.struct_time(tm_year=2022, tm_mon=4, tm_mday=1, tm_hour=1, tm_min=51, tm_sec=5, tm_wday=4, tm_yday=91, tm_isdst=-1)",2022-04-01,2022,4,91,1,51
2022-04-01 01:53:35,40.765648,-111.908546,1296.6,-9999.0,-9999.0,-9999.0,13.63,27.56,22.72,20.35,2.0,2.0,26.22,15.0,868.3,0.0,2.3,2.25,40.5,820.1,-9999.0,-9999.0,-9999.0,-9999.0,-9999.0,-9999.0,-9999.0,0.0,0,0,"time.struct_time(tm_year=2022, tm_mon=4, tm_mday=1, tm_hour=1, tm_min=53, tm_sec=35, tm_wday=4, tm_yday=91, tm_isdst=-1)",2022-04-01,2022,4,91,1,53
2022-04-01 01:56:05,40.765572,-111.908478,1305.0,-9999.0,-9999.0,-9999.0,13.63,27.56,22.72,20.31,2.0,2.0,26.22,15.0,868.4,0.0,1.2,2.26,40.5,820.2,-9999.0,-9999.0,-9999.0,-9999.0,-9999.0,-9999.0,-9999.0,0.0,0,0,"time.struct_time(tm_year=2022, tm_mon=4, tm_mday=1, tm_hour=1, tm_min=56, tm_sec=5, tm_wday=4, tm_yday=91, tm_isdst=-1)",2022-04-01,2022,4,91,1,56
2022-04-01 01:58:35,40.765564,-111.908409,1307.0,-9999.0,-9999.0,-9999.0,13.63,27.56,22.7,20.27,2.0,2.0,26.22,15.0,868.3,0.0,-1.0,2.25,40.5,820.3,-9999.0,-9999.0,-9999.0,-9999.0,-9999.0,-9999.0,-9999.0,0.0,0,0,"time.struct_time(tm_year=2022, tm_mon=4, tm_mday=1, tm_hour=1, tm_min=58, tm_sec=35, tm_wday=4, tm_yday=91, tm_isdst=-1)",2022-04-01,2022,4,91,1,58
2022-04-01 02:02:10,40.765583,-111.908577,1303.2,-9999.0,-9999.0,-9999.0,13.63,27.56,22.68,20.25,2.0,2.0,26.22,15.0,868.2,0.0,-0.4,2.25,40.5,820.7,-9999.0,-9999.0,-9999.0,-9999.0,-9999.0,-9999.0,-9999.0,0.0,0,0,"time.struct_time(tm_year=2022, tm_mon=4, tm_mday=1, tm_hour=2, tm_min=2, tm_sec=10, tm_wday=4, tm_yday=91, tm_isdst=-1)",2022-04-01,2022,4,91,1,2
2022-04-01 02:04:40,40.765541,-111.908562,1303.2,-9999.0,-9999.0,-9999.0,13.63,27.56,22.66,20.23,1.0,2.0,26.22,15.0,868.4,0.0,1.6,2.25,40.5,820.3,-9999.0,-9999.0,-9999.0,-9999.0,-9999.0,-9999.0,-9999.0,0.0,0,0,"time.struct_time(tm_year=2022, tm_mon=4, tm_mday=1, tm_hour=2, tm_min=4, tm_sec=40, tm_wday=4, tm_yday=91, tm_isdst=-1)",2022-04-01,2022,4,91,1,4
2022-04-01 02:07:10,40.765549,-111.908485,1305.8,-9999.0,-9999.0,-9999.0,13.63,27.55,22.66,20.13,2.0,2.0,26.22,15.0,868.1,0.0,-0.4,2.25,40.5,820.6,-9999.0,-9999.0,-9999.0,-9999.0,-9999.0,-9999.0,-9999.0,0.0,0,0,"time.struct_time(tm_year=2022, tm_mon=4, tm_mday=1, tm_hour=2, tm_min=7, tm_sec=10, tm_wday=4, tm_yday=91, tm_isdst=-1)",2022-04-01,2022,4,91,1,7
2022-04-01 02:09:40,40.765533,-111.90876,1303.9,-9999.0,-9999.0,-9999.0,13.63,27.55,22.64,20.05,2.0,2.0,26.22,15.0,868.2,0.0,-0.8,2.26,40.5,820.2,-9999.0,-9999.0,-9999.0,-9999.0,-9999.0,-9999.0,-9999.0,0.0,0,0,"time.struct_time(tm_year=2022, tm_mon=4, tm_mday=1, tm_hour=2, tm_min=9, tm_sec=40, tm_wday=4, tm_yday=91, tm_isdst=-1)",2022-04-01,2022,4,91,1,9
2022-04-01 02:12:10,40.765423,-111.908745,1301.5,-9999.0,-9999.0,-9999.0,13.63,27.55,22.62,19.99,2.0,2.0,26.22,15.0,868.1,0.0,0.6,2.26,40.5,820.7,-9999.0,-9999.0,-9999.0,-9999.0,-9999.0,-9999.0,-9999.0,0.0,0,0,"time.struct_time(tm_year=2022, tm_mon=4, tm_mday=1, tm_hour=2, tm_min=12, tm_sec=10, tm_wday=4, tm_yday=91, tm_isdst=-1)",2022-04-01,2022,4,91,1,12
2022-04-01 02:14:40,40.765553,-111.908516,1301.9,-9999.0,-9999.0,-9999.0,13.63,27.55,22.6,20.0,2.0,2.0,26.22,15.0,868.2,0.0,-0.5,2.25,40.5,820.2,-9999.0,-9999.0,-9999.0,-9999.0,-9999.0,-9999.0,-9999.0,0.0,0,0,"time.struct_time(tm_year=2022, tm_mon=4, tm_mday=1, tm_hour=2, tm_min=14, tm_sec=40, tm_wday=4, tm_yday=91, tm_isdst=-1)",2022-04-01,2022,4,91,1,14
2022-04-01 02:17:10,40.765675,-111.908379,1294.9,-9999.0,-9999.0,-9999.0,13.63,27.55,22.6,19.93,1.0,2.0,26.22,15.0,868.2,0.0,0.8,2.26,40.5,820.7,-9999.0,-9999.0,-9999.0,-9999.0,-9999.0,-9999.0,-9999.0,0.0,0,0,"time.struct_time(tm_year=2022, tm_mon=4, tm_mday=1, tm_hour=2, tm_min=17, tm_sec=10, tm_wday=4, tm_yday=91, tm_isdst=-1)",2022-04-01,2022,4,91,1,17
2022-04-01 02:19:40,40.765667,-111.908585,1289.3,-9999.0,-9999.0,-9999.0,13.63,27.55,22.58,19.85,2.0,2.0,26.22,15.0,868.2,0.0,1.5,2.25,40.5,820.1,-9999.0,-9999.0,-9999.0,-9999.0,-9999.0,-9999.0,-9999.0,0.0,0,0,"time.struct_time(tm_year=2022, tm_mon=4, tm_mday=1, tm_hour=2, tm_min=19, tm_sec=40, tm_wday=4, tm_yday=91, tm_isdst=-1)",2022-04-01,2022,4,91,1,19
2022-04-01 02:22:10,40.765671,-111.908737,1286.2,-9999.0,-9999.0,-9999.0,13.63,27.54,22.58,19.87,1.0,2.0,26.22,15.0,868.3,0.0,0.8,2.26,40.5,820.6,-9999.0,-9999.0,-9999.0,-9999.0,-9999.0,-9999.0,-9999.0,0.0,0,0,"time.struct_time(tm_year=2022, tm_mon=4, tm_mday=1, tm_hour=2, tm_min=22, tm_sec=10, tm_wday=4, tm_yday=91, tm_isdst=-1)",2022-04-01,2022,4,91,1,22
2022-04-01 02:24:40,40.765675,-111.908699,1291.5,-9999.0,-9999.0,-9999.0,13.63,27.54,22.58,19.77,2.0,2.0,26.22,15.0,868.4,0.0,1.2,2.26,40.5,820.2,-9999.0,-9999.0,-9999.0,-9999.0,-9999.0,-9999.0,-9999.0,0.0,0,0,"time.struct_time(tm_year=2022, tm_mon=4, tm_mday=1, tm_hour=2, tm_min=24, tm_sec=40, tm_wday=4, tm_yday=91, tm_isdst=-1)",2022-04-01,2022,4,91,1,24
2022-04-01 02:27:10,40.765736,-111.908493,1292.1,-9999.0,-9999.0,-9999.0,13.63,27.54,22.56,19.69,2.0,2.0,26.22,15.0,868.3,0.0,-0.1,2.25,40.5,820.8,-9999.0,-9999.0,-9999.0,-9999.0,-9999.0,-9999.0,-9999.0,0.0,0,0,"time.struct_time(tm_year=2022, tm_mon=4, tm_mday=1, tm_hour=2, tm_min=27, tm_sec=10, tm_wday=4, tm_yday=91, tm_isdst=-1)",2022-04-01,2022,4,91,1,27
2022-04-01 02:29:40,40.765717,-111.908615,1291.7,-9999.0,-9999.0,-9999.0,13.63,27.54,22.56,19.67,1.0,2.0,26.22,15.0,868.4,0.0,-1.6,2.26,40.5,820.2,-9999.0,-9999.0,-9999.0,-9999.0,-9999.0,-9999.0,-9999.0,0.0,0,0,"time.struct_time(tm_year=2022, tm_mon=4, tm_mday=1, tm_hour=2, tm_min=29, tm_sec=40, tm_wday=4, tm_yday=91, tm_isdst=-1)",2022-04-01,2022,4,91,1,29
2022-04-01 02:32:10,40.765709,-111.908524,1291.1,-9999.0,-9999.0,-9999.0,13.63,27.54,22.56,19.53,2.0,2.0,26.22,14.0,868.3,0.0,-1.3,2.25,40.5,820.6,-9999.0,-9999.0,-9999.0,-9999.0,-9999.0,-9999.0,-9999.0,0.0,0,0,"time.struct_time(tm_year=2022, tm_mon=4, tm_mday=1, tm_hour=2, tm_min=32, tm_sec=10, tm_wday=4, tm_yday=91, tm_isdst=-1)",2022-04-01,2022,4,91,1,32
2022-04-01 02:34:40,40.765701,-111.908508,1292.3,-9999.0,-9999.0,-9999.0,13.63,27.54,22.54,19.53,2.0,2.0,26.22,14.0,868.3,0.0,-0.2,2.25,40.5,820.3,-9999.0,-9999.0,-9999.0,-9999.0,-9999.0,-9999.0,-9999.0,0.0,0,0,"time.struct_time(tm_year=2022, tm_mon=4, tm_mday=1, tm_hour=2, tm_min=34, tm_sec=40, tm_wday=4, tm_yday=91, tm_isdst=-1)",2022-04-01,2022,4,91,1,34
2022-04-01 02:37:10,40.765572,-111.908638,1284.9,-9999.0,-9999.0,-9999.0,13.63,27.53,22.54,19.54,1.0,2.0,26.22,14.0,868.5,0.0,-1.4,2.26,40.5,820.6,-9999.0,-9999.0,-9999.0,-9999.0,-9999.0,-9999.0,-9999.0,0.0,0,0,"time.struct_time(tm_year=2022, tm_mon=4, tm_mday=1, tm_hour=2, tm_min=37, tm_sec=10, tm_wday=4, tm_yday=91, tm_isdst=-1)",2022-04-01,2022,4,91,1,37
2022-04-01 02:39:40,40.765583,-111.908531,1292.6,-9999.0,-9999.0,-9999.0,13.63,27.53,22.54,19.59,1.0,2.0,26.22,14.0,868.2,0.0,1.9,2.27,40.5,820.2,-9999.0,-9999.0,-9999.0,-9999.0,-9999.0,-9999.0,-9999.0,0.0,0,0,"time.struct_time(tm_year=2022, tm_mon=4, tm_mday=1, tm_hour=2, tm_min=39, tm_sec=40, tm_wday=4, tm_yday=91, tm_isdst=-1)",2022-04-01,2022,4,91,1,39
2022-04-01 02:42:10,40.765713,-111.908371,1330.4,-9999.0,-9999.0,-9999.0,13.63,27.53,22.54,19.56,1.0,2.0,26.11,14.0,868.2,0.0,-0.8,2.26,40.5,820.8,-9999.0,-9999.0,-9999.0,-9999.0,-9999.0,-9999.0,-9999.0,0.0,0,0,"time.struct_time(tm_year=2022, tm_mon=4, tm_mday=1, tm_hour=2, tm_min=42, tm_sec=10, tm_wday=4, tm_yday=91, tm_isdst=-1)",2022-04-01,2022,4,91,1,42
2022-04-01 02:44:40,40.765766,-111.90844,1295.0,-9999.0,-9999.0,-9999.0,13.63,27.53,22.52,19.53,1.0,2.0,26.11,14.0,868.4,0.0,-2.1,2.26,40.5,820.2,-9999.0,-9999.0,-9999.0,-9999.0,-9999.0,-9999.0,-9999.0,0.0,0,0,"time.struct_time(tm_year=2022, tm_mon=4, tm_mday=1, tm_hour=2, tm_min=44, tm_sec=40, tm_wday=4, tm_yday=91, tm_isdst=-1)",2022-04-01,2022,4,91,1,44
2022-04-01 02:47:10,40.765659,-111.908623,1279.2,-9999.0,-9999.0,-9999.0,13.63,27.52,22.52,19.47,1.0,2.0,26.11,14.0,868.3,0.0,1.0,2.26,40.5,820.7,-9999.0,-9999.0,-9999.0,-9999.0,-9999.0,-9999.0,-9999.0,0.0,0,0,"time.struct_time(tm_year=2022, tm_mon=4, tm_mday=1, tm_hour=2, tm_min=47, tm_sec=10, tm_wday=4, tm_yday=91, tm_isdst=-1)",2022-04-01,2022,4,91,1,47
2022-04-01 02:49:40,40.765709,-111.908646,1290.9,-9999.0,-9999.0,-9999.0,13.63,27.52,22.5,19.47,1.0,2.0,26.11,14.0,868.3,0.0,-0.0,2.25,40.5,820.3,-9999.0,-9999.0,-9999.0,-9999.0,-9999.0,-9999.0,-9999.0,0.0,0,0,"time.struct_time(tm_year=2022, tm_mon=4, tm_mday=1, tm_hour=2, tm_min=49, tm_sec=40, tm_wday=4, tm_yday=91, tm_isdst=-1)",2022-04-01,2022,4,91,1,49
2022-04-01 02:52:10,40.76564,-111.908752,1278.1,-9999.0,-9999.0,-9999.0,13.63,27.51,22.48,19.47,2.0,2.0,26.11,14.0,868.4,0.0,-1.4,2.25,40.4,820.9,-9999.0,-9999.0,-9999.0,-9999.0,-9999.0,-9999.0,-9999.0,0.0,0,0,"time.struct_time(tm_year=2022, tm_mon=4, tm_mday=1, tm_hour=2, tm_min=52, tm_sec=10, tm_wday=4, tm_yday=91, tm_isdst=-1)",2022-04-01,2022,4,91,1,52
2022-04-01 02:54:40,40.765636,-111.908562,1279.5,-9999.0,-9999.0,-9999.0,13.63,27.51,22.47,19.44,1.0,2.0,26.22,14.0,868.6,0.0,-1.4,2.26,40.4,820.3,-9999.0,-9999.0,-9999.0,-9999.0,-9999.0,-9999.0,-9999.0,0.0,0,0,"time.struct_time(tm_year=2022, tm_mon=4, tm_mday=1, tm_hour=2, tm_min=54, tm_sec=40, tm_wday=4, tm_yday=91, tm_isdst=-1)",2022-04-01,2022,4,91,1,54
2022-04-01 02:57:10,40.765625,-111.90863,1267.1,-9999.0,-9999.0,-9999.0,13.63,27.51,22.46,19.37,2.0,2.0,26.11,14.0,868.4,0.0,-1.3,2.26,40.4,820.7,-9999.0,-9999.0,-9999.0,-9999.0,-9999.0,-9999.0,-9999.0,0.0,0,0,"time.struct_time(tm_year=2022, tm_mon=4, tm_mday=1, tm_hour=2, tm_min=57, tm_sec=10, tm_wday=4, tm_yday=91, tm_isdst=-1)",2022-04-01,2022,4,91,1,57
2022-04-01 02:59:40,40.765636,-111.90863,1277.3,-9999.0,-9999.0,-9999.0,13.63,27.5,22.48,19.45,2.0,2.0,26.11,14.0,868.4,0.0,-1.3,2.26,40.4,820.3,-9999.0,-9999.0,-9999.0,-9999.0,-9999.0,-9999.0,-9999.0,0.0,0,0,"time.struct_time(tm_year=2022, tm_mon=4, tm_mday=1, tm_hour=2, tm_min=59, tm_sec=40, tm_wday=4, tm_yday=91, tm_isdst=-1)",2022-04-01,2022,4,91,1,59
2022-04-01 03:03:20,40.765636,-111.908638,1294.0,-9999.0,-9999.0,-9999.0,13.63,27.49,22.48,19.59,2.0,2.0,26.11,15.0,868.5,0.0,-3.7,2.25,40.4,820.3,-9999.0,-9999.0,-9999.0,-9999.0,-9999.0,-9999.0,-9999.0,0.0,0,0,"time.struct_time(tm_year=2022, tm_mon=4, tm_mday=1, tm_hour=3, tm_min=3, tm_sec=20, tm_wday=4, tm_yday=91, tm_isdst=-1)",2022-04-01,2022,4,91,1,3
2022-04-01 03:05:50,40.765644,-111.90863,1295.9,-9999.0,-9999.0,-9999.0,13.63,27.49,22.48,19.46,1.0,2.0,26.11,15.0,868.5,0.0,2.2,2.26,40.4,820.9,-9999.0,-9999.0,-9999.0,-9999.0,-9999.0,-9999.0,-9999.0,0.0,0,0,"time.struct_time(tm_year=2022, tm_mon=4, tm_mday=1, tm_hour=3, tm_min=5, tm_sec=50, tm_wday=4, tm_yday=91, tm_isdst=-1)",2022-04-01,2022,4,91,1,5
2022-04-01 03:08:20,40.765663,-111.908569,1300.6,-9999.0,-9999.0,-9999.0,13.63,27.48,22.49,19.42,2.0,2.0,26.11,15.0,868.5,0.0,-1.3,2.25,40.4,820.4,-9999.0,-9999.0,-9999.0,-9999.0,-9999.0,-9999.0,-9999.0,0.0,0,0,"time.struct_time(tm_year=2022, tm_mon=4, tm_mday=1, tm_hour=3, tm_min=8, tm_sec=20, tm_wday=4, tm_yday=91, tm_isdst=-1)",2022-04-01,2022,4,91,1,8
2022-04-01 03:10:50,40.765652,-111.908676,1303.5,-9999.0,-9999.0,-9999.0,13.63,27.48,22.46,19.47,2.0,2.0,26.11,15.0,868.6,0.0,1.7,2.25,40.4,821.0,-9999.0,-9999.0,-9999.0,-9999.0,-9999.0,-9999.0,-9999.0,0.0,0,0,"time.struct_time(tm_year=2022, tm_mon=4, tm_mday=1, tm_hour=3, tm_min=10, tm_sec=50, tm_wday=4, tm_yday=91, tm_isdst=-1)",2022-04-01,2022,4,91,1,10
2022-04-01 03:13:20,40.765572,-111.908432,1302.9,-9999.0,-9999.0,-9999.0,13.63,27.47,22.44,19.35,1.0,2.0,26.11,15.0,868.5,0.0,2.5,2.27,40.4,820.4,-9999.0,-9999.0,-9999.0,-9999.0,-9999.0,-9999.0,-9999.0,0.0,0,0,"time.struct_time(tm_year=2022, tm_mon=4, tm_mday=1, tm_hour=3, tm_min=13, tm_sec=20, tm_wday=4, tm_yday=91, tm_isdst=-1)",2022-04-01,2022,4,91,1,13
2022-04-01 03:15:50,40.765549,-111.908432,1298.2,-9999.0,-9999.0,-9999.0,13.63,27.46,22.4,19.11,2.0,2.0,26.11,15.0,868.7,0.0,1.2,2.25,40.4,821.0,-9999.0,-9999.0,-9999.0,-9999.0,-9999.0,-9999.0,-9999.0,0.0,0,0,"time.struct_time(tm_year=2022, tm_mon=4, tm_mday=1, tm_hour=3, tm_min=15, tm_sec=50, tm_wday=4, tm_yday=91, tm_isdst=-1)",2022-04-01,2022,4,91,1,15
2022-04-01 03:18:20,40.765663,-111.908585,1297.7,-9999.0,-9999.0,-9999.0,13.63,27.45,22.34,19.15,2.0,2.0,26.11,15.0,868.7,0.0,-1.2,2.25,40.4,820.4,-9999.0,-9999.0,-9999.0,-9999.0,-9999.0,-9999.0,-9999.0,0.0,0,0,"time.struct_time(tm_year=2022, tm_mon=4, tm_mday=1, tm_hour=3, tm_min=18, tm_sec=20, tm_wday=4, tm_yday=91, tm_isdst=-1)",2022-04-01,2022,4,91,1,18
2022-04-01 03:20:50,40.765751,-111.90844,1322.7,-9999.0,-9999.0,-9999.0,13.63,27.45,22.3,19.17,2.0,2.0,26.11,15.0,868.6,0.0,1.2,2.26,40.4,821.0,-9999.0,-9999.0,-9999.0,-9999.0,-9999.0,-9999.0,-9999.0,0.0,0,0,"time.struct_time(tm_year=2022, tm_mon=4, tm_mday=1, tm_hour=3, tm_min=20, tm_sec=50, tm_wday=4, tm_yday=91, tm_isdst=-1)",2022-04-01,2022,4,91,1,20
2022-04-01 03:23:20,40.765968,-111.908577,1326.6,-9999.0,-9999.0,-9999.0,13.63,27.44,22.26,19.11,2.0,2.0,26.11,14.0,868.6,0.0,1.2,2.25,40.4,820.5,-9999.0,-9999.0,-9999.0,-9999.0,-9999.0,-9999.0,-9999.0,0.0,0,0,"time.struct_time(tm_year=2022, tm_mon=4, tm_mday=1, tm_hour=3, tm_min=23, tm_sec=20, tm_wday=4, tm_yday=91, tm_isdst=-1)",2022-04-01,2022,4,91,1,23
2022-04-01 03:25:50,40.7659,-111.908455,1324.0,-9999.0,-9999.0,-9999.0,13.63,27.43,22.22,19.1,1.0,2.0,26.11,14.0,868.6,0.0,1.6,2.26,40.4,821.0,-9999.0,-9999.0,-9999.0,-9999.0,-9999.0,-9999.0,-9999.0,0.0,0,0,"time.struct_time(tm_year=2022, tm_mon=4, tm_mday=1, tm_hour=3, tm_min=25, tm_sec=50, tm_wday=4, tm_yday=91, tm_isdst=-1)",2022-04-01,2022,4,91,1,25
2022-04-01 03:28:20,40.7659,-111.908585,1329.0,-9999.0,-9999.0,-9999.0,13.63,27.42,22.13,19.11,2.0,2.0,26.11,14.0,868.7,0.0,-3.7,2.25,40.4,820.5,-9999.0,-9999.0,-9999.0,-9999.0,-9999.0,-9999.0,-9999.0,0.0,0,0,"time.struct_time(tm_year=2022, tm_mon=4, tm_mday=1, tm_hour=3, tm_min=28, tm_sec=20, tm_wday=4, tm_yday=91, tm_isdst=-1)",2022-04-01,2022,4,91,1,28
2022-04-01 03:30:50,40.765919,-111.908684,1352.4,-9999.0,-9999.0,-9999.0,13.63,27.41,22.01,19.03,1.0,2.0,26.0,14.0,868.8,0.0,-1.2,2.25,40.4,821.1,-9999.0,-9999.0,-9999.0,-9999.0,-9999.0,-9999.0,-9999.0,0.0,0,0,"time.struct_time(tm_year=2022, tm_mon=4, tm_mday=1, tm_hour=3, tm_min=30, tm_sec=50, tm_wday=4, tm_yday=91, tm_isdst=-1)",2022-04-01,2022,4,91,1,30
2022-04-01 03:33:20,40.766041,-111.908745,1365.7,-9999.0,-9999.0,-9999.0,13.62,27.4,21.95,19.11,2.0,2.0,26.0,14.0,868.8,0.0,2.7,2.25,40.4,820.5,-9999.0,-9999.0,-9999.0,-9999.0,-9999.0,-9999.0,-9999.0,0.0,0,0,"time.struct_time(tm_year=2022, tm_mon=4, tm_mday=1, tm_hour=3, tm_min=33, tm_sec=20, tm_wday=4, tm_yday=91, tm_isdst=-1)",2022-04-01,2022,4,91,1,33
2022-04-01 03:35:50,40.766159,-111.908691,1357.1,-9999.0,-9999.0,-9999.0,13.63,27.38,21.9,19.07,2.0,2.0,26.0,14.0,868.7,0.0,1.3,2.25,40.3,821.1,-9999.0,-9999.0,-9999.0,-9999.0,-9999.0,-9999.0,-9999.0,0.0,0,0,"time.struct_time(tm_year=2022, tm_mon=4, tm_mday=1, tm_hour=3, tm_min=35, tm_sec=50, tm_wday=4, tm_yday=91, tm_isdst=-1)",2022-04-01,2022,4,91,1,35
2022-04-01 03:38:20,40.766109,-111.908806,1351.3,-9999.0,-9999.0,-9999.0,13.63,27.37,21.79,19.13,1.0,2.0,26.0,14.0,868.9,0.0,1.1,2.25,40.3,820.5,-9999.0,-9999.0,-9999.0,-9999.0,-9999.0,-9999.0,-9999.0,0.0,0,0,"time.struct_time(tm_year=2022, tm_mon=4, tm_mday=1, tm_hour=3, tm_min=38, tm_sec=20, tm_wday=4, tm_yday=91, tm_isdst=-1)",2022-04-01,2022,4,91,1,38
2022-04-01 03:40:50,40.76598,-111.908813,1344.9,-9999.0,-9999.0,-9999.0,13.63,27.36,21.75,19.29,1.0,2.0,25.89,14.0,868.9,0.0,1.6,2.25,40.3,821.1,-9999.0,-9999.0,-9999.0,-9999.0,-9999.0,-9999.0,-9999.0,0.0,0,0,"time.struct_time(tm_year=2022, tm_mon=4, tm_mday=1, tm_hour=3, tm_min=40, tm_sec=50, tm_wday=4, tm_yday=91, tm_isdst=-1)",2022-04-01,2022,4,91,1,40
2022-04-01 03:43:20,40.765923,-111.9086,1341.9,-9999.0,-9999.0,-9999.0,13.63,27.34,21.73,19.15,1.0,2.0,25.89,14.0,868.6,0.0,0.8,2.24,40.3,820.5,-9999.0,-9999.0,-9999.0,-9999.0,-9999.0,-9999.0,-9999.0,0.0,0,0,"time.struct_time(tm_year=2022, tm_mon=4, tm_mday=1, tm_hour=3, tm_min=43, tm_sec=20, tm_wday=4, tm_yday=91, tm_isdst=-1)",2022-04-01,2022,4,91,1,43
2022-04-01 03:45:50,40.765598,-111.908745,1273.8,-9999.0,-9999.0,-9999.0,13.63,27.33,21.74,18.86,1.0,2.0,25.89,14.0,868.8,0.0,0.6,2.25,40.3,821.1,-9999.0,-9999.0,-9999.0,-9999.0,-9999.0,-9999.0,-9999.0,0.0,0,0,"time.struct_time(tm_year=2022, tm_mon=4, tm_mday=1, tm_hour=3, tm_min=45, tm_sec=50, tm_wday=4, tm_yday=91, tm_isdst=-1)",2022-04-01,2022,4,91,1,45
2022-04-01 03:48:20,40.765701,-111.908661,1286.6,-9999.0,-9999.0,-9999.0,13.63,27.32,21.71,18.91,1.0,2.0,25.89,14.0,868.7,0.0,0.8,2.25,40.3,820.6,-9999.0,-9999.0,-9999.0,-9999.0,-9999.0,-9999.0,-9999.0,0.0,0,0,"time.struct_time(tm_year=2022, tm_mon=4, tm_mday=1, tm_hour=3, tm_min=48, tm_sec=20, tm_wday=4, tm_yday=91, tm_isdst=-1)",2022-04-01,2022,4,91,1,48
2022-04-01 03:50:50,40.765511,-111.908531,1269.4,-9999.0,-9999.0,-9999.0,13.63,27.3,21.69,18.83,1.0,2.0,25.89,14.0,868.9,0.0,4.0,2.25,40.3,821.2,-9999.0,-9999.0,-9999.0,-9999.0,-9999.0,-9999.0,-9999.0,0.0,0,0,"time.struct_time(tm_year=2022, tm_mon=4, tm_mday=1, tm_hour=3, tm_min=50, tm_sec=50, tm_wday=4, tm_yday=91, tm_isdst=-1)",2022-04-01,2022,4,91,1,50
2022-04-01 03:53:20,40.765633,-111.908272,1295.4,-9999.0,-9999.0,-9999.0,13.63,27.29,21.67,18.65,2.0,2.0,25.89,14.0,869.0,0.0,1.6,2.26,40.3,820.6,-9999.0,-9999.0,-9999.0,-9999.0,-9999.0,-9999.0,-9999.0,0.0,0,0,"time.struct_time(tm_year=2022, tm_mon=4, tm_mday=1, tm_hour=3, tm_min=53, tm_sec=20, tm_wday=4, tm_yday=91, tm_isdst=-1)",2022-04-01,2022,4,91,1,53
2022-04-01 03:55:50,40.765503,-111.908241,1277.7,-9999.0,-9999.0,-9999.0,13.63,27.28,21.68,18.58,1.0,2.0,25.89,14.0,869.0,0.0,4.2,2.26,40.3,821.4,-9999.0,-9999.0,-9999.0,-9999.0,-9999.0,-9999.0,-9999.0,0.0,0,0,"time.struct_time(tm_year=2022, tm_mon=4, tm_mday=1, tm_hour=3, tm_min=55, tm_sec=50, tm_wday=4, tm_yday=91, tm_isdst=-1)",2022-04-01,2022,4,91,1,55
2022-04-01 03:58:20,40.765587,-111.908272,1275.4,-9999.0,-9999.0,-9999.0,13.63,27.26,21.63,18.55,1.0,2.0,25.89,13.0,869.0,0.0,1.7,2.24,40.2,820.7,-9999.0,-9999.0,-9999.0,-9999.0,-9999.0,-9999.0,-9999.0,0.0,0,0,"time.struct_time(tm_year=2022, tm_mon=4, tm_mday=1, tm_hour=3, tm_min=58, tm_sec=20, tm_wday=4, tm_yday=91, tm_isdst=-1)",2022-04-01,2022,4,91,1,58
2022-04-01 04:00:50,40.765625,-111.908493,1275.7,-9999.0,-9999.0,-9999.0,13.63,27.25,21.54,18.47,1.0,2.0,25.89,13.0,868.7,0.0,1.4,2.24,40.2,821.3,-9999.0,-9999.0,-9999.0,-9999.0,-9999.0,-9999.0,-9999.0,0.0,0,0,"time.struct_time(tm_year=2022, tm_mon=4, tm_mday=1, tm_hour=4, tm_min=0, tm_sec=50, tm_wday=4, tm_yday=91, tm_isdst=-1)",2022-04-01,2022,4,91,1,0
2022-04-01 04:04:30,40.765724,-111.908752,1272.4,-9999.0,-9999.0,-9999.0,13.63,27.23,21.45,18.36,1.0,2.0,25.78,13.0,869.0,0.0,1.5,2.26,40.2,821.3,-9999.0,-9999.0,-9999.0,-9999.0,-9999.0,-9999.0,-9999.0,0.0,0,0,"time.struct_time(tm_year=2022, tm_mon=4, tm_mday=1, tm_hour=4, tm_min=4, tm_sec=30, tm_wday=4, tm_yday=91, tm_isdst=-1)",2022-04-01,2022,4,91,1,4
2022-04-01 04:07:00,40.765751,-111.908699,1279.7,-9999.0,-9999.0,-9999.0,13.63,27.22,21.41,18.34,1.0,2.0,25.78,13.0,869.0,0.0,0.3,2.25,40.2,820.7,-9999.0,-9999.0,-9999.0,-9999.0,-9999.0,-9999.0,-9999.0,0.0,0,0,"time.struct_time(tm_year=2022, tm_mon=4, tm_mday=1, tm_hour=4, tm_min=7, tm_sec=0, tm_wday=4, tm_yday=91, tm_isdst=-1)",2022-04-01,2022,4,91,1,7
2022-04-01 04:09:30,40.765724,-111.908714,1286.4,-9999.0,-9999.0,-9999.0,13.63,27.2,21.4,18.36,1.0,2.0,25.78,13.0,868.9,0.0,1.8,2.25,40.2,821.4,-9999.0,-9999.0,-9999.0,-9999.0,-9999.0,-9999.0,-9999.0,0.0,0,0,"time.struct_time(tm_year=2022, tm_mon=4, tm_mday=1, tm_hour=4, tm_min=9, tm_sec=30, tm_wday=4, tm_yday=91, tm_isdst=-1)",2022-04-01,2022,4,91,1,9
2022-04-01 04:12:00,40.765823,-111.908676,1281.8,-9999.0,-9999.0,-9999.0,13.63,27.19,21.39,18.53,1.0,2.0,25.78,13.0,869.1,0.0,-0.7,2.26,40.2,820.8,-9999.0,-9999.0,-9999.0,-9999.0,-9999.0,-9999.0,-9999.0,0.0,0,0,"time.struct_time(tm_year=2022, tm_mon=4, tm_mday=1, tm_hour=4, tm_min=12, tm_sec=0, tm_wday=4, tm_yday=91, tm_isdst=-1)",2022-04-01,2022,4,91,1,12
2022-04-01 04:14:30,40.765759,-111.908417,1285.2,-9999.0,-9999.0,-9999.0,13.63,27.17,21.39,18.24,1.0,2.0,25.72,13.0,869.0,0.0,1.8,2.26,40.2,821.3,-9999.0,-9999.0,-9999.0,-9999.0,-9999.0,-9999.0,-9999.0,0.0,0,0,"time.struct_time(tm_year=2022, tm_mon=4, tm_mday=1, tm_hour=4, tm_min=14, tm_sec=30, tm_wday=4, tm_yday=91, tm_isdst=-1)",2022-04-01,2022,4,91,1,14
2022-04-01 04:17:00,40.765614,-111.908485,1285.1,-9999.0,-9999.0,-9999.0,13.63,27.16,21.39,18.34,1.0,2.0,25.72,13.0,868.9,0.0,1.4,2.24,40.1,820.9,-9999.0,-9999.0,-9999.0,-9999.0,-9999.0,-9999.0,-9999.0,0.0,0,0,"time.struct_time(tm_year=2022, tm_mon=4, tm_mday=1, tm_hour=4, tm_min=17, tm_sec=0, tm_wday=4, tm_yday=91, tm_isdst=-1)",2022-04-01,2022,4,91,1,17
2022-04-01 04:19:30,40.765644,-111.908661,1289.9,-9999.0,-9999.0,-9999.0,13.63,27.15,21.41,18.59,1.0,2.0,25.78,13.0,869.0,0.0,1.8,2.25,40.1,821.3,-9999.0,-9999.0,-9999.0,-9999.0,-9999.0,-9999.0,-9999.0,0.0,0,0,"time.struct_time(tm_year=2022, tm_mon=4, tm_mday=1, tm_hour=4, tm_min=19, tm_sec=30, tm_wday=4, tm_yday=91, tm_isdst=-1)",2022-04-01,2022,4,91,1,19
2022-04-01 04:22:00,40.765976,-111.908669,1283.7,-9999.0,-9999.0,-9999.0,13.63,27.13,21.43,18.53,2.0,2.0,25.72,13.0,869.0,0.0,2.6,2.26,40.1,820.8,-9999.0,-9999.0,-9999.0,-9999.0,-9999.0,-9999.0,-9999.0,0.0,0,0,"time.struct_time(tm_year=2022, tm_mon=4, tm_mday=1, tm_hour=4, tm_min=22, tm_sec=0, tm_wday=4, tm_yday=91, tm_isdst=-1)",2022-04-01,2022,4,91,1,22
2022-04-01 04:24:30,40.765659,-111.908554,1289.5,-9999.0,-9999.0,-9999.0,13.63,27.12,21.45,18.34,1.0,2.0,25.72,13.0,869.0,0.0,2.1,2.25,40.1,821.4,-9999.0,-9999.0,-9999.0,-9999.0,-9999.0,-9999.0,-9999.0,0.0,0,0,"time.struct_time(tm_year=2022, tm_mon=4, tm_mday=1, tm_hour=4, tm_min=24, tm_sec=30, tm_wday=4, tm_yday=91, tm_isdst=-1)",2022-04-01,2022,4,91,1,24
2022-04-01 04:27:00,40.765705,-111.908607,1283.3,-9999.0,-9999.0,-9999.0,13.63,27.11,21.49,17.98,1.0,2.0,25.72,13.0,869.0,0.0,-2.5,2.24,40.1,820.7,-9999.0,-9999.0,-9999.0,-9999.0,-9999.0,-9999.0,-9999.0,0.0,0,0,"time.struct_time(tm_year=2022, tm_mon=4, tm_mday=1, tm_hour=4, tm_min=27, tm_sec=0, tm_wday=4, tm_yday=91, tm_isdst=-1)",2022-04-01,2022,4,91,1,27
2022-04-01 04:29:30,40.765594,-111.908295,1278.2,-9999.0,-9999.0,-9999.0,13.63,27.1,21.51,17.8,1.0,2.0,25.72,13.0,868.9,0.0,1.0,2.25,40.1,821.3,-9999.0,-9999.0,-9999.0,-9999.0,-9999.0,-9999.0,-9999.0,0.0,0,0,"time.struct_time(tm_year=2022, tm_mon=4, tm_mday=1, tm_hour=4, tm_min=29, tm_sec=30, tm_wday=4, tm_yday=91, tm_isdst=-1)",2022-04-01,2022,4,91,1,29
2022-04-01 04:32:00,40.76572,-111.908478,1280.2,-9999.0,-9999.0,-9999.0,13.63,27.09,21.62,17.77,2.0,2.0,25.72,13.0,868.8,0.0,1.0,2.24,40.1,820.7,-9999.0,-9999.0,-9999.0,-9999.0,-9999.0,-9999.0,-9999.0,0.0,0,0,"time.struct_time(tm_year=2022, tm_mon=4, tm_mday=1, tm_hour=4, tm_min=32, tm_sec=0, tm_wday=4, tm_yday=91, tm_isdst=-1)",2022-04-01,2022,4,91,1,32
2022-04-01 04:34:30,40.765766,-111.908508,1277.0,-9999.0,-9999.0,-9999.0,13.63,27.08,21.59,17.78,1.0,2.0,25.72,13.0,868.8,0.0,-1.2,2.25,40.1,821.3,-9999.0,-9999.0,-9999.0,-9999.0,-9999.0,-9999.0,-9999.0,0.0,0,0,"time.struct_time(tm_year=2022, tm_mon=4, tm_mday=1, tm_hour=4, tm_min=34, tm_sec=30, tm_wday=4, tm_yday=91, tm_isdst=-1)",2022-04-01,2022,4,91,1,34
2022-04-01 04:37:00,40.765533,-111.90844,1280.7,-9999.0,-9999.0,-9999.0,13.63,27.07,21.63,17.74,2.0,2.0,25.72,13.0,869.0,0.0,-0.5,2.25,40.1,820.7,-9999.0,-9999.0,-9999.0,-9999.0,-9999.0,-9999.0,-9999.0,0.0,0,0,"time.struct_time(tm_year=2022, tm_mon=4, tm_mday=1, tm_hour=4, tm_min=37, tm_sec=0, tm_wday=4, tm_yday=91, tm_isdst=-1)",2022-04-01,2022,4,91,1,37
2022-04-01 04:39:30,40.765671,-111.908577,1280.6,-9999.0,-9999.0,-9999.0,13.63,27.06,21.66,17.72,1.0,2.0,25.72,13.0,868.8,0.0,0.4,2.25,40.0,821.2,-9999.0,-9999.0,-9999.0,-9999.0,-9999.0,-9999.0,-9999.0,0.0,0,0,"time.struct_time(tm_year=2022, tm_mon=4, tm_mday=1, tm_hour=4, tm_min=39, tm_sec=30, tm_wday=4, tm_yday=91, tm_isdst=-1)",2022-04-01,2022,4,91,1,39
2022-04-01 04:42:00,40.765636,-111.908646,1279.3,-9999.0,-9999.0,-9999.0,13.63,27.06,21.68,17.68,2.0,2.0,25.72,13.0,868.9,0.0,-1.5,2.25,40.0,820.8,-9999.0,-9999.0,-9999.0,-9999.0,-9999.0,-9999.0,-9999.0,0.0,0,0,"time.struct_time(tm_year=2022, tm_mon=4, tm_mday=1, tm_hour=4, tm_min=42, tm_sec=0, tm_wday=4, tm_yday=91, tm_isdst=-1)",2022-04-01,2022,4,91,1,42
2022-04-01 04:44:30,40.765617,-111.908508,1288.7,-9999.0,-9999.0,-9999.0,13.63,27.05,21.71,17.62,2.0,2.0,25.72,13.0,868.7,0.0,-0.1,2.25,40.0,821.2,-9999.0,-9999.0,-9999.0,-9999.0,-9999.0,-9999.0,-9999.0,0.0,0,0,"time.struct_time(tm_year=2022, tm_mon=4, tm_mday=1, tm_hour=4, tm_min=44, tm_sec=30, tm_wday=4, tm_yday=91, tm_isdst=-1)",2022-04-01,2022,4,91,1,44
2022-04-01 04:47:00,40.765697,-111.908699,1293.9,-9999.0,-9999.0,-9999.0,13.63,27.05,21.75,17.6,2.0,2.0,25.72,13.0,869.0,0.0,0.2,2.27,40.0,820.7,-9999.0,-9999.0,-9999.0,-9999.0,-9999.0,-9999.0,-9999.0,0.0,0,0,"time.struct_time(tm_year=2022, tm_mon=4, tm_mday=1, tm_hour=4, tm_min=47, tm_sec=0, tm_wday=4, tm_yday=91, tm_isdst=-1)",2022-04-01,2022,4,91,1,47
2022-04-01 04:49:30,40.765755,-111.908791,1284.6,-9999.0,-9999.0,-9999.0,13.63,27.04,21.79,17.56,2.0,2.0,25.72,13.0,868.9,0.0,0.5,2.25,40.0,821.3,-9999.0,-9999.0,-9999.0,-9999.0,-9999.0,-9999.0,-9999.0,0.0,0,0,"time.struct_time(tm_year=2022, tm_mon=4, tm_mday=1, tm_hour=4, tm_min=49, tm_sec=30, tm_wday=4, tm_yday=91, tm_isdst=-1)",2022-04-01,2022,4,91,1,49
2022-04-01 04:52:00,40.765747,-111.90863,1285.1,-9999.0,-9999.0,-9999.0,13.63,27.04,21.85,17.53,1.0,2.0,25.72,13.0,868.8,0.0,-0.1,2.25,40.0,820.6,-9999.0,-9999.0,-9999.0,-9999.0,-9999.0,-9999.0,-9999.0,0.0,0,0,"time.struct_time(tm_year=2022, tm_mon=4, tm_mday=1, tm_hour=4, tm_min=52, tm_sec=0, tm_wday=4, tm_yday=91, tm_isdst=-1)",2022-04-01,2022,4,91,1,52
2022-04-01 04:54:30,40.765671,-111.908791,1291.0,-9999.0,-9999.0,-9999.0,13.63,27.03,21.9,17.4,3.0,2.0,25.72,13.0,868.7,0.0,-0.7,2.25,40.0,821.1,-9999.0,-9999.0,-9999.0,-9999.0,-9999.0,-9999.0,-9999.0,0.0,0,0,"time.struct_time(tm_year=2022, tm_mon=4, tm_mday=1, tm_hour=4, tm_min=54, tm_sec=30, tm_wday=4, tm_yday=91, tm_isdst=-1)",2022-04-01,2022,4,91,1,54
2022-04-01 04:57:00,40.765663,-111.908813,1290.7,-9999.0,-9999.0,-9999.0,13.63,27.03,21.91,17.46,2.0,2.0,25.72,13.0,868.8,0.0,-0.1,2.25,40.0,820.6,-9999.0,-9999.0,-9999.0,-9999.0,-9999.0,-9999.0,-9999.0,0.0,0,0,"time.struct_time(tm_year=2022, tm_mon=4, tm_mday=1, tm_hour=4, tm_min=57, tm_sec=0, tm_wday=4, tm_yday=91, tm_isdst=-1)",2022-04-01,2022,4,91,1,57
2022-04-01 04:59:30,40.765705,-111.908562,1286.1,-9999.0,-9999.0,-9999.0,13.63,27.03,21.94,17.5,3.0,2.0,25.72,13.0,868.9,0.0,-0.3,2.25,40.0,821.3,-9999.0,-9999.0,-9999.0,-9999.0,-9999.0,-9999.0,-9999.0,0.0,0,0,"time.struct_time(tm_year=2022, tm_mon=4, tm_mday=1, tm_hour=4, tm_min=59, tm_sec=30, tm_wday=4, tm_yday=91, tm_isdst=-1)",2022-04-01,2022,4,91,1,59
2022-04-01 05:02:00,40.765678,-111.908836,1293.9,-9999.0,-9999.0,-9999.0,13.63,27.02,21.94,17.18,2.0,2.0,25.72,13.0,868.7,0.0,1.9,2.25,40.0,820.7,-9999.0,-9999.0,-9999.0,-9999.0,-9999.0,-9999.0,-9999.0,0.0,0,0,"time.struct_time(tm_year=2022, tm_mon=4, tm_mday=1, tm_hour=5, tm_min=2, tm_sec=0, tm_wday=4, tm_yday=91, tm_isdst=-1)",2022-04-01,2022,4,91,1,2
2022-04-01 05:05:35,40.765682,-111.908714,1288.4,-9999.0,-9999.0,-9999.0,13.63,27.02,21.93,17.24,1.0,2.0,25.72,13.0,868.9,0.0,0.2,2.25,40.0,820.7,-9999.0,-9999.0,-9999.0,-9999.0,-9999.0,-9999.0,-9999.0,0.0,0,0,"time.struct_time(tm_year=2022, tm_mon=4, tm_mday=1, tm_hour=5, tm_min=5, tm_sec=35, tm_wday=4, tm_yday=91, tm_isdst=-1)",2022-04-01,2022,4,91,1,5
2022-04-01 05:08:05,40.765743,-111.90844,1293.4,-9999.0,-9999.0,-9999.0,13.63,27.02,21.93,17.19,1.0,2.0,25.72,13.0,868.9,0.0,1.1,2.24,40.0,821.3,-9999.0,-9999.0,-9999.0,-9999.0,-9999.0,-9999.0,-9999.0,0.0,0,0,"time.struct_time(tm_year=2022, tm_mon=4, tm_mday=1, tm_hour=5, tm_min=8, tm_sec=5, tm_wday=4, tm_yday=91, tm_isdst=-1)",2022-04-01,2022,4,91,1,8
2022-04-01 05:10:35,40.76569,-111.908646,1293.6,-9999.0,-9999.0,-9999.0,13.63,27.01,21.97,17.45,1.0,2.0,25.72,13.0,868.9,0.0,1.4,2.26,40.0,820.7,-9999.0,-9999.0,-9999.0,-9999.0,-9999.0,-9999.0,-9999.0,0.0,0,0,"time.struct_time(tm_year=2022, tm_mon=4, tm_mday=1, tm_hour=5, tm_min=10, tm_sec=35, tm_wday=4, tm_yday=91, tm_isdst=-1)",2022-04-01,2022,4,91,1,10
2022-04-01 05:13:05,40.765709,-111.908401,1309.4,-9999.0,-9999.0,-9999.0,13.63,27.01,21.93,17.26,1.0,2.0,25.61,13.0,869.0,0.0,0.2,2.25,40.0,821.3,-9999.0,-9999.0,-9999.0,-9999.0,-9999.0,-9999.0,-9999.0,0.0,0,0,"time.struct_time(tm_year=2022, tm_mon=4, tm_mday=1, tm_hour=5, tm_min=13, tm_sec=5, tm_wday=4, tm_yday=91, tm_isdst=-1)",2022-04-01,2022,4,91,1,13
2022-04-01 05:15:35,40.765785,-111.908546,1306.3,-9999.0,-9999.0,-9999.0,13.63,27.0,21.93,16.98,3.0,2.0,25.61,13.0,868.8,0.0,2.3,2.24,40.0,820.7,-9999.0,-9999.0,-9999.0,-9999.0,-9999.0,-9999.0,-9999.0,0.0,0,0,"time.struct_time(tm_year=2022, tm_mon=4, tm_mday=1, tm_hour=5, tm_min=15, tm_sec=35, tm_wday=4, tm_yday=91, tm_isdst=-1)",2022-04-01,2022,4,91,1,15
2022-04-01 05:18:05,40.765686,-111.908661,1311.7,-9999.0,-9999.0,-9999.0,13.63,27.0,21.93,16.96,3.0,2.0,25.72,13.0,868.8,0.0,-0.7,2.25,40.0,821.2,-9999.0,-9999.0,-9999.0,-9999.0,-9999.0,-9999.0,-9999.0,0.0,0,0,"time.struct_time(tm_year=2022, tm_mon=4, tm_mday=1, tm_hour=5, tm_min=18, tm_sec=5, tm_wday=4, tm_yday=91, tm_isdst=-1)",2022-04-01,2022,4,91,1,18
2022-04-01 05:20:35,40.765671,-111.908577,1311.7,-9999.0,-9999.0,-9999.0,13.63,27.0,21.91,17.08,3.0,2.0,25.72,13.0,869.0,0.0,0.0,2.25,40.0,820.7,-9999.0,-9999.0,-9999.0,-9999.0,-9999.0,-9999.0,-9999.0,0.0,0,0,"time.struct_time(tm_year=2022, tm_mon=4, tm_mday=1, tm_hour=5, tm_min=20, tm_sec=35, tm_wday=4, tm_yday=91, tm_isdst=-1)",2022-04-01,2022,4,91,1,20
2022-04-01 05:23:05,40.765663,-111.908867,1303.6,-9999.0,-9999.0,-9999.0,13.63,26.99,21.91,17.02,2.0,2.0,25.61,13.0,869.2,0.0,-0.1,2.24,40.0,821.3,-9999.0,-9999.0,-9999.0,-9999.0,-9999.0,-9999.0,-9999.0,0.0,0,0,"time.struct_time(tm_year=2022, tm_mon=4, tm_mday=1, tm_hour=5, tm_min=23, tm_sec=5, tm_wday=4, tm_yday=91, tm_isdst=-1)",2022-04-01,2022,4,91,1,23
2022-04-01 05:25:35,40.765759,-111.908867,1291.8,-9999.0,-9999.0,-9999.0,13.63,26.99,21.89,16.98,3.0,2.0,25.72,13.0,869.0,0.0,-1.3,2.25,40.0,820.8,-9999.0,-9999.0,-9999.0,-9999.0,-9999.0,-9999.0,-9999.0,0.0,0,0,"time.struct_time(tm_year=2022, tm_mon=4, tm_mday=1, tm_hour=5, tm_min=25, tm_sec=35, tm_wday=4, tm_yday=91, tm_isdst=-1)",2022-04-01,2022,4,91,1,25
2022-04-01 05:28:05,40.765682,-111.908775,1294.0,-9999.0,-9999.0,-9999.0,13.63,26.98,21.9,16.85,4.0,2.0,25.61,13.0,869.0,0.0,-0.8,2.24,39.9,821.5,-9999.0,-9999.0,-9999.0,-9999.0,-9999.0,-9999.0,-9999.0,0.0,0,0,"time.struct_time(tm_year=2022, tm_mon=4, tm_mday=1, tm_hour=5, tm_min=28, tm_sec=5, tm_wday=4, tm_yday=91, tm_isdst=-1)",2022-04-01,2022,4,91,1,28
2022-04-01 05:30:35,40.765732,-111.908775,1296.1,-9999.0,-9999.0,-9999.0,13.63,26.98,21.91,16.86,2.0,2.0,25.61,13.0,869.2,0.0,-1.9,2.25,39.9,820.9,-9999.0,-9999.0,-9999.0,-9999.0,-9999.0,-9999.0,-9999.0,0.0,0,0,"time.struct_time(tm_year=2022, tm_mon=4, tm_mday=1, tm_hour=5, tm_min=30, tm_sec=35, tm_wday=4, tm_yday=91, tm_isdst=-1)",2022-04-01,2022,4,91,1,30
2022-04-01 05:33:05,40.765686,-111.90889,1296.2,-9999.0,-9999.0,-9999.0,13.63,26.98,21.94,16.92,2.0,2.0,25.61,13.0,869.3,0.0,0.5,2.24,39.9,821.5,-9999.0,-9999.0,-9999.0,-9999.0,-9999.0,-9999.0,-9999.0,0.0,0,0,"time.struct_time(tm_year=2022, tm_mon=4, tm_mday=1, tm_hour=5, tm_min=33, tm_sec=5, tm_wday=4, tm_yday=91, tm_isdst=-1)",2022-04-01,2022,4,91,1,33
2022-04-01 05:35:35,40.765766,-111.908737,1293.8,-9999.0,-9999.0,-9999.0,13.63,26.97,21.94,16.82,1.0,2.0,25.61,13.0,869.0,0.0,-1.5,2.25,39.9,820.9,-9999.0,-9999.0,-9999.0,-9999.0,-9999.0,-9999.0,-9999.0,0.0,0,0,"time.struct_time(tm_year=2022, tm_mon=4, tm_mday=1, tm_hour=5, tm_min=35, tm_sec=35, tm_wday=4, tm_yday=91, tm_isdst=-1)",2022-04-01,2022,4,91,1,35
2022-04-01 05:38:05,40.765827,-111.908661,1295.1,-9999.0,-9999.0,-9999.0,13.63,26.97,21.91,17.03,1.0,2.0,25.61,13.0,869.2,0.0,-1.7,2.25,39.9,821.5,-9999.0,-9999.0,-9999.0,-9999.0,-9999.0,-9999.0,-9999.0,0.0,0,0,"time.struct_time(tm_year=2022, tm_mon=4, tm_mday=1, tm_hour=5, tm_min=38, tm_sec=5, tm_wday=4, tm_yday=91, tm_isdst=-1)",2022-04-01,2022,4,91,1,38
2022-04-01 05:40:35,40.765587,-111.908714,1295.6,-9999.0,-9999.0,-9999.0,13.63,26.97,21.91,16.91,2.0,2.0,25.61,13.0,869.2,0.0,0.3,2.25,39.9,820.9,-9999.0,-9999.0,-9999.0,-9999.0,-9999.0,-9999.0,-9999.0,0.0,0,0,"time.struct_time(tm_year=2022, tm_mon=4, tm_mday=1, tm_hour=5, tm_min=40, tm_sec=35, tm_wday=4, tm_yday=91, tm_isdst=-1)",2022-04-01,2022,4,91,1,40
2022-04-01 05:43:05,40.765728,-111.908661,1292.6,-9999.0,-9999.0,-9999.0,13.63,26.96,21.92,16.77,2.0,2.0,25.61,13.0,869.1,0.0,-2.5,2.25,39.9,821.5,-9999.0,-9999.0,-9999.0,-9999.0,-9999.0,-9999.0,-9999.0,0.0,0,0,"time.struct_time(tm_year=2022, tm_mon=4, tm_mday=1, tm_hour=5, tm_min=43, tm_sec=5, tm_wday=4, tm_yday=91, tm_isdst=-1)",2022-04-01,2022,4,91,1,43
2022-04-01 05:45:35,40.765755,-111.908592,1294.3,-9999.0,-9999.0,-9999.0,13.63,26.96,21.91,16.75,3.0,2.0,25.61,13.0,869.1,0.0,0.2,2.25,39.9,821.0,-9999.0,-9999.0,-9999.0,-9999.0,-9999.0,-9999.0,-9999.0,0.0,0,0,"time.struct_time(tm_year=2022, tm_mon=4, tm_mday=1, tm_hour=5, tm_min=45, tm_sec=35, tm_wday=4, tm_yday=91, tm_isdst=-1)",2022-04-01,2022,4,91,1,45
2022-04-01 05:48:05,40.765697,-111.908737,1293.2,-9999.0,-9999.0,-9999.0,13.63,26.95,21.9,16.69,2.0,2.0,25.61,13.0,869.3,0.0,2.3,2.25,39.9,821.7,-9999.0,-9999.0,-9999.0,-9999.0,-9999.0,-9999.0,-9999.0,0.0,0,0,"time.struct_time(tm_year=2022, tm_mon=4, tm_mday=1, tm_hour=5, tm_min=48, tm_sec=5, tm_wday=4, tm_yday=91, tm_isdst=-1)",2022-04-01,2022,4,91,1,48
2022-04-01 05:50:35,40.765629,-111.908684,1292.0,-9999.0,-9999.0,-9999.0,13.63,26.95,21.9,16.76,2.0,2.0,25.61,13.0,869.3,0.0,1.3,2.26,39.9,821.0,-9999.0,-9999.0,-9999.0,-9999.0,-9999.0,-9999.0,-9999.0,0.0,0,0,"time.struct_time(tm_year=2022, tm_mon=4, tm_mday=1, tm_hour=5, tm_min=50, tm_sec=35, tm_wday=4, tm_yday=91, tm_isdst=-1)",2022-04-01,2022,4,91,1,50
2022-04-01 05:53:05,40.765465,-111.908882,1294.1,-9999.0,-9999.0,-9999.0,13.63,26.94,21.92,16.67,2.0,2.0,25.61,13.0,869.2,0.0,-0.4,2.25,39.9,821.7,-9999.0,-9999.0,-9999.0,-9999.0,-9999.0,-9999.0,-9999.0,0.0,0,0,"time.struct_time(tm_year=2022, tm_mon=4, tm_mday=1, tm_hour=5, tm_min=53, tm_sec=5, tm_wday=4, tm_yday=91, tm_isdst=-1)",2022-04-01,2022,4,91,1,53
2022-04-01 05:55:35,40.765636,-111.908707,1294.3,-9999.0,-9999.0,-9999.0,13.63,26.94,21.92,16.57,1.0,2.0,25.61,13.0,869.2,0.0,-3.1,2.25,39.9,821.1,-9999.0,-9999.0,-9999.0,-9999.0,-9999.0,-9999.0,-9999.0,0.0,0,0,"time.struct_time(tm_year=2022, tm_mon=4, tm_mday=1, tm_hour=5, tm_min=55, tm_sec=35, tm_wday=4, tm_yday=91, tm_isdst=-1)",2022-04-01,2022,4,91,1,55
2022-04-01 05:58:05,40.765732,-111.908638,1298.9,-9999.0,-9999.0,-9999.0,13.63,26.94,21.92,16.65,2.0,2.0,25.61,13.0,869.4,0.0,-0.0,2.25,39.9,821.6,-9999.0,-9999.0,-9999.0,-9999.0,-9999.0,-9999.0,-9999.0,0.0,0,0,"time.struct_time(tm_year=2022, tm_mon=4, tm_mday=1, tm_hour=5, tm_min=58, tm_sec=5, tm_wday=4, tm_yday=91, tm_isdst=-1)",2022-04-01,2022,4,91,1,58
2022-04-01 06:00:35,40.765671,-111.908722,1300.3,-9999.0,-9999.0,-9999.0,13.63,26.93,21.99,16.7,1.0,2.0,25.61,13.0,869.3,0.0,4.1,2.24,39.9,821.1,-9999.0,-9999.0,-9999.0,-9999.0,-9999.0,-9999.0,-9999.0,0.0,0,0,"time.struct_time(tm_year=2022, tm_mon=4, tm_mday=1, tm_hour=6, tm_min=0, tm_sec=35, tm_wday=4, tm_yday=91, tm_isdst=-1)",2022-04-01,2022,4,91,1,0
2022-04-01 06:03:05,40.76569,-111.908768,1292.2,-9999.0,-9999.0,-9999.0,13.63,26.93,21.94,16.64,2.0,2.0,25.61,13.0,869.4,0.0,-1.1,2.25,39.9,821.6,-9999.0,-9999.0,-9999.0,-9999.0,-9999.0,-9999.0,-9999.0,0.0,0,0,"time.struct_time(tm_year=2022, tm_mon=4, tm_mday=1, tm_hour=6, tm_min=3, tm_sec=5, tm_wday=4, tm_yday=91, tm_isdst=-1)",2022-04-01,2022,4,91,1,3
2022-04-01 06:06:40,40.765564,-111.908798,1279.0,-9999.0,-9999.0,-9999.0,13.63,26.93,21.94,16.64,2.0,2.0,25.5,13.0,869.6,0.0,-1.1,2.25,39.9,821.2,-9999.0,-9999.0,-9999.0,-9999.0,-9999.0,-9999.0,-9999.0,0.0,0,0,"time.struct_time(tm_year=2022, tm_mon=4, tm_mday=1, tm_hour=6, tm_min=6, tm_sec=40, tm_wday=4, tm_yday=91, tm_isdst=-1)",2022-04-01,2022,4,91,1,6
2022-04-01 06:09:10,40.765583,-111.908997,1282.2,-9999.0,-9999.0,-9999.0,13.63,26.92,21.94,16.71,2.0,2.0,25.5,13.0,869.5,0.0,-0.7,2.24,39.9,821.7,-9999.0,-9999.0,-9999.0,-9999.0,-9999.0,-9999.0,-9999.0,0.0,0,0,"time.struct_time(tm_year=2022, tm_mon=4, tm_mday=1, tm_hour=6, tm_min=9, tm_sec=10, tm_wday=4, tm_yday=91, tm_isdst=-1)",2022-04-01,2022,4,91,1,9
2022-04-01 06:11:40,40.765659,-111.908669,1288.3,-9999.0,-9999.0,-9999.0,13.63,26.92,21.93,16.7,1.0,2.0,25.5,13.0,869.6,0.0,0.3,2.25,39.9,821.2,-9999.0,-9999.0,-9999.0,-9999.0,-9999.0,-9999.0,-9999.0,0.0,0,0,"time.struct_time(tm_year=2022, tm_mon=4, tm_mday=1, tm_hour=6, tm_min=11, tm_sec=40, tm_wday=4, tm_yday=91, tm_isdst=-1)",2022-04-01,2022,4,91,1,11
2022-04-01 06:14:10,40.765736,-111.908821,1293.3,-9999.0,-9999.0,-9999.0,13.63,26.91,21.94,16.77,2.0,2.0,25.5,13.0,869.6,0.0,2.4,2.24,39.9,821.8,-9999.0,-9999.0,-9999.0,-9999.0,-9999.0,-9999.0,-9999.0,0.0,0,0,"time.struct_time(tm_year=2022, tm_mon=4, tm_mday=1, tm_hour=6, tm_min=14, tm_sec=10, tm_wday=4, tm_yday=91, tm_isdst=-1)",2022-04-01,2022,4,91,1,14
2022-04-01 06:16:40,40.765694,-111.90863,1296.5,-9999.0,-9999.0,-9999.0,13.63,26.91,21.94,16.69,2.0,2.0,25.5,13.0,869.8,0.0,-0.9,2.25,39.9,821.3,-9999.0,-9999.0,-9999.0,-9999.0,-9999.0,-9999.0,-9999.0,0.0,0,0,"time.struct_time(tm_year=2022, tm_mon=4, tm_mday=1, tm_hour=6, tm_min=16, tm_sec=40, tm_wday=4, tm_yday=91, tm_isdst=-1)",2022-04-01,2022,4,91,1,16
2022-04-01 06:19:10,40.765694,-111.908562,1301.4,-9999.0,-9999.0,-9999.0,13.63,26.91,21.94,16.84,1.0,2.0,25.5,13.0,869.7,0.0,0.8,2.24,39.9,822.1,-9999.0,-9999.0,-9999.0,-9999.0,-9999.0,-9999.0,-9999.0,0.0,0,0,"time.struct_time(tm_year=2022, tm_mon=4, tm_mday=1, tm_hour=6, tm_min=19, tm_sec=10, tm_wday=4, tm_yday=91, tm_isdst=-1)",2022-04-01,2022,4,91,1,19
2022-04-01 06:21:40,40.765682,-111.908844,1302.1,-9999.0,-9999.0,-9999.0,13.63,26.9,21.98,16.93,1.0,2.0,25.5,13.0,869.9,0.0,-1.1,2.25,39.9,821.3,-9999.0,-9999.0,-9999.0,-9999.0,-9999.0,-9999.0,-9999.0,0.0,0,0,"time.struct_time(tm_year=2022, tm_mon=4, tm_mday=1, tm_hour=6, tm_min=21, tm_sec=40, tm_wday=4, tm_yday=91, tm_isdst=-1)",2022-04-01,2022,4,91,1,21
2022-04-01 06:24:10,40.765636,-111.908691,1298.7,-9999.0,-9999.0,-9999.0,13.63,26.9,21.95,16.83,1.0,2.0,25.5,13.0,869.9,0.0,3.0,2.25,39.9,821.9,-9999.0,-9999.0,-9999.0,-9999.0,-9999.0,-9999.0,-9999.0,0.0,0,0,"time.struct_time(tm_year=2022, tm_mon=4, tm_mday=1, tm_hour=6, tm_min=24, tm_sec=10, tm_wday=4, tm_yday=91, tm_isdst=-1)",2022-04-01,2022,4,91,1,24
2022-04-01 06:26:40,40.765652,-111.908623,1297.7,-9999.0,-9999.0,-9999.0,13.63,26.89,21.94,16.79,1.0,2.0,25.5,13.0,869.9,0.0,-0.4,2.24,39.9,821.4,-9999.0,-9999.0,-9999.0,-9999.0,-9999.0,-9999.0,-9999.0,0.0,0,0,"time.struct_time(tm_year=2022, tm_mon=4, tm_mday=1, tm_hour=6, tm_min=26, tm_sec=40, tm_wday=4, tm_yday=91, tm_isdst=-1)",2022-04-01,2022,4,91,1,26
2022-04-01 06:29:10,40.765717,-111.908653,1299.9,-9999.0,-9999.0,-9999.0,13.63,26.89,21.91,16.81,2.0,2.0,25.5,13.0,869.8,0.0,0.6,2.25,39.9,822.0,-9999.0,-9999.0,-9999.0,-9999.0,-9999.0,-9999.0,-9999.0,0.0,0,0,"time.struct_time(tm_year=2022, tm_mon=4, tm_mday=1, tm_hour=6, tm_min=29, tm_sec=10, tm_wday=4, tm_yday=91, tm_isdst=-1)",2022-04-01,2022,4,91,1,29
2022-04-01 06:31:40,40.765656,-111.908577,1300.3,-9999.0,-9999.0,-9999.0,13.63,26.88,21.89,16.86,1.0,2.0,25.39,13.0,869.7,0.0,0.7,2.25,39.8,821.5,-9999.0,-9999.0,-9999.0,-9999.0,-9999.0,-9999.0,-9999.0,0.0,0,0,"time.struct_time(tm_year=2022, tm_mon=4, tm_mday=1, tm_hour=6, tm_min=31, tm_sec=40, tm_wday=4, tm_yday=91, tm_isdst=-1)",2022-04-01,2022,4,91,1,31
2022-04-01 06:34:10,40.765705,-111.90863,1300.9,-9999.0,-9999.0,-9999.0,13.63,26.87,21.88,16.86,1.0,2.0,25.39,13.0,869.8,0.0,3.3,2.24,39.8,822.2,-9999.0,-9999.0,-9999.0,-9999.0,-9999.0,-9999.0,-9999.0,0.0,0,0,"time.struct_time(tm_year=2022, tm_mon=4, tm_mday=1, tm_hour=6, tm_min=34, tm_sec=10, tm_wday=4, tm_yday=91, tm_isdst=-1)",2022-04-01,2022,4,91,1,34
2022-04-01 06:36:40,40.765583,-111.908691,1310.0,-9999.0,-9999.0,-9999.0,13.63,26.86,21.86,16.85,2.0,2.0,25.39,13.0,870.0,0.0,1.2,2.26,39.8,821.4,-9999.0,-9999.0,-9999.0,-9999.0,-9999.0,-9999.0,-9999.0,0.0,0,0,"time.struct_time(tm_year=2022, tm_mon=4, tm_mday=1, tm_hour=6, tm_min=36, tm_sec=40, tm_wday=4, tm_yday=91, tm_isdst=-1)",2022-04-01,2022,4,91,1,36
2022-04-01 06:39:10,40.765553,-111.908501,1312.6,-9999.0,-9999.0,-9999.0,13.63,26.85,21.81,16.78,1.0,2.0,25.39,13.0,869.8,0.0,0.9,2.24,39.8,822.1,-9999.0,-9999.0,-9999.0,-9999.0,-9999.0,-9999.0,-9999.0,0.0,0,0,"time.struct_time(tm_year=2022, tm_mon=4, tm_mday=1, tm_hour=6, tm_min=39, tm_sec=10, tm_wday=4, tm_yday=91, tm_isdst=-1)",2022-04-01,2022,4,91,1,39
2022-04-01 06:41:40,40.765648,-111.908554,1312.6,-9999.0,-9999.0,-9999.0,13.63,26.84,21.85,16.92,2.0,2.0,25.39,13.0,870.0,0.0,2.6,2.25,39.8,821.6,-9999.0,-9999.0,-9999.0,-9999.0,-9999.0,-9999.0,-9999.0,0.0,0,0,"time.struct_time(tm_year=2022, tm_mon=4, tm_mday=1, tm_hour=6, tm_min=41, tm_sec=40, tm_wday=4, tm_yday=91, tm_isdst=-1)",2022-04-01,2022,4,91,1,41
2022-04-01 06:44:10,40.765606,-111.908348,1311.6,-9999.0,-9999.0,-9999.0,13.63,26.83,21.78,16.8,2.0,2.0,25.39,13.0,870.0,0.0,-1.5,2.25,39.8,822.2,-9999.0,-9999.0,-9999.0,-9999.0,-9999.0,-9999.0,-9999.0,0.0,0,0,"time.struct_time(tm_year=2022, tm_mon=4, tm_mday=1, tm_hour=6, tm_min=44, tm_sec=10, tm_wday=4, tm_yday=91, tm_isdst=-1)",2022-04-01,2022,4,91,1,44
2022-04-01 06:46:40,40.765602,-111.908516,1320.5,-9999.0,-9999.0,-9999.0,13.63,26.82,21.76,16.81,1.0,2.0,25.39,13.0,869.8,0.0,-0.7,2.25,39.8,821.5,-9999.0,-9999.0,-9999.0,-9999.0,-9999.0,-9999.0,-9999.0,0.0,0,0,"time.struct_time(tm_year=2022, tm_mon=4, tm_mday=1, tm_hour=6, tm_min=46, tm_sec=40, tm_wday=4, tm_yday=91, tm_isdst=-1)",2022-04-01,2022,4,91,1,46
2022-04-01 06:49:10,40.765587,-111.908485,1321.5,-9999.0,-9999.0,-9999.0,13.63,26.81,21.72,16.83,1.0,2.0,25.28,13.0,870.0,0.0,-0.6,2.25,39.8,822.2,-9999.0,-9999.0,-9999.0,-9999.0,-9999.0,-9999.0,-9999.0,0.0,0,0,"time.struct_time(tm_year=2022, tm_mon=4, tm_mday=1, tm_hour=6, tm_min=49, tm_sec=10, tm_wday=4, tm_yday=91, tm_isdst=-1)",2022-04-01,2022,4,91,1,49
2022-04-01 06:51:40,40.765522,-111.908447,1318.5,-9999.0,-9999.0,-9999.0,13.63,26.8,21.69,16.9,2.0,2.0,25.28,13.0,870.1,0.0,-0.1,2.24,39.8,821.6,-9999.0,-9999.0,-9999.0,-9999.0,-9999.0,-9999.0,-9999.0,0.0,0,0,"time.struct_time(tm_year=2022, tm_mon=4, tm_mday=1, tm_hour=6, tm_min=51, tm_sec=40, tm_wday=4, tm_yday=91, tm_isdst=-1)",2022-04-01,2022,4,91,1,51
2022-04-01 06:54:10,40.765564,-111.9086,1316.8,-9999.0,-9999.0,-9999.0,13.63,26.78,21.67,16.67,2.0,2.0,25.28,12.0,869.9,0.0,-0.7,2.25,39.8,822.2,-9999.0,-9999.0,-9999.0,-9999.0,-9999.0,-9999.0,-9999.0,0.0,0,0,"time.struct_time(tm_year=2022, tm_mon=4, tm_mday=1, tm_hour=6, tm_min=54, tm_sec=10, tm_wday=4, tm_yday=91, tm_isdst=-1)",2022-04-01,2022,4,91,1,54
2022-04-01 06:56:40,40.765579,-111.908493,1310.6,-9999.0,-9999.0,-9999.0,13.63,26.77,21.66,17.01,2.0,2.0,25.28,13.0,870.0,0.0,-1.1,2.25,39.8,821.5,-9999.0,-9999.0,-9999.0,-9999.0,-9999.0,-9999.0,-9999.0,0.0,0,0,"time.struct_time(tm_year=2022, tm_mon=4, tm_mday=1, tm_hour=6, tm_min=56, tm_sec=40, tm_wday=4, tm_yday=91, tm_isdst=-1)",2022-04-01,2022,4,91,1,56
2022-04-01 06:59:10,40.765591,-111.908417,1300.6,-9999.0,-9999.0,-9999.0,13.63,26.77,21.63,17.22,2.0,2.0,25.28,13.0,869.9,0.0,-2.1,2.26,39.8,822.2,-9999.0,-9999.0,-9999.0,-9999.0,-9999.0,-9999.0,-9999.0,0.0,0,0,"time.struct_time(tm_year=2022, tm_mon=4, tm_mday=1, tm_hour=6, tm_min=59, tm_sec=10, tm_wday=4, tm_yday=91, tm_isdst=-1)",2022-04-01,2022,4,91,1,59
2022-04-01 07:01:40,40.765583,-111.908485,1298.2,-9999.0,-9999.0,-9999.0,13.63,26.76,21.63,17.42,1.0,2.0,25.28,13.0,869.9,0.0,2.2,2.25,39.8,821.5,-9999.0,-9999.0,-9999.0,-9999.0,-9999.0,-9999.0,-9999.0,0.0,0,0,"time.struct_time(tm_year=2022, tm_mon=4, tm_mday=1, tm_hour=7, tm_min=1, tm_sec=40, tm_wday=4, tm_yday=91, tm_isdst=-1)",2022-04-01,2022,4,91,1,1
2022-04-01 07:04:10,40.765556,-111.908432,1297.3,-9999.0,-9999.0,-9999.0,13.63,26.75,21.63,17.62,2.0,2.0,25.28,13.0,869.9,0.0,-0.0,2.25,39.7,822.1,-9999.0,-9999.0,-9999.0,-9999.0,-9999.0,-9999.0,-9999.0,0.0,0,0,"time.struct_time(tm_year=2022, tm_mon=4, tm_mday=1, tm_hour=7, tm_min=4, tm_sec=10, tm_wday=4, tm_yday=91, tm_isdst=-1)",2022-04-01,2022,4,91,1,4
2022-04-01 07:06:40,40.765808,-111.908722,1296.5,-9999.0,-9999.0,-9999.0,13.63,26.75,21.64,17.45,2.0,2.0,25.28,13.0,869.8,0.0,-0.4,2.24,39.7,821.5,-9999.0,-9999.0,-9999.0,-9999.0,-9999.0,-9999.0,-9999.0,0.0,0,0,"time.struct_time(tm_year=2022, tm_mon=4, tm_mday=1, tm_hour=7, tm_min=6, tm_sec=40, tm_wday=4, tm_yday=91, tm_isdst=-1)",2022-04-01,2022,4,91,1,6
2022-04-01 07:10:15,40.765697,-111.908554,1286.5,-9999.0,-9999.0,-9999.0,13.63,26.74,21.65,17.51,2.0,2.0,25.28,13.0,869.8,0.0,0.5,2.25,39.7,821.5,-9999.0,-9999.0,-9999.0,-9999.0,-9999.0,-9999.0,-9999.0,0.0,0,0,"time.struct_time(tm_year=2022, tm_mon=4, tm_mday=1, tm_hour=7, tm_min=10, tm_sec=15, tm_wday=4, tm_yday=91, tm_isdst=-1)",2022-04-01,2022,4,91,1,10
2022-04-01 07:12:45,40.765697,-111.908638,1285.7,-9999.0,-9999.0,-9999.0,13.63,26.74,21.66,17.51,1.0,2.0,25.28,13.0,870.1,0.0,0.3,2.24,39.7,822.3,-9999.0,-9999.0,-9999.0,-9999.0,-9999.0,-9999.0,-9999.0,0.0,0,0,"time.struct_time(tm_year=2022, tm_mon=4, tm_mday=1, tm_hour=7, tm_min=12, tm_sec=45, tm_wday=4, tm_yday=91, tm_isdst=-1)",2022-04-01,2022,4,91,1,12
2022-04-01 07:15:15,40.765648,-111.908844,1293.5,-9999.0,-9999.0,-9999.0,13.63,26.73,21.63,17.48,1.0,2.0,25.28,13.0,870.1,0.0,-1.1,2.24,39.7,821.6,-9999.0,-9999.0,-9999.0,-9999.0,-9999.0,-9999.0,-9999.0,0.0,0,0,"time.struct_time(tm_year=2022, tm_mon=4, tm_mday=1, tm_hour=7, tm_min=15, tm_sec=15, tm_wday=4, tm_yday=91, tm_isdst=-1)",2022-04-01,2022,4,91,1,15
2022-04-01 07:17:45,40.765751,-111.908585,1296.3,-9999.0,-9999.0,-9999.0,13.63,26.73,21.63,17.46,1.0,2.0,25.28,13.0,869.9,0.0,1.3,2.26,39.7,822.3,-9999.0,-9999.0,-9999.0,-9999.0,-9999.0,-9999.0,-9999.0,0.0,0,0,"time.struct_time(tm_year=2022, tm_mon=4, tm_mday=1, tm_hour=7, tm_min=17, tm_sec=45, tm_wday=4, tm_yday=91, tm_isdst=-1)",2022-04-01,2022,4,91,1,17
2022-04-01 07:20:15,40.765888,-111.9086,1294.2,-9999.0,-9999.0,-9999.0,13.63,26.72,21.63,17.4,2.0,2.0,25.28,13.0,870.0,0.0,1.4,2.24,39.7,821.6,-9999.0,-9999.0,-9999.0,-9999.0,-9999.0,-9999.0,-9999.0,0.0,0,0,"time.struct_time(tm_year=2022, tm_mon=4, tm_mday=1, tm_hour=7, tm_min=20, tm_sec=15, tm_wday=4, tm_yday=91, tm_isdst=-1)",2022-04-01,2022,4,91,1,20
2022-04-01 07:22:45,40.765736,-111.908669,1291.0,-9999.0,-9999.0,-9999.0,13.63,26.71,21.61,17.36,1.0,2.0,25.28,13.0,870.0,0.0,-0.7,2.24,39.7,822.3,-9999.0,-9999.0,-9999.0,-9999.0,-9999.0,-9999.0,-9999.0,0.0,0,0,"time.struct_time(tm_year=2022, tm_mon=4, tm_mday=1, tm_hour=7, tm_min=22, tm_sec=45, tm_wday=4, tm_yday=91, tm_isdst=-1)",2022-04-01,2022,4,91,1,22
2022-04-01 07:25:15,40.765652,-111.908569,1293.0,-9999.0,-9999.0,-9999.0,13.63,26.71,21.61,17.32,2.0,2.0,25.28,13.0,870.1,0.0,-0.3,2.25,39.7,821.6,-9999.0,-9999.0,-9999.0,-9999.0,-9999.0,-9999.0,-9999.0,0.0,0,0,"time.struct_time(tm_year=2022, tm_mon=4, tm_mday=1, tm_hour=7, tm_min=25, tm_sec=15, tm_wday=4, tm_yday=91, tm_isdst=-1)",2022-04-01,2022,4,91,1,25
2022-04-01 07:27:45,40.765728,-111.908661,1294.8,-9999.0,-9999.0,-9999.0,13.63,26.7,21.59,17.42,3.0,2.0,25.28,13.0,870.1,0.0,0.8,2.25,39.7,822.4,-9999.0,-9999.0,-9999.0,-9999.0,-9999.0,-9999.0,-9999.0,0.0,0,0,"time.struct_time(tm_year=2022, tm_mon=4, tm_mday=1, tm_hour=7, tm_min=27, tm_sec=45, tm_wday=4, tm_yday=91, tm_isdst=-1)",2022-04-01,2022,4,91,1,27
2022-04-01 07:30:15,40.765732,-111.908691,1290.8,-9999.0,-9999.0,-9999.0,13.63,26.69,21.57,17.46,1.0,2.0,25.28,13.0,870.1,0.0,-0.1,2.24,39.7,821.7,-9999.0,-9999.0,-9999.0,-9999.0,-9999.0,-9999.0,-9999.0,0.0,0,0,"time.struct_time(tm_year=2022, tm_mon=4, tm_mday=1, tm_hour=7, tm_min=30, tm_sec=15, tm_wday=4, tm_yday=91, tm_isdst=-1)",2022-04-01,2022,4,91,1,30
2022-04-01 07:32:45,40.765617,-111.908646,1295.6,-9999.0,-9999.0,-9999.0,13.63,26.68,21.53,17.48,2.0,2.0,25.22,13.0,870.0,0.0,1.8,2.24,39.7,822.3,-9999.0,-9999.0,-9999.0,-9999.0,-9999.0,-9999.0,-9999.0,0.0,0,0,"time.struct_time(tm_year=2022, tm_mon=4, tm_mday=1, tm_hour=7, tm_min=32, tm_sec=45, tm_wday=4, tm_yday=91, tm_isdst=-1)",2022-04-01,2022,4,91,1,32
2022-04-01 07:35:15,40.765602,-111.908661,1296.5,-9999.0,-9999.0,-9999.0,13.63,26.67,21.53,17.44,1.0,2.0,25.22,13.0,870.2,0.0,-0.1,2.25,39.7,821.7,-9999.0,-9999.0,-9999.0,-9999.0,-9999.0,-9999.0,-9999.0,0.0,0,0,"time.struct_time(tm_year=2022, tm_mon=4, tm_mday=1, tm_hour=7, tm_min=35, tm_sec=15, tm_wday=4, tm_yday=91, tm_isdst=-1)",2022-04-01,2022,4,91,1,35
2022-04-01 07:37:45,40.765701,-111.9086,1293.1,-9999.0,-9999.0,-9999.0,13.63,26.66,21.51,17.52,2.0,2.0,25.22,13.0,870.1,0.0,0.3,2.25,39.6,822.4,-9999.0,-9999.0,-9999.0,-9999.0,-9999.0,-9999.0,-9999.0,0.0,0,0,"time.struct_time(tm_year=2022, tm_mon=4, tm_mday=1, tm_hour=7, tm_min=37, tm_sec=45, tm_wday=4, tm_yday=91, tm_isdst=-1)",2022-04-01,2022,4,91,1,37
2022-04-01 07:40:15,40.765659,-111.908623,1297.4,-9999.0,-9999.0,-9999.0,13.63,26.64,21.51,17.48,2.0,2.0,25.22,13.0,870.3,0.0,0.9,2.25,39.6,821.8,-9999.0,-9999.0,-9999.0,-9999.0,-9999.0,-9999.0,-9999.0,0.0,0,0,"time.struct_time(tm_year=2022, tm_mon=4, tm_mday=1, tm_hour=7, tm_min=40, tm_sec=15, tm_wday=4, tm_yday=91, tm_isdst=-1)",2022-04-01,2022,4,91,1,40
2022-04-01 07:42:45,40.765839,-111.908623,1296.3,-9999.0,-9999.0,-9999.0,13.63,26.64,21.49,17.42,2.0,2.0,25.22,13.0,870.3,0.0,0.5,2.25,39.6,822.4,-9999.0,-9999.0,-9999.0,-9999.0,-9999.0,-9999.0,-9999.0,0.0,0,0,"time.struct_time(tm_year=2022, tm_mon=4, tm_mday=1, tm_hour=7, tm_min=42, tm_sec=45, tm_wday=4, tm_yday=91, tm_isdst=-1)",2022-04-01,2022,4,91,1,42
2022-04-01 07:45:15,40.765766,-111.908562,1297.6,-9999.0,-9999.0,-9999.0,13.63,26.62,21.48,17.41,2.0,2.0,25.22,13.0,870.3,0.0,0.6,2.25,39.6,821.9,-9999.0,-9999.0,-9999.0,-9999.0,-9999.0,-9999.0,-9999.0,0.0,0,0,"time.struct_time(tm_year=2022, tm_mon=4, tm_mday=1, tm_hour=7, tm_min=45, tm_sec=15, tm_wday=4, tm_yday=91, tm_isdst=-1)",2022-04-01,2022,4,91,1,45
2022-04-01 07:47:45,40.76582,-111.908485,1297.6,-9999.0,-9999.0,-9999.0,13.63,26.61,21.48,17.38,2.0,2.0,25.22,13.0,870.4,0.0,1.5,2.24,39.6,822.7,-9999.0,-9999.0,-9999.0,-9999.0,-9999.0,-9999.0,-9999.0,0.0,0,0,"time.struct_time(tm_year=2022, tm_mon=4, tm_mday=1, tm_hour=7, tm_min=47, tm_sec=45, tm_wday=4, tm_yday=91, tm_isdst=-1)",2022-04-01,2022,4,91,1,47
2022-04-01 07:50:15,40.765629,-111.908615,1289.7,-9999.0,-9999.0,-9999.0,13.63,26.6,21.44,17.4,1.0,2.0,25.11,13.0,870.6,0.0,0.4,2.24,39.6,822.0,-9999.0,-9999.0,-9999.0,-9999.0,-9999.0,-9999.0,-9999.0,0.0,0,0,"time.struct_time(tm_year=2022, tm_mon=4, tm_mday=1, tm_hour=7, tm_min=50, tm_sec=15, tm_wday=4, tm_yday=91, tm_isdst=-1)",2022-04-01,2022,4,91,1,50
2022-04-01 07:52:45,40.765579,-111.908607,1298.9,-9999.0,-9999.0,-9999.0,13.63,26.59,21.41,17.37,2.0,2.0,25.11,13.0,870.6,0.0,0.9,2.24,39.6,822.7,-9999.0,-9999.0,-9999.0,-9999.0,-9999.0,-9999.0,-9999.0,0.0,0,0,"time.struct_time(tm_year=2022, tm_mon=4, tm_mday=1, tm_hour=7, tm_min=52, tm_sec=45, tm_wday=4, tm_yday=91, tm_isdst=-1)",2022-04-01,2022,4,91,1,52
2022-04-01 07:55:15,40.765636,-111.908585,1296.1,-9999.0,-9999.0,-9999.0,13.63,26.58,21.38,17.37,2.0,2.0,25.11,13.0,870.4,0.0,0.5,2.25,39.6,822.0,-9999.0,-9999.0,-9999.0,-9999.0,-9999.0,-9999.0,-9999.0,0.0,0,0,"time.struct_time(tm_year=2022, tm_mon=4, tm_mday=1, tm_hour=7, tm_min=55, tm_sec=15, tm_wday=4, tm_yday=91, tm_isdst=-1)",2022-04-01,2022,4,91,1,55
2022-04-01 07:57:45,40.765579,-111.908493,1291.2,-9999.0,-9999.0,-9999.0,13.63,26.56,21.34,17.33,2.0,2.0,25.11,13.0,870.5,0.0,1.7,2.23,39.6,822.7,-9999.0,-9999.0,-9999.0,-9999.0,-9999.0,-9999.0,-9999.0,0.0,0,0,"time.struct_time(tm_year=2022, tm_mon=4, tm_mday=1, tm_hour=7, tm_min=57, tm_sec=45, tm_wday=4, tm_yday=91, tm_isdst=-1)",2022-04-01,2022,4,91,1,57
2022-04-01 08:00:15,40.765644,-111.908554,1285.8,-9999.0,-9999.0,-9999.0,13.63,26.55,21.27,17.3,2.0,2.0,25.11,13.0,870.7,0.0,2.3,2.24,39.6,822.1,-9999.0,-9999.0,-9999.0,-9999.0,-9999.0,-9999.0,-9999.0,0.0,0,0,"time.struct_time(tm_year=2022, tm_mon=4, tm_mday=1, tm_hour=8, tm_min=0, tm_sec=15, tm_wday=4, tm_yday=91, tm_isdst=-1)",2022-04-01,2022,4,91,1,0
2022-04-01 08:02:45,40.765652,-111.908539,1290.8,-9999.0,-9999.0,-9999.0,13.63,26.53,21.23,17.27,1.0,2.0,25.0,13.0,870.5,0.0,-2.2,2.23,39.6,822.7,-9999.0,-9999.0,-9999.0,-9999.0,-9999.0,-9999.0,-9999.0,0.0,0,0,"time.struct_time(tm_year=2022, tm_mon=4, tm_mday=1, tm_hour=8, tm_min=2, tm_sec=45, tm_wday=4, tm_yday=91, tm_isdst=-1)",2022-04-01,2022,4,91,1,2
2022-04-01 08:05:15,40.765781,-111.908493,1292.9,-9999.0,-9999.0,-9999.0,13.63,26.52,21.17,17.3,2.0,2.0,25.0,13.0,870.4,0.0,-0.8,2.23,39.5,822.0,-9999.0,-9999.0,-9999.0,-9999.0,-9999.0,-9999.0,-9999.0,0.0,0,0,"time.struct_time(tm_year=2022, tm_mon=4, tm_mday=1, tm_hour=8, tm_min=5, tm_sec=15, tm_wday=4, tm_yday=91, tm_isdst=-1)",2022-04-01,2022,4,91,1,5
2022-04-01 08:07:45,40.765755,-111.908585,1297.9,-9999.0,-9999.0,-9999.0,13.63,26.51,21.14,17.37,2.0,2.0,25.0,13.0,870.7,0.0,0.8,2.25,39.5,822.7,-9999.0,-9999.0,-9999.0,-9999.0,-9999.0,-9999.0,-9999.0,0.0,0,0,"time.struct_time(tm_year=2022, tm_mon=4, tm_mday=1, tm_hour=8, tm_min=7, tm_sec=45, tm_wday=4, tm_yday=91, tm_isdst=-1)",2022-04-01,2022,4,91,1,7
2022-04-01 08:11:20,40.765678,-111.908669,1304.0,-9999.0,-9999.0,-9999.0,13.63,26.49,21.07,17.47,2.0,2.0,25.0,13.0,870.6,0.0,0.4,2.23,39.5,822.1,-9999.0,-9999.0,-9999.0,-9999.0,-9999.0,-9999.0,-9999.0,0.0,0,0,"time.struct_time(tm_year=2022, tm_mon=4, tm_mday=1, tm_hour=8, tm_min=11, tm_sec=20, tm_wday=4, tm_yday=91, tm_isdst=-1)",2022-04-01,2022,4,91,1,11
2022-04-01 08:13:50,40.765739,-111.908524,1300.1,-9999.0,-9999.0,-9999.0,13.63,26.47,21.01,17.56,3.0,2.0,25.0,13.0,870.6,0.0,0.8,2.25,39.5,822.1,-9999.0,-9999.0,-9999.0,-9999.0,-9999.0,-9999.0,-9999.0,0.0,0,0,"time.struct_time(tm_year=2022, tm_mon=4, tm_mday=1, tm_hour=8, tm_min=13, tm_sec=50, tm_wday=4, tm_yday=91, tm_isdst=-1)",2022-04-01,2022,4,91,1,13
2022-04-01 08:16:20,40.765697,-111.908607,1293.1,-9999.0,-9999.0,-9999.0,13.63,26.46,20.97,17.66,2.0,2.0,24.89,13.0,870.5,0.0,1.6,2.25,39.5,822.1,-9999.0,-9999.0,-9999.0,-9999.0,-9999.0,-9999.0,-9999.0,0.0,0,0,"time.struct_time(tm_year=2022, tm_mon=4, tm_mday=1, tm_hour=8, tm_min=16, tm_sec=20, tm_wday=4, tm_yday=91, tm_isdst=-1)",2022-04-01,2022,4,91,1,16
2022-04-01 08:18:50,40.765522,-111.908661,1293.6,-9999.0,-9999.0,-9999.0,13.63,26.44,20.93,17.68,2.0,2.0,24.89,13.0,870.6,0.0,0.5,2.24,39.5,822.1,-9999.0,-9999.0,-9999.0,-9999.0,-9999.0,-9999.0,-9999.0,0.0,0,0,"time.struct_time(tm_year=2022, tm_mon=4, tm_mday=1, tm_hour=8, tm_min=18, tm_sec=50, tm_wday=4, tm_yday=91, tm_isdst=-1)",2022-04-01,2022,4,91,1,18
2022-04-01 08:21:20,40.765556,-111.908684,1293.4,-9999.0,-9999.0,-9999.0,13.63,26.42,20.93,17.74,2.0,2.0,24.89,13.0,870.6,0.0,1.4,2.24,39.5,822.1,-9999.0,-9999.0,-9999.0,-9999.0,-9999.0,-9999.0,-9999.0,0.0,0,0,"time.struct_time(tm_year=2022, tm_mon=4, tm_mday=1, tm_hour=8, tm_min=21, tm_sec=20, tm_wday=4, tm_yday=91, tm_isdst=-1)",2022-04-01,2022,4,91,1,21
2022-04-01 08:23:50,40.765587,-111.908836,1288.7,-9999.0,-9999.0,-9999.0,13.63,26.41,20.89,17.78,2.0,2.0,24.89,13.0,870.5,0.0,1.7,2.24,39.4,822.1,-9999.0,-9999.0,-9999.0,-9999.0,-9999.0,-9999.0,-9999.0,0.0,0,0,"time.struct_time(tm_year=2022, tm_mon=4, tm_mday=1, tm_hour=8, tm_min=23, tm_sec=50, tm_wday=4, tm_yday=91, tm_isdst=-1)",2022-04-01,2022,4,91,1,23
2022-04-01 08:26:20,40.765469,-111.908699,1287.7,-9999.0,-9999.0,-9999.0,13.63,26.39,20.87,17.85,1.0,2.0,24.89,13.0,870.4,0.0,0.1,2.24,39.4,822.0,-9999.0,-9999.0,-9999.0,-9999.0,-9999.0,-9999.0,-9999.0,0.0,0,0,"time.struct_time(tm_year=2022, tm_mon=4, tm_mday=1, tm_hour=8, tm_min=26, tm_sec=20, tm_wday=4, tm_yday=91, tm_isdst=-1)",2022-04-01,2022,4,91,1,26
2022-04-01 08:28:50,40.765629,-111.908623,1290.1,-9999.0,-9999.0,-9999.0,13.63,26.38,20.84,17.9,2.0,2.0,24.89,13.0,870.7,0.0,0.8,2.25,39.4,822.1,-9999.0,-9999.0,-9999.0,-9999.0,-9999.0,-9999.0,-9999.0,0.0,0,0,"time.struct_time(tm_year=2022, tm_mon=4, tm_mday=1, tm_hour=8, tm_min=28, tm_sec=50, tm_wday=4, tm_yday=91, tm_isdst=-1)",2022-04-01,2022,4,91,1,28
2022-04-01 08:31:20,40.765182,-111.908928,1293.7,-9999.0,-9999.0,-9999.0,13.63,26.36,20.83,17.98,2.0,2.0,24.78,13.0,870.6,0.0,1.3,2.23,39.4,822.1,-9999.0,-9999.0,-9999.0,-9999.0,-9999.0,-9999.0,-9999.0,0.0,0,0,"time.struct_time(tm_year=2022, tm_mon=4, tm_mday=1, tm_hour=8, tm_min=31, tm_sec=20, tm_wday=4, tm_yday=91, tm_isdst=-1)",2022-04-01,2022,4,91,1,31
2022-04-01 08:33:50,40.765594,-111.908684,1295.8,-9999.0,-9999.0,-9999.0,13.63,26.35,20.75,18.06,2.0,2.0,24.78,13.0,870.8,0.0,-0.4,2.23,39.4,822.2,-9999.0,-9999.0,-9999.0,-9999.0,-9999.0,-9999.0,-9999.0,0.0,0,0,"time.struct_time(tm_year=2022, tm_mon=4, tm_mday=1, tm_hour=8, tm_min=33, tm_sec=50, tm_wday=4, tm_yday=91, tm_isdst=-1)",2022-04-01,2022,4,91,1,33
2022-04-01 08:36:20,40.765732,-111.908852,1282.7,-9999.0,-9999.0,-9999.0,13.63,26.33,20.75,18.15,2.0,2.0,24.78,13.0,870.7,0.0,1.7,2.24,39.4,822.2,-9999.0,-9999.0,-9999.0,-9999.0,-9999.0,-9999.0,-9999.0,0.0,0,0,"time.struct_time(tm_year=2022, tm_mon=4, tm_mday=1, tm_hour=8, tm_min=36, tm_sec=20, tm_wday=4, tm_yday=91, tm_isdst=-1)",2022-04-01,2022,4,91,1,36
2022-04-01 08:38:50,40.7658,-111.908707,1286.0,-9999.0,-9999.0,-9999.0,13.63,26.32,20.69,18.16,2.0,2.0,24.78,13.0,870.7,0.0,1.1,2.24,39.4,822.3,-9999.0,-9999.0,-9999.0,-9999.0,-9999.0,-9999.0,-9999.0,0.0,0,0,"time.struct_time(tm_year=2022, tm_mon=4, tm_mday=1, tm_hour=8, tm_min=38, tm_sec=50, tm_wday=4, tm_yday=91, tm_isdst=-1)",2022-04-01,2022,4,91,1,38
2022-04-01 08:41:20,40.765766,-111.908852,1278.2,-9999.0,-9999.0,-9999.0,13.63,26.3,20.68,18.2,2.0,2.0,24.78,13.0,870.6,0.0,0.9,2.25,39.3,822.3,-9999.0,-9999.0,-9999.0,-9999.0,-9999.0,-9999.0,-9999.0,0.0,0,0,"time.struct_time(tm_year=2022, tm_mon=4, tm_mday=1, tm_hour=8, tm_min=41, tm_sec=20, tm_wday=4, tm_yday=91, tm_isdst=-1)",2022-04-01,2022,4,91,1,41
2022-04-01 08:43:50,40.76543,-111.908943,1281.3,-9999.0,-9999.0,-9999.0,13.63,26.29,20.68,18.26,2.0,2.0,24.72,13.0,871.0,0.0,0.6,2.23,39.3,822.3,-9999.0,-9999.0,-9999.0,-9999.0,-9999.0,-9999.0,-9999.0,0.0,0,0,"time.struct_time(tm_year=2022, tm_mon=4, tm_mday=1, tm_hour=8, tm_min=43, tm_sec=50, tm_wday=4, tm_yday=91, tm_isdst=-1)",2022-04-01,2022,4,91,1,43
2022-04-01 08:46:20,40.765648,-111.908623,1285.9,-9999.0,-9999.0,-9999.0,13.63,26.27,20.68,18.22,1.0,2.0,24.72,13.0,871.0,0.0,0.9,2.24,39.3,822.3,-9999.0,-9999.0,-9999.0,-9999.0,-9999.0,-9999.0,-9999.0,0.0,0,0,"time.struct_time(tm_year=2022, tm_mon=4, tm_mday=1, tm_hour=8, tm_min=46, tm_sec=20, tm_wday=4, tm_yday=91, tm_isdst=-1)",2022-04-01,2022,4,91,1,46
2022-04-01 08:48:50,40.765816,-111.908714,1282.6,-9999.0,-9999.0,-9999.0,13.63,26.26,20.7,18.2,2.0,2.0,24.72,13.0,871.0,0.0,0.7,2.23,39.3,822.3,-9999.0,-9999.0,-9999.0,-9999.0,-9999.0,-9999.0,-9999.0,0.0,0,0,"time.struct_time(tm_year=2022, tm_mon=4, tm_mday=1, tm_hour=8, tm_min=48, tm_sec=50, tm_wday=4, tm_yday=91, tm_isdst=-1)",2022-04-01,2022,4,91,1,48
2022-04-01 08:51:20,40.766075,-111.908539,1284.1,-9999.0,-9999.0,-9999.0,13.63,26.24,20.72,18.18,3.0,2.0,24.72,13.0,870.7,0.0,-0.5,2.24,39.3,822.2,-9999.0,-9999.0,-9999.0,-9999.0,-9999.0,-9999.0,-9999.0,0.0,0,0,"time.struct_time(tm_year=2022, tm_mon=4, tm_mday=1, tm_hour=8, tm_min=51, tm_sec=20, tm_wday=4, tm_yday=91, tm_isdst=-1)",2022-04-01,2022,4,91,1,51
2022-04-01 08:53:50,40.765862,-111.908653,1285.7,-9999.0,-9999.0,-9999.0,13.63,26.23,20.77,18.12,2.0,2.0,24.72,13.0,870.7,0.0,2.5,2.24,39.3,822.2,-9999.0,-9999.0,-9999.0,-9999.0,-9999.0,-9999.0,-9999.0,0.0,0,0,"time.struct_time(tm_year=2022, tm_mon=4, tm_mday=1, tm_hour=8, tm_min=53, tm_sec=50, tm_wday=4, tm_yday=91, tm_isdst=-1)",2022-04-01,2022,4,91,1,53
2022-04-01 08:56:20,40.765697,-111.908707,1289.1,-9999.0,-9999.0,-9999.0,13.63,26.22,20.76,18.12,2.0,2.0,24.72,13.0,870.8,0.0,4.2,2.24,39.3,822.2,-9999.0,-9999.0,-9999.0,-9999.0,-9999.0,-9999.0,-9999.0,0.0,0,0,"time.struct_time(tm_year=2022, tm_mon=4, tm_mday=1, tm_hour=8, tm_min=56, tm_sec=20, tm_wday=4, tm_yday=91, tm_isdst=-1)",2022-04-01,2022,4,91,1,56
2022-04-01 08:58:50,40.765614,-111.908722,1288.0,-9999.0,-9999.0,-9999.0,13.63,26.2,20.72,18.16,2.0,2.0,24.72,13.0,870.8,0.0,0.8,2.23,39.2,822.3,-9999.0,-9999.0,-9999.0,-9999.0,-9999.0,-9999.0,-9999.0,0.0,0,0,"time.struct_time(tm_year=2022, tm_mon=4, tm_mday=1, tm_hour=8, tm_min=58, tm_sec=50, tm_wday=4, tm_yday=91, tm_isdst=-1)",2022-04-01,2022,4,91,1,58
2022-04-01 09:01:20,40.765766,-111.908859,1288.0,-9999.0,-9999.0,-9999.0,13.63,26.19,20.68,18.22,2.0,2.0,24.61,13.0,870.9,0.0,0.5,2.23,39.2,822.3,-9999.0,-9999.0,-9999.0,-9999.0,-9999.0,-9999.0,-9999.0,0.0,0,0,"time.struct_time(tm_year=2022, tm_mon=4, tm_mday=1, tm_hour=9, tm_min=1, tm_sec=20, tm_wday=4, tm_yday=91, tm_isdst=-1)",2022-04-01,2022,4,91,1,1
2022-04-01 09:03:50,40.765636,-111.908852,1290.7,-9999.0,-9999.0,-9999.0,13.63,26.17,20.64,18.28,3.0,2.0,24.61,13.0,870.8,0.0,0.6,2.23,39.2,822.4,-9999.0,-9999.0,-9999.0,-9999.0,-9999.0,-9999.0,-9999.0,0.0,0,0,"time.struct_time(tm_year=2022, tm_mon=4, tm_mday=1, tm_hour=9, tm_min=3, tm_sec=50, tm_wday=4, tm_yday=91, tm_isdst=-1)",2022-04-01,2022,4,91,1,3
2022-04-01 09:06:20,40.765678,-111.908714,1291.4,-9999.0,-9999.0,-9999.0,13.63,26.16,20.6,18.3,2.0,2.0,24.61,13.0,870.8,0.0,0.9,2.23,39.2,822.4,-9999.0,-9999.0,-9999.0,-9999.0,-9999.0,-9999.0,-9999.0,0.0,0,0,"time.struct_time(tm_year=2022, tm_mon=4, tm_mday=1, tm_hour=9, tm_min=6, tm_sec=20, tm_wday=4, tm_yday=91, tm_isdst=-1)",2022-04-01,2022,4,91,1,6
2022-04-01 09:08:50,40.765659,-111.908577,1292.6,-9999.0,-9999.0,-9999.0,13.62,26.14,20.59,18.32,2.0,2.0,24.61,13.0,871.0,0.0,-0.1,2.23,39.2,822.4,-9999.0,-9999.0,-9999.0,-9999.0,-9999.0,-9999.0,-9999.0,0.0,0,0,"time.struct_time(tm_year=2022, tm_mon=4, tm_mday=1, tm_hour=9, tm_min=8, tm_sec=50, tm_wday=4, tm_yday=91, tm_isdst=-1)",2022-04-01,2022,4,91,1,8
2022-04-01 09:12:25,40.765659,-111.908669,1292.0,-9999.0,-9999.0,-9999.0,13.63,26.12,20.55,18.41,2.0,2.0,24.61,13.0,870.8,0.0,0.8,2.23,39.2,823.1,-9999.0,-9999.0,-9999.0,-9999.0,-9999.0,-9999.0,-9999.0,0.0,0,0,"time.struct_time(tm_year=2022, tm_mon=4, tm_mday=1, tm_hour=9, tm_min=12, tm_sec=25, tm_wday=4, tm_yday=91, tm_isdst=-1)",2022-04-01,2022,4,91,1,12
2022-04-01 09:14:55,40.765388,-111.908516,1289.9,-9999.0,-9999.0,-9999.0,13.63,26.1,20.51,18.47,2.0,2.0,24.5,13.0,870.8,0.0,-0.7,2.23,39.2,822.3,-9999.0,-9999.0,-9999.0,-9999.0,-9999.0,-9999.0,-9999.0,0.0,0,0,"time.struct_time(tm_year=2022, tm_mon=4, tm_mday=1, tm_hour=9, tm_min=14, tm_sec=55, tm_wday=4, tm_yday=91, tm_isdst=-1)",2022-04-01,2022,4,91,1,14
2022-04-01 09:17:25,40.765644,-111.908455,1285.4,-9999.0,-9999.0,-9999.0,13.63,26.09,20.44,18.48,2.0,2.0,24.5,13.0,870.9,0.0,-0.1,2.22,39.1,822.9,-9999.0,-9999.0,-9999.0,-9999.0,-9999.0,-9999.0,-9999.0,0.0,0,0,"time.struct_time(tm_year=2022, tm_mon=4, tm_mday=1, tm_hour=9, tm_min=17, tm_sec=25, tm_wday=4, tm_yday=91, tm_isdst=-1)",2022-04-01,2022,4,91,1,17
2022-04-01 09:19:55,40.765526,-111.908646,1290.2,-9999.0,-9999.0,-9999.0,13.63,26.07,20.4,18.5,2.0,2.0,24.5,13.0,870.8,0.0,-0.8,2.24,39.1,822.4,-9999.0,-9999.0,-9999.0,-9999.0,-9999.0,-9999.0,-9999.0,0.0,0,0,"time.struct_time(tm_year=2022, tm_mon=4, tm_mday=1, tm_hour=9, tm_min=19, tm_sec=55, tm_wday=4, tm_yday=91, tm_isdst=-1)",2022-04-01,2022,4,91,1,19
2022-04-01 09:22:25,40.765625,-111.908684,1287.6,-9999.0,-9999.0,-9999.0,13.62,26.06,20.38,18.54,2.0,2.0,24.5,13.0,870.9,0.0,1.0,2.24,39.1,823.1,-9999.0,-9999.0,-9999.0,-9999.0,-9999.0,-9999.0,-9999.0,0.0,0,0,"time.struct_time(tm_year=2022, tm_mon=4, tm_mday=1, tm_hour=9, tm_min=22, tm_sec=25, tm_wday=4, tm_yday=91, tm_isdst=-1)",2022-04-01,2022,4,91,1,22
2022-04-01 09:24:55,40.765606,-111.908791,1285.5,-9999.0,-9999.0,-9999.0,13.63,26.04,20.36,18.55,2.0,2.0,24.5,13.0,870.8,0.0,1.2,2.24,39.1,822.4,-9999.0,-9999.0,-9999.0,-9999.0,-9999.0,-9999.0,-9999.0,0.0,0,0,"time.struct_time(tm_year=2022, tm_mon=4, tm_mday=1, tm_hour=9, tm_min=24, tm_sec=55, tm_wday=4, tm_yday=91, tm_isdst=-1)",2022-04-01,2022,4,91,1,24
2022-04-01 09:27:25,40.765636,-111.908775,1288.4,-9999.0,-9999.0,-9999.0,13.63,26.03,20.32,18.6,2.0,2.0,24.5,13.0,871.1,0.0,-0.0,2.24,39.1,823.1,-9999.0,-9999.0,-9999.0,-9999.0,-9999.0,-9999.0,-9999.0,0.0,0,0,"time.struct_time(tm_year=2022, tm_mon=4, tm_mday=1, tm_hour=9, tm_min=27, tm_sec=25, tm_wday=4, tm_yday=91, tm_isdst=-1)",2022-04-01,2022,4,91,1,27
2022-04-01 09:29:55,40.76572,-111.908836,1290.6,-9999.0,-9999.0,-9999.0,13.63,26.01,20.32,18.61,3.0,2.0,24.5,13.0,870.9,0.0,1.0,2.23,39.1,822.4,-9999.0,-9999.0,-9999.0,-9999.0,-9999.0,-9999.0,-9999.0,0.0,0,0,"time.struct_time(tm_year=2022, tm_mon=4, tm_mday=1, tm_hour=9, tm_min=29, tm_sec=55, tm_wday=4, tm_yday=91, tm_isdst=-1)",2022-04-01,2022,4,91,1,29
2022-04-01 09:32:25,40.765701,-111.908569,1298.6,-9999.0,-9999.0,-9999.0,13.63,26.0,20.3,18.52,2.0,2.0,24.5,13.0,871.0,0.0,-0.6,2.23,39.1,823.1,-9999.0,-9999.0,-9999.0,-9999.0,-9999.0,-9999.0,-9999.0,0.0,0,0,"time.struct_time(tm_year=2022, tm_mon=4, tm_mday=1, tm_hour=9, tm_min=32, tm_sec=25, tm_wday=4, tm_yday=91, tm_isdst=-1)",2022-04-01,2022,4,91,1,32
2022-04-01 09:34:55,40.765659,-111.908676,1297.1,-9999.0,-9999.0,-9999.0,13.63,25.98,20.3,18.44,2.0,2.0,24.5,13.0,871.2,0.0,1.0,2.23,39.0,822.5,-9999.0,-9999.0,-9999.0,-9999.0,-9999.0,-9999.0,-9999.0,0.0,0,0,"time.struct_time(tm_year=2022, tm_mon=4, tm_mday=1, tm_hour=9, tm_min=34, tm_sec=55, tm_wday=4, tm_yday=91, tm_isdst=-1)",2022-04-01,2022,4,91,1,34
2022-04-01 09:37:25,40.765656,-111.9086,1294.2,-9999.0,-9999.0,-9999.0,13.63,25.97,20.3,18.42,2.0,2.0,24.39,13.0,871.0,0.0,0.3,2.24,39.0,823.2,-9999.0,-9999.0,-9999.0,-9999.0,-9999.0,-9999.0,-9999.0,0.0,0,0,"time.struct_time(tm_year=2022, tm_mon=4, tm_mday=1, tm_hour=9, tm_min=37, tm_sec=25, tm_wday=4, tm_yday=91, tm_isdst=-1)",2022-04-01,2022,4,91,1,37
2022-04-01 09:39:55,40.765759,-111.908646,1290.1,-9999.0,-9999.0,-9999.0,13.63,25.95,20.28,18.37,1.0,2.0,24.39,13.0,871.0,0.0,1.0,2.23,39.0,822.5,-9999.0,-9999.0,-9999.0,-9999.0,-9999.0,-9999.0,-9999.0,0.0,0,0,"time.struct_time(tm_year=2022, tm_mon=4, tm_mday=1, tm_hour=9, tm_min=39, tm_sec=55, tm_wday=4, tm_yday=91, tm_isdst=-1)",2022-04-01,2022,4,91,1,39
2022-04-01 09:42:25,40.765545,-111.908707,1297.2,-9999.0,-9999.0,-9999.0,13.63,25.94,20.28,18.16,2.0,2.0,24.39,13.0,871.3,0.0,1.0,2.24,39.0,823.3,-9999.0,-9999.0,-9999.0,-9999.0,-9999.0,-9999.0,-9999.0,0.0,0,0,"time.struct_time(tm_year=2022, tm_mon=4, tm_mday=1, tm_hour=9, tm_min=42, tm_sec=25, tm_wday=4, tm_yday=91, tm_isdst=-1)",2022-04-01,2022,4,91,1,42
2022-04-01 09:44:55,40.765652,-111.908752,1301.0,-9999.0,-9999.0,-9999.0,13.63,25.92,20.75,17.4,3.0,2.0,24.39,13.0,871.2,0.0,3.7,2.23,39.0,822.6,-9999.0,-9999.0,-9999.0,-9999.0,-9999.0,-9999.0,-9999.0,0.0,0,0,"time.struct_time(tm_year=2022, tm_mon=4, tm_mday=1, tm_hour=9, tm_min=44, tm_sec=55, tm_wday=4, tm_yday=91, tm_isdst=-1)",2022-04-01,2022,4,91,1,44
2022-04-01 09:47:25,40.765701,-111.908676,1289.9,-9999.0,-9999.0,-9999.0,13.63,25.92,21.17,16.99,2.0,2.0,24.5,13.0,870.9,0.0,2.2,2.24,39.0,823.2,-9999.0,-9999.0,-9999.0,-9999.0,-9999.0,-9999.0,-9999.0,0.0,0,0,"time.struct_time(tm_year=2022, tm_mon=4, tm_mday=1, tm_hour=9, tm_min=47, tm_sec=25, tm_wday=4, tm_yday=91, tm_isdst=-1)",2022-04-01,2022,4,91,1,47
2022-04-01 09:49:55,40.765659,-111.908836,1291.2,-9999.0,-9999.0,-9999.0,13.63,25.93,21.37,16.88,2.0,2.0,24.61,13.0,871.2,0.0,1.3,2.24,39.0,822.6,-9999.0,-9999.0,-9999.0,-9999.0,-9999.0,-9999.0,-9999.0,0.0,0,0,"time.struct_time(tm_year=2022, tm_mon=4, tm_mday=1, tm_hour=9, tm_min=49, tm_sec=55, tm_wday=4, tm_yday=91, tm_isdst=-1)",2022-04-01,2022,4,91,1,49
2022-04-01 09:52:25,40.765656,-111.908669,1295.5,-9999.0,-9999.0,-9999.0,13.63,25.96,21.53,16.5,1.0,2.0,24.61,13.0,871.3,0.0,2.9,2.23,39.0,823.2,-9999.0,-9999.0,-9999.0,-9999.0,-9999.0,-9999.0,-9999.0,0.0,0,0,"time.struct_time(tm_year=2022, tm_mon=4, tm_mday=1, tm_hour=9, tm_min=52, tm_sec=25, tm_wday=4, tm_yday=91, tm_isdst=-1)",2022-04-01,2022,4,91,1,52
2022-04-01 09:54:55,40.765717,-111.908966,1290.0,-9999.0,-9999.0,-9999.0,13.63,25.98,21.65,16.4,1.0,2.0,24.61,13.0,871.1,0.0,3.4,2.22,39.0,822.6,-9999.0,-9999.0,-9999.0,-9999.0,-9999.0,-9999.0,-9999.0,0.0,0,0,"time.struct_time(tm_year=2022, tm_mon=4, tm_mday=1, tm_hour=9, tm_min=54, tm_sec=55, tm_wday=4, tm_yday=91, tm_isdst=-1)",2022-04-01,2022,4,91,1,54
2022-04-01 09:57:25,40.765701,-111.908798,1283.0,-9999.0,-9999.0,-9999.0,13.63,26.0,21.69,16.25,2.0,2.0,24.72,13.0,871.2,0.0,1.9,2.24,39.0,823.3,-9999.0,-9999.0,-9999.0,-9999.0,-9999.0,-9999.0,-9999.0,0.0,0,0,"time.struct_time(tm_year=2022, tm_mon=4, tm_mday=1, tm_hour=9, tm_min=57, tm_sec=25, tm_wday=4, tm_yday=91, tm_isdst=-1)",2022-04-01,2022,4,91,1,57
2022-04-01 09:59:55,40.765675,-111.908768,1284.4,-9999.0,-9999.0,-9999.0,13.63,26.01,21.67,16.24,1.0,2.0,24.72,13.0,871.1,0.0,-1.6,2.23,39.0,822.7,-9999.0,-9999.0,-9999.0,-9999.0,-9999.0,-9999.0,-9999.0,0.0,0,0,"time.struct_time(tm_year=2022, tm_mon=4, tm_mday=1, tm_hour=9, tm_min=59, tm_sec=55, tm_wday=4, tm_yday=91, tm_isdst=-1)",2022-04-01,2022,4,91,1,59
2022-04-01 10:02:25,40.765694,-111.908623,1290.5,-9999.0,-9999.0,-9999.0,13.63,26.03,21.66,16.32,1.0,2.0,24.72,13.0,871.1,0.0,-1.0,2.24,39.0,823.4,-9999.0,-9999.0,-9999.0,-9999.0,-9999.0,-9999.0,-9999.0,0.0,0,0,"time.struct_time(tm_year=2022, tm_mon=4, tm_mday=1, tm_hour=10, tm_min=2, tm_sec=25, tm_wday=4, tm_yday=91, tm_isdst=-1)",2022-04-01,2022,4,91,1,2
2022-04-01 10:04:55,40.765663,-111.908859,1292.1,-9999.0,-9999.0,-9999.0,13.63,26.04,21.56,16.34,2.0,2.0,24.72,13.0,871.3,0.0,-0.3,2.23,39.0,822.7,-9999.0,-9999.0,-9999.0,-9999.0,-9999.0,-9999.0,-9999.0,0.0,0,0,"time.struct_time(tm_year=2022, tm_mon=4, tm_mday=1, tm_hour=10, tm_min=4, tm_sec=55, tm_wday=4, tm_yday=91, tm_isdst=-1)",2022-04-01,2022,4,91,1,4
2022-04-01 10:07:25,40.765621,-111.908882,1298.3,-9999.0,-9999.0,-9999.0,13.63,26.05,21.47,16.34,2.0,2.0,24.72,13.0,871.5,0.0,-1.3,2.23,39.0,823.4,-9999.0,-9999.0,-9999.0,-9999.0,-9999.0,-9999.0,-9999.0,0.0,0,0,"time.struct_time(tm_year=2022, tm_mon=4, tm_mday=1, tm_hour=10, tm_min=7, tm_sec=25, tm_wday=4, tm_yday=91, tm_isdst=-1)",2022-04-01,2022,4,91,1,7
2022-04-01 10:09:55,40.765759,-111.908997,1260.4,-9999.0,-9999.0,-9999.0,13.63,26.05,21.39,16.41,2.0,2.0,24.72,13.0,871.5,0.0,-1.7,2.23,39.0,822.8,-9999.0,-9999.0,-9999.0,-9999.0,-9999.0,-9999.0,-9999.0,0.0,0,0,"time.struct_time(tm_year=2022, tm_mon=4, tm_mday=1, tm_hour=10, tm_min=9, tm_sec=55, tm_wday=4, tm_yday=91, tm_isdst=-1)",2022-04-01,2022,4,91,1,9
2022-04-01 10:13:30,40.765766,-111.908745,1287.9,-9999.0,-9999.0,-9999.0,13.63,26.06,21.29,16.45,1.0,2.0,24.72,13.0,871.4,0.0,-0.2,2.23,39.0,822.8,-9999.0,-9999.0,-9999.0,-9999.0,-9999.0,-9999.0,-9999.0,0.0,0,0,"time.struct_time(tm_year=2022, tm_mon=4, tm_mday=1, tm_hour=10, tm_min=13, tm_sec=30, tm_wday=4, tm_yday=91, tm_isdst=-1)",2022-04-01,2022,4,91,1,13
2022-04-01 10:16:00,40.765667,-111.908546,1284.8,-9999.0,-9999.0,-9999.0,13.63,26.06,21.16,16.43,1.0,2.0,24.72,13.0,871.4,0.0,1.3,2.26,39.0,823.5,-9999.0,-9999.0,-9999.0,-9999.0,-9999.0,-9999.0,-9999.0,0.0,0,0,"time.struct_time(tm_year=2022, tm_mon=4, tm_mday=1, tm_hour=10, tm_min=16, tm_sec=0, tm_wday=4, tm_yday=91, tm_isdst=-1)",2022-04-01,2022,4,91,1,16
2022-04-01 10:18:30,40.765678,-111.908447,1284.5,-9999.0,-9999.0,-9999.0,13.63,26.06,21.03,16.52,1.0,2.0,24.61,13.0,871.5,0.0,0.5,2.24,39.0,822.8,-9999.0,-9999.0,-9999.0,-9999.0,-9999.0,-9999.0,-9999.0,0.0,0,0,"time.struct_time(tm_year=2022, tm_mon=4, tm_mday=1, tm_hour=10, tm_min=18, tm_sec=30, tm_wday=4, tm_yday=91, tm_isdst=-1)",2022-04-01,2022,4,91,1,18
2022-04-01 10:21:00,40.765732,-111.908455,1284.8,-9999.0,-9999.0,-9999.0,13.63,26.06,20.94,16.57,1.0,2.0,24.61,13.0,871.3,0.0,2.2,2.23,39.0,823.3,-9999.0,-9999.0,-9999.0,-9999.0,-9999.0,-9999.0,-9999.0,0.0,0,0,"time.struct_time(tm_year=2022, tm_mon=4, tm_mday=1, tm_hour=10, tm_min=21, tm_sec=0, tm_wday=4, tm_yday=91, tm_isdst=-1)",2022-04-01,2022,4,91,1,21
2022-04-01 10:23:30,40.7658,-111.908722,1288.3,-9999.0,-9999.0,-9999.0,13.63,26.05,20.89,16.62,1.0,2.0,24.61,13.0,871.3,0.0,0.2,2.24,39.0,822.7,-9999.0,-9999.0,-9999.0,-9999.0,-9999.0,-9999.0,-9999.0,0.0,0,0,"time.struct_time(tm_year=2022, tm_mon=4, tm_mday=1, tm_hour=10, tm_min=23, tm_sec=30, tm_wday=4, tm_yday=91, tm_isdst=-1)",2022-04-01,2022,4,91,1,23
2022-04-01 10:26:00,40.765648,-111.90844,1295.8,-9999.0,-9999.0,-9999.0,13.63,26.05,20.85,16.6,1.0,2.0,24.61,13.0,871.1,0.0,-0.3,2.23,39.0,823.4,-9999.0,-9999.0,-9999.0,-9999.0,-9999.0,-9999.0,-9999.0,0.0,0,0,"time.struct_time(tm_year=2022, tm_mon=4, tm_mday=1, tm_hour=10, tm_min=26, tm_sec=0, tm_wday=4, tm_yday=91, tm_isdst=-1)",2022-04-01,2022,4,91,1,26
2022-04-01 10:28:30,40.765663,-111.908379,1300.3,-9999.0,-9999.0,-9999.0,13.63,26.04,20.81,16.61,1.0,2.0,24.61,13.0,871.3,0.0,-0.4,2.23,39.0,822.8,-9999.0,-9999.0,-9999.0,-9999.0,-9999.0,-9999.0,-9999.0,0.0,0,0,"time.struct_time(tm_year=2022, tm_mon=4, tm_mday=1, tm_hour=10, tm_min=28, tm_sec=30, tm_wday=4, tm_yday=91, tm_isdst=-1)",2022-04-01,2022,4,91,1,28
2022-04-01 10:31:00,40.765713,-111.908569,1293.9,-9999.0,-9999.0,-9999.0,13.63,26.03,20.75,16.58,1.0,2.0,24.5,12.0,871.5,0.0,0.9,2.23,39.0,823.4,-9999.0,-9999.0,-9999.0,-9999.0,-9999.0,-9999.0,-9999.0,0.0,0,0,"time.struct_time(tm_year=2022, tm_mon=4, tm_mday=1, tm_hour=10, tm_min=31, tm_sec=0, tm_wday=4, tm_yday=91, tm_isdst=-1)",2022-04-01,2022,4,91,1,31
2022-04-01 10:33:30,40.765656,-111.908623,1290.0,-9999.0,-9999.0,-9999.0,13.63,26.02,20.7,16.71,1.0,2.0,24.5,12.0,871.5,0.0,1.4,2.23,39.0,822.9,-9999.0,-9999.0,-9999.0,-9999.0,-9999.0,-9999.0,-9999.0,0.0,0,0,"time.struct_time(tm_year=2022, tm_mon=4, tm_mday=1, tm_hour=10, tm_min=33, tm_sec=30, tm_wday=4, tm_yday=91, tm_isdst=-1)",2022-04-01,2022,4,91,1,33
2022-04-01 10:36:00,40.765713,-111.908806,1292.5,-9999.0,-9999.0,-9999.0,13.63,26.01,20.67,16.58,2.0,2.0,24.5,12.0,871.4,0.0,0.2,2.24,39.0,823.5,-9999.0,-9999.0,-9999.0,-9999.0,-9999.0,-9999.0,-9999.0,0.0,0,0,"time.struct_time(tm_year=2022, tm_mon=4, tm_mday=1, tm_hour=10, tm_min=36, tm_sec=0, tm_wday=4, tm_yday=91, tm_isdst=-1)",2022-04-01,2022,4,91,1,36
2022-04-01 10:38:30,40.765751,-111.908569,1280.9,-9999.0,-9999.0,-9999.0,13.63,26.0,20.63,16.6,1.0,2.0,24.5,12.0,871.4,0.0,1.9,2.23,39.0,822.8,-9999.0,-9999.0,-9999.0,-9999.0,-9999.0,-9999.0,-9999.0,0.0,0,0,"time.struct_time(tm_year=2022, tm_mon=4, tm_mday=1, tm_hour=10, tm_min=38, tm_sec=30, tm_wday=4, tm_yday=91, tm_isdst=-1)",2022-04-01,2022,4,91,1,38
2022-04-01 10:41:00,40.765732,-111.908478,1285.5,-9999.0,-9999.0,-9999.0,13.63,26.0,20.6,16.58,1.0,2.0,24.5,12.0,871.4,0.0,-0.5,2.24,39.0,823.6,-9999.0,-9999.0,-9999.0,-9999.0,-9999.0,-9999.0,-9999.0,0.0,0,0,"time.struct_time(tm_year=2022, tm_mon=4, tm_mday=1, tm_hour=10, tm_min=41, tm_sec=0, tm_wday=4, tm_yday=91, tm_isdst=-1)",2022-04-01,2022,4,91,1,41
2022-04-01 10:43:30,40.765751,-111.909111,1292.3,-9999.0,-9999.0,-9999.0,13.62,25.99,20.56,16.65,1.0,2.0,24.5,12.0,871.6,0.0,-0.1,2.23,39.0,822.9,-9999.0,-9999.0,-9999.0,-9999.0,-9999.0,-9999.0,-9999.0,0.0,0,0,"time.struct_time(tm_year=2022, tm_mon=4, tm_mday=1, tm_hour=10, tm_min=43, tm_sec=30, tm_wday=4, tm_yday=91, tm_isdst=-1)",2022-04-01,2022,4,91,1,43
2022-04-01 10:46:00,40.76569,-111.908493,1307.3,-9999.0,-9999.0,-9999.0,13.63,25.98,20.55,16.66,1.0,2.0,24.5,12.0,871.4,0.0,0.2,2.24,39.0,823.5,-9999.0,-9999.0,-9999.0,-9999.0,-9999.0,-9999.0,-9999.0,0.0,0,0,"time.struct_time(tm_year=2022, tm_mon=4, tm_mday=1, tm_hour=10, tm_min=46, tm_sec=0, tm_wday=4, tm_yday=91, tm_isdst=-1)",2022-04-01,2022,4,91,1,46
2022-04-01 10:48:30,40.765694,-111.908546,1301.9,-9999.0,-9999.0,-9999.0,13.63,25.97,20.5,16.57,1.0,2.0,24.39,12.0,871.7,0.0,1.7,2.23,39.0,822.9,-9999.0,-9999.0,-9999.0,-9999.0,-9999.0,-9999.0,-9999.0,0.0,0,0,"time.struct_time(tm_year=2022, tm_mon=4, tm_mday=1, tm_hour=10, tm_min=48, tm_sec=30, tm_wday=4, tm_yday=91, tm_isdst=-1)",2022-04-01,2022,4,91,1,48
2022-04-01 10:51:00,40.765701,-111.9086,1296.2,-9999.0,-9999.0,-9999.0,13.63,25.95,20.74,16.19,1.0,2.0,24.39,12.0,871.4,0.0,-1.3,2.23,39.0,823.7,-9999.0,-9999.0,-9999.0,-9999.0,-9999.0,-9999.0,-9999.0,0.0,0,0,"time.struct_time(tm_year=2022, tm_mon=4, tm_mday=1, tm_hour=10, tm_min=51, tm_sec=0, tm_wday=4, tm_yday=91, tm_isdst=-1)",2022-04-01,2022,4,91,1,51
2022-04-01 10:53:30,40.765717,-111.908646,1300.4,-9999.0,-9999.0,-9999.0,13.63,25.94,21.37,15.5,2.0,2.0,24.5,12.0,871.5,0.0,0.9,2.24,39.0,823.1,-9999.0,-9999.0,-9999.0,-9999.0,-9999.0,-9999.0,-9999.0,0.0,0,0,"time.struct_time(tm_year=2022, tm_mon=4, tm_mday=1, tm_hour=10, tm_min=53, tm_sec=30, tm_wday=4, tm_yday=91, tm_isdst=-1)",2022-04-01,2022,4,91,1,53
2022-04-01 10:56:00,40.765667,-111.908615,1299.9,-9999.0,-9999.0,-9999.0,13.63,25.96,21.63,15.35,1.0,2.0,24.61,12.0,871.6,0.0,1.0,2.25,39.0,823.6,-9999.0,-9999.0,-9999.0,-9999.0,-9999.0,-9999.0,-9999.0,0.0,0,0,"time.struct_time(tm_year=2022, tm_mon=4, tm_mday=1, tm_hour=10, tm_min=56, tm_sec=0, tm_wday=4, tm_yday=91, tm_isdst=-1)",2022-04-01,2022,4,91,1,56
2022-04-01 10:58:30,40.765579,-111.90863,1307.3,-9999.0,-9999.0,-9999.0,13.63,25.98,21.77,15.29,1.0,2.0,24.72,12.0,871.5,0.0,2.8,2.23,39.0,823.0,-9999.0,-9999.0,-9999.0,-9999.0,-9999.0,-9999.0,-9999.0,0.0,0,0,"time.struct_time(tm_year=2022, tm_mon=4, tm_mday=1, tm_hour=10, tm_min=58, tm_sec=30, tm_wday=4, tm_yday=91, tm_isdst=-1)",2022-04-01,2022,4,91,1,58
2022-04-01 11:01:00,40.765572,-111.908531,1298.0,-9999.0,-9999.0,-9999.0,13.63,26.0,21.92,15.23,2.0,2.0,24.72,12.0,871.6,0.0,1.8,2.23,39.0,823.5,-9999.0,-9999.0,-9999.0,-9999.0,-9999.0,-9999.0,-9999.0,0.0,0,0,"time.struct_time(tm_year=2022, tm_mon=4, tm_mday=1, tm_hour=11, tm_min=1, tm_sec=0, tm_wday=4, tm_yday=91, tm_isdst=-1)",2022-04-01,2022,4,91,1,1
2022-04-01 11:03:30,40.765652,-111.908623,1285.6,-9999.0,-9999.0,-9999.0,13.63,26.03,21.96,15.14,1.0,2.0,24.72,12.0,871.5,0.0,0.2,2.24,39.0,823.0,-9999.0,-9999.0,-9999.0,-9999.0,-9999.0,-9999.0,-9999.0,0.0,0,0,"time.struct_time(tm_year=2022, tm_mon=4, tm_mday=1, tm_hour=11, tm_min=3, tm_sec=30, tm_wday=4, tm_yday=91, tm_isdst=-1)",2022-04-01,2022,4,91,1,3
2022-04-01 11:06:00,40.765652,-111.908714,1294.2,-9999.0,-9999.0,-9999.0,13.63,26.05,21.98,15.15,2.0,2.0,24.72,12.0,871.6,0.0,0.5,2.23,39.0,823.6,-9999.0,-9999.0,-9999.0,-9999.0,-9999.0,-9999.0,-9999.0,0.0,0,0,"time.struct_time(tm_year=2022, tm_mon=4, tm_mday=1, tm_hour=11, tm_min=6, tm_sec=0, tm_wday=4, tm_yday=91, tm_isdst=-1)",2022-04-01,2022,4,91,1,6
2022-04-01 11:08:30,40.765648,-111.908714,1293.2,-9999.0,-9999.0,-9999.0,13.63,26.07,21.94,15.25,1.0,2.0,24.72,12.0,871.6,0.0,2.0,2.22,39.0,823.0,-9999.0,-9999.0,-9999.0,-9999.0,-9999.0,-9999.0,-9999.0,0.0,0,0,"time.struct_time(tm_year=2022, tm_mon=4, tm_mday=1, tm_hour=11, tm_min=8, tm_sec=30, tm_wday=4, tm_yday=91, tm_isdst=-1)",2022-04-01,2022,4,91,1,8
2022-04-01 11:11:00,40.76564,-111.9086,1304.1,-9999.0,-9999.0,-9999.0,13.63,26.08,21.84,15.35,1.0,2.0,24.72,12.0,871.6,0.0,-1.6,2.23,39.0,823.7,-9999.0,-9999.0,-9999.0,-9999.0,-9999.0,-9999.0,-9999.0,0.0,0,0,"time.struct_time(tm_year=2022, tm_mon=4, tm_mday=1, tm_hour=11, tm_min=11, tm_sec=0, tm_wday=4, tm_yday=91, tm_isdst=-1)",2022-04-01,2022,4,91,1,11
2022-04-01 11:14:35,40.765644,-111.908554,1280.8,-9999.0,-9999.0,-9999.0,13.63,26.09,21.69,15.51,1.0,2.0,24.72,12.0,871.8,0.0,3.0,2.23,39.0,823.1,-9999.0,-9999.0,-9999.0,-9999.0,-9999.0,-9999.0,-9999.0,0.0,0,0,"time.struct_time(tm_year=2022, tm_mon=4, tm_mday=1, tm_hour=11, tm_min=14, tm_sec=35, tm_wday=4, tm_yday=91, tm_isdst=-1)",2022-04-01,2022,4,91,1,14
2022-04-01 11:17:05,40.76572,-111.908569,1280.6,-9999.0,-9999.0,-9999.0,13.63,26.1,21.64,15.65,1.0,2.0,24.72,12.0,871.8,0.0,-0.4,2.23,39.0,823.9,-9999.0,-9999.0,-9999.0,-9999.0,-9999.0,-9999.0,-9999.0,0.0,0,0,"time.struct_time(tm_year=2022, tm_mon=4, tm_mday=1, tm_hour=11, tm_min=17, tm_sec=5, tm_wday=4, tm_yday=91, tm_isdst=-1)",2022-04-01,2022,4,91,1,17
2022-04-01 11:19:35,40.765728,-111.908806,1266.3,-9999.0,-9999.0,-9999.0,13.63,26.11,21.51,15.75,1.0,2.0,24.72,12.0,872.0,0.0,0.0,2.24,39.0,823.2,-9999.0,-9999.0,-9999.0,-9999.0,-9999.0,-9999.0,-9999.0,0.0,0,0,"time.struct_time(tm_year=2022, tm_mon=4, tm_mday=1, tm_hour=11, tm_min=19, tm_sec=35, tm_wday=4, tm_yday=91, tm_isdst=-1)",2022-04-01,2022,4,91,1,19
2022-04-01 11:22:05,40.765717,-111.908821,1287.7,-9999.0,-9999.0,-9999.0,13.63,26.11,21.45,15.77,1.0,2.0,24.72,12.0,871.8,0.0,-1.0,2.24,39.0,823.8,-9999.0,-9999.0,-9999.0,-9999.0,-9999.0,-9999.0,-9999.0,0.0,0,0,"time.struct_time(tm_year=2022, tm_mon=4, tm_mday=1, tm_hour=11, tm_min=22, tm_sec=5, tm_wday=4, tm_yday=91, tm_isdst=-1)",2022-04-01,2022,4,91,1,22
2022-04-01 11:24:35,40.765812,-111.90876,1269.9,-9999.0,-9999.0,-9999.0,13.63,26.11,21.39,15.81,1.0,2.0,24.72,12.0,871.8,0.0,0.6,2.22,39.1,823.2,-9999.0,-9999.0,-9999.0,-9999.0,-9999.0,-9999.0,-9999.0,0.0,0,0,"time.struct_time(tm_year=2022, tm_mon=4, tm_mday=1, tm_hour=11, tm_min=24, tm_sec=35, tm_wday=4, tm_yday=91, tm_isdst=-1)",2022-04-01,2022,4,91,1,24
2022-04-01 11:27:05,40.765778,-111.908669,1278.4,-9999.0,-9999.0,-9999.0,13.63,26.11,21.35,15.88,2.0,2.0,24.72,12.0,871.7,0.0,3.0,2.23,39.1,823.8,-9999.0,-9999.0,-9999.0,-9999.0,-9999.0,-9999.0,-9999.0,0.0,0,0,"time.struct_time(tm_year=2022, tm_mon=4, tm_mday=1, tm_hour=11, tm_min=27, tm_sec=5, tm_wday=4, tm_yday=91, tm_isdst=-1)",2022-04-01,2022,4,91,1,27
2022-04-01 11:29:35,40.7658,-111.9086,1296.7,-9999.0,-9999.0,-9999.0,13.63,26.11,21.27,15.93,1.0,2.0,24.72,12.0,871.8,0.0,2.2,2.23,39.1,823.3,-9999.0,-9999.0,-9999.0,-9999.0,-9999.0,-9999.0,-9999.0,0.0,0,0,"time.struct_time(tm_year=2022, tm_mon=4, tm_mday=1, tm_hour=11, tm_min=29, tm_sec=35, tm_wday=4, tm_yday=91, tm_isdst=-1)",2022-04-01,2022,4,91,1,29
2022-04-01 11:32:05,40.765625,-111.908607,1311.6,-9999.0,-9999.0,-9999.0,13.62,26.11,21.21,15.95,1.0,2.0,24.72,12.0,871.9,0.0,-1.9,2.22,39.1,823.9,-9999.0,-9999.0,-9999.0,-9999.0,-9999.0,-9999.0,-9999.0,0.0,0,0,"time.struct_time(tm_year=2022, tm_mon=4, tm_mday=1, tm_hour=11, tm_min=32, tm_sec=5, tm_wday=4, tm_yday=91, tm_isdst=-1)",2022-04-01,2022,4,91,1,32
2022-04-01 11:34:35,40.76569,-111.908577,1290.8,-9999.0,-9999.0,-9999.0,13.63,26.1,21.15,15.98,1.0,2.0,24.72,12.0,872.0,0.0,1.8,2.23,39.1,823.3,-9999.0,-9999.0,-9999.0,-9999.0,-9999.0,-9999.0,-9999.0,0.0,0,0,"time.struct_time(tm_year=2022, tm_mon=4, tm_mday=1, tm_hour=11, tm_min=34, tm_sec=35, tm_wday=4, tm_yday=91, tm_isdst=-1)",2022-04-01,2022,4,91,1,34
2022-04-01 11:37:05,40.765675,-111.908737,1282.0,-9999.0,-9999.0,-9999.0,13.63,26.1,21.11,16.01,1.0,2.0,24.61,12.0,871.9,0.0,-0.3,2.24,39.1,824.0,-9999.0,-9999.0,-9999.0,-9999.0,-9999.0,-9999.0,-9999.0,0.0,0,0,"time.struct_time(tm_year=2022, tm_mon=4, tm_mday=1, tm_hour=11, tm_min=37, tm_sec=5, tm_wday=4, tm_yday=91, tm_isdst=-1)",2022-04-01,2022,4,91,1,37
2022-04-01 11:39:35,40.765678,-111.908623,1281.8,-9999.0,-9999.0,-9999.0,13.63,26.09,21.05,16.05,1.0,2.0,24.61,12.0,871.8,0.0,1.1,2.24,39.1,823.3,-9999.0,-9999.0,-9999.0,-9999.0,-9999.0,-9999.0,-9999.0,0.0,0,0,"time.struct_time(tm_year=2022, tm_mon=4, tm_mday=1, tm_hour=11, tm_min=39, tm_sec=35, tm_wday=4, tm_yday=91, tm_isdst=-1)",2022-04-01,2022,4,91,1,39
