Timestamp_UTC,Latitude_ddeg,Longitude_ddeg,Elevation_m,GPS_Speed_m/s,GPS_Direction_deg,GPS_RMC_Valid_binary,Battery_Voltage_volts,Bus_Box_Temperature_degC,Bus_Top_Temperature_degC,Bus_Top_Relative_Humidity_%,ES642_PM2.5_Concentration_ug/m3,ES642_Air_Flow_Rate_L/min,ES642_Internal_Air_Temperature_degC,ES642_Internal_Relative_Humidity_%,ES642_Internal_Air_Pressure_hpa,ES642_Error_Code_code,2B_Ozone_Concentration_ppbv,2B_Air_Flow_Rate_L/min,2B_Internal_Air_Temperature_degC,2B_Internal_Air_Pressure_hpa,2B405_NO_Concentration_ppbv,2B405_NO2_Concentration_ppbv,2B405_NOX_Concentration_ppbv,2B405_Internal_Air_Temperature_degC,2B405_Internal_Air_Pressure_hpa,2B405_Air_Flow_Rate_L/min,2B405_Cell_O3_Flow_Rate_mL/min,PM2.5_Data_Flagged_binary,Ozone_Data_Flagged_binary,GPS_Data_Flagged_binary,Time_Tuple,Date,Year,Month,Day_of_Year,Day_of_Month,Minute,Hour,Transit_ID
2023-08-01 00:00:00,40.763554,-111.909508,1299.5,0.0,171.3,1.0,13.39,38.81,33.13,22.11,2.0,2.0,40.0,13.0,873.4,0.0,55.5,2.62,51.5,809.8,2.0,1.8,3.8,45.2,792.6,2.08,150.4,0.0,1,1,"time.struct_time(tm_year=2023, tm_mon=8, tm_mday=1, tm_hour=0, tm_min=0, tm_sec=0, tm_wday=1, tm_yday=213, tm_isdst=-1)",2023-08-01,2023,8,213,1,0,0,BUS03
2023-08-01 00:02:30,40.763546,-111.9095,1300.2,0.0,171.3,1.0,13.38,38.78,32.87,22.46,3.0,2.0,39.78,13.0,873.2,0.0,52.8,2.62,51.5,809.8,11.5,3.7,15.2,45.2,792.7,2.08,150.3,0.0,1,1,"time.struct_time(tm_year=2023, tm_mon=8, tm_mday=1, tm_hour=0, tm_min=2, tm_sec=30, tm_wday=1, tm_yday=213, tm_isdst=-1)",2023-08-01,2023,8,213,1,2,0,BUS03
2023-08-01 00:05:00,40.763542,-111.909492,1300.6,0.0,171.3,1.0,13.39,38.74,32.63,22.34,3.0,2.0,39.72,13.0,873.3,0.0,50.9,2.61,51.4,810.0,9.0,2.2,11.2,45.2,792.6,2.08,150.6,0.0,1,0,"time.struct_time(tm_year=2023, tm_mon=8, tm_mday=1, tm_hour=0, tm_min=5, tm_sec=0, tm_wday=1, tm_yday=213, tm_isdst=-1)",2023-08-01,2023,8,213,1,5,0,BUS03
2023-08-01 00:07:30,40.763538,-111.909492,1301.0,0.0,171.3,1.0,13.39,38.65,32.61,22.08,2.0,2.0,39.61,13.0,873.4,0.0,51.9,2.61,51.4,809.9,11.0,7.2,18.2,45.2,792.5,2.08,150.4,0.0,1,0,"time.struct_time(tm_year=2023, tm_mon=8, tm_mday=1, tm_hour=0, tm_min=7, tm_sec=30, tm_wday=1, tm_yday=213, tm_isdst=-1)",2023-08-01,2023,8,213,1,7,0,BUS03
2023-08-01 00:10:00,40.763535,-111.909485,1301.3,0.0,171.3,1.0,13.39,38.55,32.67,21.56,2.0,2.0,39.5,13.0,873.3,0.0,55.7,2.6,51.3,810.0,42.0,16.7,58.6,45.1,792.6,2.08,150.5,0.0,1,0,"time.struct_time(tm_year=2023, tm_mon=8, tm_mday=1, tm_hour=0, tm_min=10, tm_sec=0, tm_wday=1, tm_yday=213, tm_isdst=-1)",2023-08-01,2023,8,213,1,10,0,BUS03
2023-08-01 00:12:30,40.763531,-111.909485,1301.6,0.0,171.3,1.0,13.42,38.46,32.63,21.94,3.0,2.0,39.5,13.0,873.2,0.0,34.1,2.61,51.3,809.9,3.9,6.3,10.2,45.1,792.7,2.08,150.3,0.0,1,0,"time.struct_time(tm_year=2023, tm_mon=8, tm_mday=1, tm_hour=0, tm_min=12, tm_sec=30, tm_wday=1, tm_yday=213, tm_isdst=-1)",2023-08-01,2023,8,213,1,12,0,BUS03
2023-08-01 00:15:00,40.763199,-111.909317,1303.7,0.0,160.5,1.0,13.42,38.39,32.55,21.8,4.0,2.0,39.5,13.0,873.5,0.0,50.2,2.61,51.2,810.0,3.4,15.9,19.3,45.1,792.8,2.08,150.2,0.0,1,0,"time.struct_time(tm_year=2023, tm_mon=8, tm_mday=1, tm_hour=0, tm_min=15, tm_sec=0, tm_wday=1, tm_yday=213, tm_isdst=-1)",2023-08-01,2023,8,213,1,15,0,BUS03
2023-08-01 00:17:30,40.764904,-111.909119,1298.2,0.0,91.1,1.0,13.42,38.33,32.63,22.06,3.0,2.0,39.5,13.0,873.4,0.0,50.1,2.62,51.2,809.9,11.5,10.5,22.0,45.0,792.7,2.08,150.5,0.0,1,0,"time.struct_time(tm_year=2023, tm_mon=8, tm_mday=1, tm_hour=0, tm_min=17, tm_sec=30, tm_wday=1, tm_yday=213, tm_isdst=-1)",2023-08-01,2023,8,213,1,17,0,BUS03
2023-08-01 00:20:00,40.762287,-111.902718,1301.8,0.0,178.0,1.0,13.42,38.26,32.57,23.14,3.0,2.0,39.39,13.0,873.1,0.0,53.6,2.61,51.1,809.9,6.6,-11.4,-4.8,45.0,792.4,2.08,150.8,0.0,1,0,"time.struct_time(tm_year=2023, tm_mon=8, tm_mday=1, tm_hour=0, tm_min=20, tm_sec=0, tm_wday=1, tm_yday=213, tm_isdst=-1)",2023-08-01,2023,8,213,1,20,0,BUS03
2023-08-01 00:22:30,40.760738,-111.903847,1302.5,0.0,256.1,1.0,13.42,38.22,32.49,22.18,3.0,2.0,39.39,13.0,873.4,0.0,50.9,2.62,51.1,809.9,12.2,-1.9,10.3,45.0,792.5,2.08,150.7,0.0,1,0,"time.struct_time(tm_year=2023, tm_mon=8, tm_mday=1, tm_hour=0, tm_min=22, tm_sec=30, tm_wday=1, tm_yday=213, tm_isdst=-1)",2023-08-01,2023,8,213,1,22,0,BUS03
2023-08-01 00:25:00,40.760696,-111.913933,1298.1,0.0,276.6,1.0,13.42,38.2,32.77,21.28,7.0,2.0,39.22,13.0,873.4,0.0,40.4,2.61,51.0,810.1,10.5,17.2,27.7,44.9,792.7,2.08,150.6,0.0,1,0,"time.struct_time(tm_year=2023, tm_mon=8, tm_mday=1, tm_hour=0, tm_min=25, tm_sec=0, tm_wday=1, tm_yday=213, tm_isdst=-1)",2023-08-01,2023,8,213,1,25,0,BUS03
2023-08-01 00:27:30,40.755062,-111.916878,1296.5,12.55,174.7,1.0,13.42,38.15,32.75,22.84,3.0,2.0,39.22,13.0,873.0,0.0,56.5,2.6,51.0,809.7,10.3,25.3,35.6,44.9,792.4,2.08,150.3,0.0,1,0,"time.struct_time(tm_year=2023, tm_mon=8, tm_mday=1, tm_hour=0, tm_min=27, tm_sec=30, tm_wday=1, tm_yday=213, tm_isdst=-1)",2023-08-01,2023,8,213,1,27,0,BUS03
2023-08-01 00:30:00,40.742981,-111.916885,1298.3,12.86,179.4,1.0,13.42,38.07,32.45,22.8,3.0,2.0,39.11,13.0,872.9,0.0,49.0,2.6,50.9,809.6,7.2,17.9,25.0,44.8,792.2,2.08,151.9,0.0,1,0,"time.struct_time(tm_year=2023, tm_mon=8, tm_mday=1, tm_hour=0, tm_min=30, tm_sec=0, tm_wday=1, tm_yday=213, tm_isdst=-1)",2023-08-01,2023,8,213,1,30,0,BUS03
2023-08-01 00:32:30,40.732548,-111.916962,1298.3,0.0,181.2,1.0,13.42,37.96,32.25,22.74,6.0,2.0,39.0,13.0,873.4,0.0,38.0,2.62,50.9,810.0,16.9,18.6,35.5,44.8,792.8,2.08,150.4,0.0,1,0,"time.struct_time(tm_year=2023, tm_mon=8, tm_mday=1, tm_hour=0, tm_min=32, tm_sec=30, tm_wday=1, tm_yday=213, tm_isdst=-1)",2023-08-01,2023,8,213,1,32,0,BUS03
2023-08-01 00:35:00,40.725922,-111.929771,1299.8,16.31,269.9,1.0,13.42,37.86,32.07,23.12,3.0,2.0,38.5,13.0,872.4,0.0,59.4,2.62,50.8,809.1,-29.7,68.7,39.0,44.8,792.2,2.08,149.8,0.0,1,0,"time.struct_time(tm_year=2023, tm_mon=8, tm_mday=1, tm_hour=0, tm_min=35, tm_sec=0, tm_wday=1, tm_yday=213, tm_isdst=-1)",2023-08-01,2023,8,213,1,35,0,BUS03
2023-08-01 00:37:30,40.732796,-111.939102,1296.2,0.0,358.8,1.0,13.42,37.77,31.92,22.14,2.0,2.0,38.28,13.0,873.0,0.0,54.8,2.61,50.8,809.7,-52.7,25.0,-27.7,44.7,792.4,2.08,150.5,0.0,1,0,"time.struct_time(tm_year=2023, tm_mon=8, tm_mday=1, tm_hour=0, tm_min=37, tm_sec=30, tm_wday=1, tm_yday=213, tm_isdst=-1)",2023-08-01,2023,8,213,1,37,0,BUS03
2023-08-01 00:41:05,40.733093,-111.957993,1300.3,6.94,224.3,1.0,13.42,37.7,31.98,22.43,2.0,2.0,38.11,13.0,872.6,0.0,55.1,2.62,50.7,809.6,38.1,32.9,71.0,44.7,792.3,2.16,148.8,0.0,1,0,"time.struct_time(tm_year=2023, tm_mon=8, tm_mday=1, tm_hour=0, tm_min=41, tm_sec=5, tm_wday=1, tm_yday=213, tm_isdst=-1)",2023-08-01,2023,8,213,1,41,0,BUS03
2023-08-01 00:43:35,40.730492,-111.968201,1300.3,9.98,356.7,1.0,13.42,37.64,31.96,22.75,3.0,2.0,38.22,13.0,872.8,0.0,42.9,2.61,50.6,809.4,60.9,38.2,99.1,44.6,792.1,2.16,149.0,0.0,1,0,"time.struct_time(tm_year=2023, tm_mon=8, tm_mday=1, tm_hour=0, tm_min=43, tm_sec=35, tm_wday=1, tm_yday=213, tm_isdst=-1)",2023-08-01,2023,8,213,1,43,0,BUS03
2023-08-01 00:47:10,40.730904,-111.9869,1304.3,0.0,270.4,1.0,13.42,37.5,31.99,19.11,2.0,2.0,38.39,12.0,873.0,0.0,56.5,2.6,50.5,809.8,-36.4,-3.2,-39.6,44.5,792.6,2.1,148.2,0.0,1,0,"time.struct_time(tm_year=2023, tm_mon=8, tm_mday=1, tm_hour=0, tm_min=47, tm_sec=10, tm_wday=1, tm_yday=213, tm_isdst=-1)",2023-08-01,2023,8,213,1,47,0,BUS03
2023-08-01 00:49:40,40.718311,-111.985535,1301.7,8.64,114.7,1.0,13.42,37.4,32.0,18.2,3.0,2.0,38.28,11.0,872.8,0.0,51.9,2.59,50.5,809.6,-33.5,2.3,-31.3,44.5,792.3,2.1,147.9,0.0,1,0,"time.struct_time(tm_year=2023, tm_mon=8, tm_mday=1, tm_hour=0, tm_min=49, tm_sec=40, tm_wday=1, tm_yday=213, tm_isdst=-1)",2023-08-01,2023,8,213,1,49,0,BUS03
2023-08-01 00:52:10,40.723175,-111.977219,1301.1,16.0,180.4,1.0,13.42,37.31,31.94,18.85,2.0,2.0,38.28,11.0,872.5,0.0,62.0,2.61,50.4,809.4,39.5,-42.8,-3.3,44.5,792.1,2.11,148.1,0.0,1,0,"time.struct_time(tm_year=2023, tm_mon=8, tm_mday=1, tm_hour=0, tm_min=52, tm_sec=10, tm_wday=1, tm_yday=213, tm_isdst=-1)",2023-08-01,2023,8,213,1,52,0,BUS03
2023-08-01 00:54:40,40.7071,-111.97718,1303.3,17.34,179.9,1.0,13.42,37.21,31.74,17.26,2.0,2.0,38.28,11.0,872.4,0.0,63.9,2.62,50.4,809.1,15.2,-13.4,1.8,44.4,792.0,2.1,147.1,0.0,1,0,"time.struct_time(tm_year=2023, tm_mon=8, tm_mday=1, tm_hour=0, tm_min=54, tm_sec=40, tm_wday=1, tm_yday=213, tm_isdst=-1)",2023-08-01,2023,8,213,1,54,0,BUS03
2023-08-01 00:57:10,40.701378,-111.977158,1304.3,14.82,179.8,1.0,13.42,37.14,31.7,19.06,2.0,2.0,38.28,11.0,872.0,0.0,59.5,2.6,50.3,808.9,10.4,4.7,15.1,44.4,791.6,2.11,147.4,0.0,1,0,"time.struct_time(tm_year=2023, tm_mon=8, tm_mday=1, tm_hour=0, tm_min=57, tm_sec=10, tm_wday=1, tm_yday=213, tm_isdst=-1)",2023-08-01,2023,8,213,1,57,0,BUS03
2023-08-01 00:59:40,40.696941,-111.97715,1308.3,1.44,180.2,1.0,13.42,37.12,31.71,16.89,2.0,2.0,38.28,11.0,872.4,0.0,57.4,2.6,49.2,809.0,34.7,-37.5,-2.8,44.3,791.7,2.11,148.5,0.0,0,0,"time.struct_time(tm_year=2023, tm_mon=8, tm_mday=1, tm_hour=0, tm_min=59, tm_sec=40, tm_wday=1, tm_yday=213, tm_isdst=-1)",2023-08-01,2023,8,213,1,59,0,BUS03
2023-08-01 01:02:10,40.693214,-111.977104,1312.3,8.85,176.8,1.0,13.46,37.1,31.71,16.78,2.0,2.0,38.28,11.0,871.9,0.0,61.2,2.59,50.2,808.5,10.1,-0.1,10.0,44.3,791.3,2.11,148.1,0.0,0,0,"time.struct_time(tm_year=2023, tm_mon=8, tm_mday=1, tm_hour=1, tm_min=2, tm_sec=10, tm_wday=1, tm_yday=213, tm_isdst=-1)",2023-08-01,2023,8,213,1,2,1,BUS03
2023-08-01 01:04:40,40.693451,-111.960098,1307.8,5.2,352.8,1.0,13.46,37.05,31.85,16.97,1.0,2.0,38.28,11.0,872.4,0.0,67.9,2.61,50.2,809.1,19.1,12.5,31.5,44.2,792.0,2.11,147.7,0.0,0,0,"time.struct_time(tm_year=2023, tm_mon=8, tm_mday=1, tm_hour=1, tm_min=4, tm_sec=40, tm_wday=1, tm_yday=213, tm_isdst=-1)",2023-08-01,2023,8,213,1,4,1,BUS03
2023-08-01 01:07:10,40.693413,-111.960579,1306.2,0.0,194.0,1.0,13.46,36.99,31.79,17.06,1.0,2.0,38.28,11.0,872.5,0.0,56.9,2.59,50.1,809.2,5.6,12.5,18.2,44.2,791.9,2.11,148.2,0.0,1,0,"time.struct_time(tm_year=2023, tm_mon=8, tm_mday=1, tm_hour=1, tm_min=7, tm_sec=10, tm_wday=1, tm_yday=213, tm_isdst=-1)",2023-08-01,2023,8,213,1,7,1,BUS03
2023-08-01 01:09:40,40.693413,-111.960579,1306.2,0.0,194.0,1.0,13.46,36.96,31.73,17.66,1.0,2.0,38.28,11.0,872.4,0.0,57.7,2.6,50.0,809.2,0.8,1.4,2.3,44.1,791.8,2.11,148.3,0.0,1,0,"time.struct_time(tm_year=2023, tm_mon=8, tm_mday=1, tm_hour=1, tm_min=9, tm_sec=40, tm_wday=1, tm_yday=213, tm_isdst=-1)",2023-08-01,2023,8,213,1,9,1,BUS03
2023-08-01 01:12:10,40.693417,-111.960587,1306.1,0.0,194.0,1.0,13.46,36.93,31.64,17.87,2.0,2.0,38.28,11.0,872.6,0.0,60.1,2.61,50.0,809.1,3.4,-2.6,0.9,44.1,791.8,2.11,148.3,0.0,0,0,"time.struct_time(tm_year=2023, tm_mon=8, tm_mday=1, tm_hour=1, tm_min=12, tm_sec=10, tm_wday=1, tm_yday=213, tm_isdst=-1)",2023-08-01,2023,8,213,1,12,1,BUS03
2023-08-01 01:14:40,40.693417,-111.960594,1305.9,0.0,194.0,1.0,13.45,36.92,31.8,16.61,2.0,2.0,38.22,11.0,872.3,0.0,53.4,2.59,49.9,809.1,4.4,-2.7,1.7,44.1,791.9,2.11,148.2,0.0,0,0,"time.struct_time(tm_year=2023, tm_mon=8, tm_mday=1, tm_hour=1, tm_min=14, tm_sec=40, tm_wday=1, tm_yday=213, tm_isdst=-1)",2023-08-01,2023,8,213,1,14,1,BUS03
2023-08-01 01:17:10,40.693417,-111.960594,1306.1,0.0,194.0,1.0,13.46,36.9,31.93,16.3,2.0,2.0,38.11,11.0,872.3,0.0,56.9,2.6,49.9,809.1,0.4,0.0,0.5,44.0,791.7,2.11,148.3,0.0,0,0,"time.struct_time(tm_year=2023, tm_mon=8, tm_mday=1, tm_hour=1, tm_min=17, tm_sec=10, tm_wday=1, tm_yday=213, tm_isdst=-1)",2023-08-01,2023,8,213,1,17,1,BUS03
2023-08-01 01:19:40,40.69342,-111.960602,1306.2,0.0,194.0,1.0,13.46,36.88,31.99,16.89,1.0,2.0,38.11,11.0,872.3,0.0,56.0,2.6,49.8,809.1,3.6,1.5,5.1,44.0,791.8,2.11,148.2,0.0,0,0,"time.struct_time(tm_year=2023, tm_mon=8, tm_mday=1, tm_hour=1, tm_min=19, tm_sec=40, tm_wday=1, tm_yday=213, tm_isdst=-1)",2023-08-01,2023,8,213,1,19,1,BUS03
2023-08-01 01:22:10,40.69342,-111.960609,1306.2,0.0,194.0,1.0,13.46,36.8,31.92,18.69,2.0,2.0,38.11,11.0,872.4,0.0,42.8,2.61,49.7,809.1,6.9,5.9,12.8,43.9,791.7,2.11,148.3,0.0,0,0,"time.struct_time(tm_year=2023, tm_mon=8, tm_mday=1, tm_hour=1, tm_min=22, tm_sec=10, tm_wday=1, tm_yday=213, tm_isdst=-1)",2023-08-01,2023,8,213,1,22,1,BUS03
2023-08-01 01:24:40,40.693424,-111.960609,1306.3,0.0,194.0,1.0,13.46,36.7,31.88,17.42,2.0,2.0,38.11,11.0,872.4,0.0,55.8,2.6,49.7,809.2,3.4,6.5,9.9,43.9,791.8,2.11,148.3,0.0,0,0,"time.struct_time(tm_year=2023, tm_mon=8, tm_mday=1, tm_hour=1, tm_min=24, tm_sec=40, tm_wday=1, tm_yday=213, tm_isdst=-1)",2023-08-01,2023,8,213,1,24,1,BUS03
2023-08-01 01:27:10,40.693424,-111.960617,1306.5,0.0,194.0,1.0,13.46,36.59,31.8,17.66,1.0,2.0,38.0,11.0,872.4,0.0,56.8,2.61,49.6,809.2,-0.3,-0.3,-0.6,43.9,791.9,2.11,148.2,0.0,0,0,"time.struct_time(tm_year=2023, tm_mon=8, tm_mday=1, tm_hour=1, tm_min=27, tm_sec=10, tm_wday=1, tm_yday=213, tm_isdst=-1)",2023-08-01,2023,8,213,1,27,1,BUS03
2023-08-01 01:29:40,40.693424,-111.960617,1306.9,0.0,194.0,1.0,13.46,36.48,31.6,18.16,2.0,2.0,38.0,11.0,872.4,0.0,56.8,2.61,49.6,809.2,2.1,-1.7,0.3,43.8,791.9,2.11,148.2,0.0,0,0,"time.struct_time(tm_year=2023, tm_mon=8, tm_mday=1, tm_hour=1, tm_min=29, tm_sec=40, tm_wday=1, tm_yday=213, tm_isdst=-1)",2023-08-01,2023,8,213,1,29,1,BUS03
2023-08-01 01:32:10,40.69371,-111.977051,1306.8,12.55,359.3,1.0,13.46,36.37,31.4,18.93,2.0,2.0,37.89,11.0,871.7,0.0,53.0,2.59,49.5,808.6,14.1,-9.3,4.8,43.8,791.2,2.11,148.1,0.0,0,0,"time.struct_time(tm_year=2023, tm_mon=8, tm_mday=1, tm_hour=1, tm_min=32, tm_sec=10, tm_wday=1, tm_yday=213, tm_isdst=-1)",2023-08-01,2023,8,213,1,32,1,BUS03
2023-08-01 01:34:40,40.703644,-111.977119,1305.1,0.0,358.8,1.0,13.46,36.3,31.2,18.55,4.0,2.0,37.89,11.0,872.5,0.0,58.1,2.59,49.5,809.3,21.6,-10.6,11.1,43.7,791.9,2.11,148.1,0.0,0,0,"time.struct_time(tm_year=2023, tm_mon=8, tm_mday=1, tm_hour=1, tm_min=34, tm_sec=40, tm_wday=1, tm_yday=213, tm_isdst=-1)",2023-08-01,2023,8,213,1,34,1,BUS03
2023-08-01 01:37:10,40.711391,-111.977135,1303.7,0.0,2.9,1.0,13.46,36.28,31.18,18.77,10.0,2.0,37.78,11.0,872.7,0.0,49.6,2.6,49.5,809.4,8.0,3.7,11.7,43.7,792.2,2.1,147.9,0.0,0,0,"time.struct_time(tm_year=2023, tm_mon=8, tm_mday=1, tm_hour=1, tm_min=37, tm_sec=10, tm_wday=1, tm_yday=213, tm_isdst=-1)",2023-08-01,2023,8,213,1,37,1,BUS03
2023-08-01 01:39:40,40.724056,-111.977142,1299.2,0.0,359.9,1.0,13.46,36.23,31.1,18.71,2.0,2.0,37.72,11.0,872.8,0.0,54.2,2.6,49.4,809.7,23.7,4.8,28.6,43.6,792.3,2.11,148.5,0.0,0,0,"time.struct_time(tm_year=2023, tm_mon=8, tm_mday=1, tm_hour=1, tm_min=39, tm_sec=40, tm_wday=1, tm_yday=213, tm_isdst=-1)",2023-08-01,2023,8,213,1,39,1,BUS03
2023-08-01 01:43:15,40.720829,-111.986237,1300.8,18.42,358.6,1.0,13.46,36.16,30.95,19.61,3.0,2.0,37.5,11.0,872.7,0.0,31.6,2.6,49.3,809.3,27.2,110.8,137.9,43.6,791.9,2.09,148.4,0.0,0,0,"time.struct_time(tm_year=2023, tm_mon=8, tm_mday=1, tm_hour=1, tm_min=43, tm_sec=15, tm_wday=1, tm_yday=213, tm_isdst=-1)",2023-08-01,2023,8,213,1,43,1,BUS03
2023-08-01 01:45:45,40.73085,-111.98333,1296.6,9.16,90.0,1.0,13.45,36.09,31.07,18.36,3.0,2.0,37.61,11.0,873.0,0.0,53.2,2.59,49.3,809.7,33.0,20.4,53.3,43.5,792.3,2.08,150.1,0.0,0,0,"time.struct_time(tm_year=2023, tm_mon=8, tm_mday=1, tm_hour=1, tm_min=45, tm_sec=45, tm_wday=1, tm_yday=213, tm_isdst=-1)",2023-08-01,2023,8,213,1,45,1,BUS03
2023-08-01 01:48:15,40.730812,-111.968819,1301.2,8.28,90.6,1.0,13.45,36.04,31.05,17.86,3.0,2.0,37.5,11.0,872.8,0.0,58.2,2.6,49.2,809.7,12.5,-5.9,6.6,43.5,792.4,2.08,149.1,0.0,0,0,"time.struct_time(tm_year=2023, tm_mon=8, tm_mday=1, tm_hour=1, tm_min=48, tm_sec=15, tm_wday=1, tm_yday=213, tm_isdst=-1)",2023-08-01,2023,8,213,1,48,1,BUS03
2023-08-01 01:50:45,40.731636,-111.957962,1296.8,13.84,0.1,1.0,13.45,35.97,31.05,17.52,2.0,2.0,37.5,11.0,872.9,0.0,57.3,2.6,49.2,809.5,8.1,13.3,21.4,43.4,792.2,2.09,149.9,0.0,0,0,"time.struct_time(tm_year=2023, tm_mon=8, tm_mday=1, tm_hour=1, tm_min=50, tm_sec=45, tm_wday=1, tm_yday=213, tm_isdst=-1)",2023-08-01,2023,8,213,1,50,1,BUS03
2023-08-01 01:53:15,40.733017,-111.940269,1299.8,0.0,96.9,1.0,13.46,35.91,31.05,21.93,4.0,2.0,37.5,12.0,873.2,0.0,48.0,2.6,49.2,809.9,28.4,-90.8,-62.4,43.4,792.5,2.09,150.2,0.0,0,0,"time.struct_time(tm_year=2023, tm_mon=8, tm_mday=1, tm_hour=1, tm_min=53, tm_sec=15, tm_wday=1, tm_yday=213, tm_isdst=-1)",2023-08-01,2023,8,213,1,53,1,BUS03
2023-08-01 01:55:45,40.733021,-111.940262,1299.3,0.0,96.9,1.0,13.46,35.9,31.07,20.05,2.0,2.0,37.39,12.0,873.2,0.0,51.8,2.6,49.1,810.0,7.5,-8.8,-1.3,43.4,792.3,2.09,150.6,0.0,0,0,"time.struct_time(tm_year=2023, tm_mon=8, tm_mday=1, tm_hour=1, tm_min=55, tm_sec=45, tm_wday=1, tm_yday=213, tm_isdst=-1)",2023-08-01,2023,8,213,1,55,1,BUS03
2023-08-01 01:58:15,40.726261,-111.939026,1295.0,0.0,180.3,1.0,13.45,35.88,31.12,22.78,3.0,2.0,37.39,13.0,872.9,0.0,47.4,2.59,49.1,809.8,11.0,-10.8,0.2,43.3,792.2,2.09,150.6,0.0,0,0,"time.struct_time(tm_year=2023, tm_mon=8, tm_mday=1, tm_hour=1, tm_min=58, tm_sec=15, tm_wday=1, tm_yday=213, tm_isdst=-1)",2023-08-01,2023,8,213,1,58,1,BUS03
2023-08-01 02:00:45,40.725708,-111.917252,1300.1,0.0,94.2,1.0,13.46,35.84,30.83,25.97,4.0,2.0,37.28,14.0,873.3,0.0,52.3,2.59,49.1,809.9,33.7,-2.7,31.0,43.3,792.4,2.09,150.8,0.0,0,0,"time.struct_time(tm_year=2023, tm_mon=8, tm_mday=1, tm_hour=2, tm_min=0, tm_sec=45, tm_wday=1, tm_yday=213, tm_isdst=-1)",2023-08-01,2023,8,213,1,0,2,BUS03
2023-08-01 02:03:15,40.737427,-111.916771,1293.8,15.23,359.5,1.0,13.46,35.81,30.57,26.28,2.0,2.0,37.28,14.0,873.4,0.0,52.2,2.6,49.0,810.1,4.6,2.2,6.7,43.2,792.3,2.09,150.8,0.0,0,0,"time.struct_time(tm_year=2023, tm_mon=8, tm_mday=1, tm_hour=2, tm_min=3, tm_sec=15, tm_wday=1, tm_yday=213, tm_isdst=-1)",2023-08-01,2023,8,213,1,3,2,BUS03
2023-08-01 02:05:45,40.741058,-111.916756,1292.3,0.0,4.2,1.0,13.46,35.78,30.43,26.83,3.0,2.0,37.22,14.0,873.6,0.0,44.3,2.6,49.0,810.3,11.5,7.4,19.0,43.2,792.6,2.09,150.9,0.0,0,0,"time.struct_time(tm_year=2023, tm_mon=8, tm_mday=1, tm_hour=2, tm_min=5, tm_sec=45, tm_wday=1, tm_yday=213, tm_isdst=-1)",2023-08-01,2023,8,213,1,5,2,BUS03
2023-08-01 02:08:15,40.758564,-111.916779,1292.4,16.57,0.1,1.0,13.45,35.75,30.47,25.6,3.0,2.0,37.22,14.0,873.1,0.0,41.9,2.6,49.0,810.1,12.7,2.4,15.2,43.1,792.2,2.09,151.5,0.0,0,1,"time.struct_time(tm_year=2023, tm_mon=8, tm_mday=1, tm_hour=2, tm_min=8, tm_sec=15, tm_wday=1, tm_yday=213, tm_isdst=-1)",2023-08-01,2023,8,213,1,8,2,BUS03
2023-08-01 02:10:45,40.760593,-111.905838,1296.1,0.0,89.1,1.0,13.45,35.7,30.47,26.91,3.0,2.0,37.11,15.0,873.2,0.0,50.8,2.6,48.9,810.2,27.3,0.9,28.3,43.1,792.7,2.09,150.5,0.0,0,1,"time.struct_time(tm_year=2023, tm_mon=8, tm_mday=1, tm_hour=2, tm_min=10, tm_sec=45, tm_wday=1, tm_yday=213, tm_isdst=-1)",2023-08-01,2023,8,213,1,10,2,BUS03
2023-08-01 02:13:15,40.765049,-111.903046,1301.0,10.34,271.4,1.0,13.45,35.65,30.47,26.99,3.0,2.0,37.22,15.0,872.5,0.0,51.3,2.6,48.9,809.6,23.3,1.8,25.1,43.1,792.1,2.09,151.3,0.0,0,1,"time.struct_time(tm_year=2023, tm_mon=8, tm_mday=1, tm_hour=2, tm_min=13, tm_sec=15, tm_wday=1, tm_yday=213, tm_isdst=-1)",2023-08-01,2023,8,213,1,13,2,BUS03
2023-08-01 02:15:45,40.764477,-111.909424,1293.8,0.0,314.9,1.0,13.46,35.65,30.57,27.67,3.0,2.0,37.11,15.0,873.6,0.0,48.6,2.59,48.9,810.3,19.3,-18.8,0.5,43.0,792.5,2.09,151.8,0.0,0,1,"time.struct_time(tm_year=2023, tm_mon=8, tm_mday=1, tm_hour=2, tm_min=15, tm_sec=45, tm_wday=1, tm_yday=213, tm_isdst=-1)",2023-08-01,2023,8,213,1,15,2,BUS03
2023-08-01 02:18:15,40.764477,-111.909424,1293.8,0.0,314.9,1.0,13.46,35.66,30.47,27.99,3.0,2.0,37.0,15.0,873.6,0.0,49.9,2.59,48.8,810.3,-1.6,3.1,1.5,43.0,792.6,2.09,150.8,0.0,0,1,"time.struct_time(tm_year=2023, tm_mon=8, tm_mday=1, tm_hour=2, tm_min=18, tm_sec=15, tm_wday=1, tm_yday=213, tm_isdst=-1)",2023-08-01,2023,8,213,1,18,2,BUS03
2023-08-01 02:20:45,40.764477,-111.909424,1293.6,0.0,314.9,1.0,13.45,35.68,30.39,28.27,3.0,2.0,37.0,15.0,873.4,0.0,50.8,2.6,48.8,810.4,0.9,3.6,4.5,42.9,792.6,2.09,151.1,0.0,0,1,"time.struct_time(tm_year=2023, tm_mon=8, tm_mday=1, tm_hour=2, tm_min=20, tm_sec=45, tm_wday=1, tm_yday=213, tm_isdst=-1)",2023-08-01,2023,8,213,1,20,2,BUS03
2023-08-01 02:23:15,40.764477,-111.909424,1293.2,0.0,314.9,1.0,13.49,35.7,30.29,28.53,3.0,2.0,36.89,16.0,873.6,0.0,50.1,2.6,48.7,810.4,2.6,1.2,3.8,42.9,792.8,2.09,151.1,0.0,0,1,"time.struct_time(tm_year=2023, tm_mon=8, tm_mday=1, tm_hour=2, tm_min=23, tm_sec=15, tm_wday=1, tm_yday=213, tm_isdst=-1)",2023-08-01,2023,8,213,1,23,2,BUS03
2023-08-01 02:25:45,40.764477,-111.909424,1292.8,0.0,314.9,1.0,13.49,35.72,30.49,28.21,3.0,2.0,36.78,16.0,873.8,0.0,53.0,2.59,48.7,810.5,3.9,3.2,7.1,42.9,792.7,2.09,151.2,0.0,0,1,"time.struct_time(tm_year=2023, tm_mon=8, tm_mday=1, tm_hour=2, tm_min=25, tm_sec=45, tm_wday=1, tm_yday=213, tm_isdst=-1)",2023-08-01,2023,8,213,1,25,2,BUS03
2023-08-01 02:28:15,40.764473,-111.909424,1292.5,0.0,314.9,1.0,13.49,35.73,30.37,28.72,4.0,2.0,36.78,16.0,873.8,0.0,55.1,2.6,48.7,810.5,1.7,3.9,5.6,42.8,792.7,2.1,151.0,0.0,0,1,"time.struct_time(tm_year=2023, tm_mon=8, tm_mday=1, tm_hour=2, tm_min=28, tm_sec=15, tm_wday=1, tm_yday=213, tm_isdst=-1)",2023-08-01,2023,8,213,1,28,2,BUS03
2023-08-01 02:30:45,40.764473,-111.909424,1292.3,0.0,314.9,1.0,13.49,35.74,30.27,28.98,4.0,2.0,36.72,16.0,873.7,0.0,54.5,2.59,48.6,810.5,0.6,0.8,1.4,42.8,792.7,2.09,151.1,0.0,0,1,"time.struct_time(tm_year=2023, tm_mon=8, tm_mday=1, tm_hour=2, tm_min=30, tm_sec=45, tm_wday=1, tm_yday=213, tm_isdst=-1)",2023-08-01,2023,8,213,1,30,2,BUS03
2023-08-01 02:33:15,40.764473,-111.909424,1292.1,0.0,314.9,1.0,13.49,35.74,30.2,29.09,4.0,2.0,36.72,16.0,873.7,0.0,43.7,2.6,48.6,810.5,-3.2,4.1,0.9,42.7,792.8,2.1,151.0,0.0,0,1,"time.struct_time(tm_year=2023, tm_mon=8, tm_mday=1, tm_hour=2, tm_min=33, tm_sec=15, tm_wday=1, tm_yday=213, tm_isdst=-1)",2023-08-01,2023,8,213,1,33,2,BUS03
2023-08-01 02:35:45,40.764473,-111.909424,1291.9,0.0,314.9,1.0,13.49,35.74,30.18,29.11,3.0,2.0,36.61,16.0,873.7,0.0,51.6,2.59,48.5,810.6,-0.3,2.0,1.7,42.7,792.9,2.09,150.9,0.0,0,1,"time.struct_time(tm_year=2023, tm_mon=8, tm_mday=1, tm_hour=2, tm_min=35, tm_sec=45, tm_wday=1, tm_yday=213, tm_isdst=-1)",2023-08-01,2023,8,213,1,35,2,BUS03
2023-08-01 02:38:15,40.764473,-111.909424,1292.0,0.0,314.9,1.0,13.49,35.73,30.18,29.11,3.0,2.0,36.61,16.0,873.7,0.0,52.0,2.59,48.5,810.6,1.7,1.1,2.8,42.7,792.9,2.09,151.2,0.0,0,1,"time.struct_time(tm_year=2023, tm_mon=8, tm_mday=1, tm_hour=2, tm_min=38, tm_sec=15, tm_wday=1, tm_yday=213, tm_isdst=-1)",2023-08-01,2023,8,213,1,38,2,BUS03
2023-08-01 02:40:45,40.764477,-111.909424,1292.0,0.0,314.9,1.0,13.49,35.71,30.12,29.15,3.0,2.0,36.61,16.0,874.0,0.0,50.6,2.58,48.4,810.7,2.9,-1.8,1.2,42.6,792.9,2.09,150.9,0.0,0,1,"time.struct_time(tm_year=2023, tm_mon=8, tm_mday=1, tm_hour=2, tm_min=40, tm_sec=45, tm_wday=1, tm_yday=213, tm_isdst=-1)",2023-08-01,2023,8,213,1,40,2,BUS03
2023-08-01 02:44:20,40.764477,-111.909431,1292.0,0.0,314.9,1.0,13.49,35.67,30.18,29.17,3.0,2.0,36.5,16.0,874.0,0.0,49.1,2.59,48.3,810.8,0.5,1.3,1.7,42.6,792.9,2.16,149.3,0.0,0,1,"time.struct_time(tm_year=2023, tm_mon=8, tm_mday=1, tm_hour=2, tm_min=44, tm_sec=20, tm_wday=1, tm_yday=213, tm_isdst=-1)",2023-08-01,2023,8,213,1,44,2,BUS03
2023-08-01 02:46:50,40.764721,-111.909683,1292.0,0.0,331.1,1.0,13.49,35.64,30.08,29.43,3.0,2.0,36.5,16.0,874.1,0.0,47.0,2.58,48.3,810.8,-98.0,45.2,-52.8,42.5,792.9,2.16,149.6,0.0,0,1,"time.struct_time(tm_year=2023, tm_mon=8, tm_mday=1, tm_hour=2, tm_min=46, tm_sec=50, tm_wday=1, tm_yday=213, tm_isdst=-1)",2023-08-01,2023,8,213,1,46,2,BUS03
2023-08-01 02:49:20,40.76469,-111.902557,1303.7,8.59,177.1,1.0,13.49,35.57,30.04,29.74,4.0,2.0,36.39,16.0,873.5,0.0,47.8,2.58,48.3,810.4,-14.7,22.1,7.4,42.5,792.6,2.16,149.5,0.0,0,1,"time.struct_time(tm_year=2023, tm_mon=8, tm_mday=1, tm_hour=2, tm_min=49, tm_sec=20, tm_wday=1, tm_yday=213, tm_isdst=-1)",2023-08-01,2023,8,213,1,49,2,BUS03
2023-08-01 02:51:50,40.760632,-111.913818,1284.3,0.0,253.0,1.0,13.49,35.47,30.0,29.76,6.0,2.0,36.39,17.0,874.1,0.0,37.5,2.58,48.2,811.1,4.5,85.4,89.9,42.4,793.5,2.16,149.0,0.0,0,1,"time.struct_time(tm_year=2023, tm_mon=8, tm_mday=1, tm_hour=2, tm_min=51, tm_sec=50, tm_wday=1, tm_yday=213, tm_isdst=-1)",2023-08-01,2023,8,213,1,51,2,BUS03
2023-08-01 02:54:20,40.75116,-111.916855,1290.2,14.82,179.9,1.0,13.49,35.38,29.96,30.9,10.0,2.0,36.39,17.0,873.7,0.0,49.6,2.59,48.2,810.9,-2.0,24.0,22.0,42.4,793.4,2.16,149.3,0.0,0,1,"time.struct_time(tm_year=2023, tm_mon=8, tm_mday=1, tm_hour=2, tm_min=54, tm_sec=20, tm_wday=1, tm_yday=213, tm_isdst=-1)",2023-08-01,2023,8,213,1,54,2,BUS03
2023-08-01 02:56:50,40.732864,-111.916946,1283.8,10.55,181.8,1.0,13.49,35.28,29.47,31.14,3.0,2.0,36.11,17.0,874.1,0.0,51.4,2.6,48.1,810.9,36.8,1.6,38.4,42.4,793.4,2.16,148.8,0.0,0,1,"time.struct_time(tm_year=2023, tm_mon=8, tm_mday=1, tm_hour=2, tm_min=56, tm_sec=50, tm_wday=1, tm_yday=213, tm_isdst=-1)",2023-08-01,2023,8,213,1,56,2,BUS03
2023-08-01 02:59:20,40.725895,-111.924469,1282.0,16.62,269.8,1.0,13.49,35.16,29.37,31.26,3.0,2.0,36.0,17.0,873.5,0.0,48.0,2.58,48.1,810.3,-19.6,10.4,-9.2,42.3,792.5,2.16,149.7,0.0,0,0,"time.struct_time(tm_year=2023, tm_mon=8, tm_mday=1, tm_hour=2, tm_min=59, tm_sec=20, tm_wday=1, tm_yday=213, tm_isdst=-1)",2023-08-01,2023,8,213,1,59,2,BUS03
2023-08-01 03:01:50,40.727039,-111.938873,1287.5,0.0,2.1,1.0,13.49,35.06,29.41,28.83,3.0,2.0,35.72,16.0,873.9,0.0,42.0,2.59,48.0,810.8,10.9,-8.4,2.5,42.3,793.0,2.16,149.6,0.0,0,0,"time.struct_time(tm_year=2023, tm_mon=8, tm_mday=1, tm_hour=3, tm_min=1, tm_sec=50, tm_wday=1, tm_yday=213, tm_isdst=-1)",2023-08-01,2023,8,213,1,1,3,BUS03
2023-08-01 03:04:20,40.73315,-111.947678,1283.2,16.62,269.6,1.0,13.49,34.98,29.68,28.16,3.0,2.0,35.78,16.0,873.6,0.0,50.8,2.59,48.0,810.5,14.8,15.4,30.2,42.2,792.8,2.16,148.5,0.0,0,0,"time.struct_time(tm_year=2023, tm_mon=8, tm_mday=1, tm_hour=3, tm_min=4, tm_sec=20, tm_wday=1, tm_yday=213, tm_isdst=-1)",2023-08-01,2023,8,213,1,4,3,BUS03
2023-08-01 03:06:50,40.728146,-111.958832,1294.7,0.0,235.0,1.0,13.49,34.9,29.51,26.69,2.0,2.0,35.61,15.0,874.0,0.0,45.3,2.59,48.0,810.8,14.3,16.8,31.1,42.2,793.0,2.16,149.3,0.0,0,0,"time.struct_time(tm_year=2023, tm_mon=8, tm_mday=1, tm_hour=3, tm_min=6, tm_sec=50, tm_wday=1, tm_yday=213, tm_isdst=-1)",2023-08-01,2023,8,213,1,6,3,BUS03
2023-08-01 03:09:20,40.73085,-111.970337,1287.4,11.63,270.2,1.0,13.49,34.81,29.61,23.0,2.0,2.0,35.61,14.0,873.9,0.0,51.5,2.59,47.9,810.7,9.7,47.4,57.2,42.1,793.1,2.16,148.9,0.0,0,0,"time.struct_time(tm_year=2023, tm_mon=8, tm_mday=1, tm_hour=3, tm_min=9, tm_sec=20, tm_wday=1, tm_yday=213, tm_isdst=-1)",2023-08-01,2023,8,213,1,9,3,BUS03
2023-08-01 03:11:50,40.730862,-111.980209,1283.4,10.96,269.3,1.0,13.49,34.74,29.7,22.21,2.0,2.0,35.72,14.0,873.7,0.0,55.4,2.58,47.9,810.8,6.6,-32.7,-26.1,42.1,792.9,2.16,148.8,0.0,0,0,"time.struct_time(tm_year=2023, tm_mon=8, tm_mday=1, tm_hour=3, tm_min=11, tm_sec=50, tm_wday=1, tm_yday=213, tm_isdst=-1)",2023-08-01,2023,8,213,1,11,3,BUS03
2023-08-01 03:14:20,40.730824,-111.98671,1280.7,6.58,269.7,1.0,13.49,34.69,29.84,21.8,2.0,2.0,35.72,14.0,873.7,0.0,50.8,2.58,47.8,810.8,7.7,-2.1,5.6,42.0,793.0,2.16,148.7,0.0,0,0,"time.struct_time(tm_year=2023, tm_mon=8, tm_mday=1, tm_hour=3, tm_min=14, tm_sec=20, tm_wday=1, tm_yday=213, tm_isdst=-1)",2023-08-01,2023,8,213,1,14,3,BUS03
2023-08-01 03:16:50,40.720074,-111.986336,1302.5,20.17,173.2,1.0,13.49,34.67,29.96,22.24,2.0,2.0,35.72,14.0,873.1,0.0,48.1,2.6,47.8,810.1,-0.9,18.6,17.7,42.0,792.3,2.16,145.6,0.0,0,0,"time.struct_time(tm_year=2023, tm_mon=8, tm_mday=1, tm_hour=3, tm_min=16, tm_sec=50, tm_wday=1, tm_yday=213, tm_isdst=-1)",2023-08-01,2023,8,213,1,16,3,BUS03
2023-08-01 03:19:20,40.721905,-111.983223,1295.5,11.47,0.0,1.0,13.49,34.63,29.93,21.84,4.0,2.0,35.72,14.0,873.6,0.0,54.5,2.58,47.8,810.6,-17.4,7.6,-9.8,42.0,792.8,2.16,148.9,0.0,0,0,"time.struct_time(tm_year=2023, tm_mon=8, tm_mday=1, tm_hour=3, tm_min=19, tm_sec=20, tm_wday=1, tm_yday=213, tm_isdst=-1)",2023-08-01,2023,8,213,1,19,3,BUS03
2023-08-01 03:21:50,40.718384,-111.977295,1310.1,0.0,183.6,1.0,13.49,34.57,29.74,22.44,2.0,2.0,35.5,14.0,873.9,0.0,50.5,2.58,47.7,810.7,-8.0,1.2,-6.9,41.9,793.4,2.16,148.0,0.0,0,0,"time.struct_time(tm_year=2023, tm_mon=8, tm_mday=1, tm_hour=3, tm_min=21, tm_sec=50, tm_wday=1, tm_yday=213, tm_isdst=-1)",2023-08-01,2023,8,213,1,21,3,BUS03
2023-08-01 03:24:20,40.70269,-111.97718,1310.0,14.25,180.2,1.0,13.49,34.49,29.55,23.06,2.0,2.0,35.28,14.0,873.3,0.0,54.1,2.57,47.7,810.3,20.4,13.8,34.1,41.9,792.7,2.16,148.6,0.0,0,0,"time.struct_time(tm_year=2023, tm_mon=8, tm_mday=1, tm_hour=3, tm_min=24, tm_sec=20, tm_wday=1, tm_yday=213, tm_isdst=-1)",2023-08-01,2023,8,213,1,24,3,BUS03
2023-08-01 03:26:50,40.692917,-111.970467,1308.6,16.46,89.7,1.0,13.49,34.42,29.44,23.61,2.0,2.0,35.39,14.0,873.2,0.0,51.5,2.58,47.6,810.0,20.3,-1.7,18.6,41.8,792.1,2.16,148.3,0.0,0,0,"time.struct_time(tm_year=2023, tm_mon=8, tm_mday=1, tm_hour=3, tm_min=26, tm_sec=50, tm_wday=1, tm_yday=213, tm_isdst=-1)",2023-08-01,2023,8,213,1,26,3,BUS03
2023-08-01 03:29:20,40.693314,-111.960022,1299.5,0.0,2.1,1.0,13.49,34.35,29.46,23.47,2.0,2.0,35.39,14.0,873.8,0.0,50.7,2.6,47.6,810.6,22.8,-0.5,22.4,41.8,792.9,2.16,148.8,0.0,0,0,"time.struct_time(tm_year=2023, tm_mon=8, tm_mday=1, tm_hour=3, tm_min=29, tm_sec=20, tm_wday=1, tm_yday=213, tm_isdst=-1)",2023-08-01,2023,8,213,1,29,3,BUS03
2023-08-01 03:31:50,40.695644,-111.957809,1301.7,12.76,2.3,1.0,13.49,34.32,29.33,23.67,2.0,2.0,35.39,14.0,873.5,0.0,47.8,2.58,47.6,810.3,25.9,-8.0,17.9,41.7,792.7,2.16,148.4,0.0,0,0,"time.struct_time(tm_year=2023, tm_mon=8, tm_mday=1, tm_hour=3, tm_min=31, tm_sec=50, tm_wday=1, tm_yday=213, tm_isdst=-1)",2023-08-01,2023,8,213,1,31,3,BUS03
2023-08-01 03:34:20,40.719276,-111.952995,1293.7,29.43,9.5,1.0,13.49,34.28,29.29,23.11,2.0,2.0,35.0,14.0,873.2,0.0,49.3,2.58,47.5,810.1,19.1,-32.5,-13.4,41.7,792.7,2.16,143.6,0.0,0,0,"time.struct_time(tm_year=2023, tm_mon=8, tm_mday=1, tm_hour=3, tm_min=34, tm_sec=20, tm_wday=1, tm_yday=213, tm_isdst=-1)",2023-08-01,2023,8,213,1,34,3,BUS03
2023-08-01 03:36:50,40.758194,-111.949936,1301.1,28.86,345.1,1.0,13.48,34.25,29.55,22.22,2.0,2.0,34.61,14.0,873.0,0.0,54.3,2.58,47.5,809.9,-49.2,11.0,-38.2,41.7,792.1,2.16,147.1,0.0,0,1,"time.struct_time(tm_year=2023, tm_mon=8, tm_mday=1, tm_hour=3, tm_min=36, tm_sec=50, tm_wday=1, tm_yday=213, tm_isdst=-1)",2023-08-01,2023,8,213,1,36,3,BUS03
2023-08-01 03:39:20,40.760574,-111.932793,1294.3,16.2,89.9,1.0,13.49,34.21,29.6,25.12,3.0,2.0,34.78,14.0,874.6,0.0,48.7,2.57,47.4,811.4,8.5,16.2,24.7,41.6,794.0,2.16,148.5,0.0,0,1,"time.struct_time(tm_year=2023, tm_mon=8, tm_mday=1, tm_hour=3, tm_min=39, tm_sec=20, tm_wday=1, tm_yday=213, tm_isdst=-1)",2023-08-01,2023,8,213,1,39,3,BUS03
2023-08-01 03:41:50,40.760448,-111.911499,1299.9,6.94,93.4,1.0,13.49,34.16,29.67,26.48,3.0,2.0,35.22,15.0,874.7,0.0,48.1,2.56,47.4,811.5,-1.1,1.7,0.5,41.6,793.8,2.16,149.1,0.0,0,1,"time.struct_time(tm_year=2023, tm_mon=8, tm_mday=1, tm_hour=3, tm_min=41, tm_sec=50, tm_wday=1, tm_yday=213, tm_isdst=-1)",2023-08-01,2023,8,213,1,41,3,BUS03
2023-08-01 03:45:30,40.7616,-111.910797,1293.9,0.0,146.3,1.0,13.49,34.11,29.78,25.9,3.0,2.0,35.28,15.0,874.8,0.0,40.5,2.58,47.3,811.5,10.5,10.1,20.6,41.5,793.8,2.1,150.7,0.0,0,1,"time.struct_time(tm_year=2023, tm_mon=8, tm_mday=1, tm_hour=3, tm_min=45, tm_sec=30, tm_wday=1, tm_yday=213, tm_isdst=-1)",2023-08-01,2023,8,213,1,45,3,BUS03
2023-08-01 03:48:00,40.761597,-111.910805,1293.8,0.0,146.3,1.0,13.49,34.13,29.88,25.18,2.0,2.0,35.39,15.0,874.9,0.0,35.1,2.58,47.3,811.7,0.1,9.3,9.4,41.5,794.0,2.1,150.7,0.0,0,1,"time.struct_time(tm_year=2023, tm_mon=8, tm_mday=1, tm_hour=3, tm_min=48, tm_sec=0, tm_wday=1, tm_yday=213, tm_isdst=-1)",2023-08-01,2023,8,213,1,48,3,BUS03
2023-08-01 03:50:30,40.761497,-111.910873,1293.4,0.0,146.3,1.0,13.49,34.16,30.02,24.31,3.0,2.0,35.5,15.0,874.7,0.0,46.6,2.58,47.3,811.6,2.2,8.3,10.5,41.4,794.0,2.09,150.4,0.0,0,1,"time.struct_time(tm_year=2023, tm_mon=8, tm_mday=1, tm_hour=3, tm_min=50, tm_sec=30, tm_wday=1, tm_yday=213, tm_isdst=-1)",2023-08-01,2023,8,213,1,50,3,BUS03
2023-08-01 03:53:00,40.761475,-111.910866,1293.5,0.0,146.3,1.0,13.48,34.15,30.2,24.08,3.0,2.0,35.61,15.0,874.9,0.0,40.7,2.58,47.2,811.6,1.7,9.4,11.1,41.4,793.9,2.1,150.5,0.0,0,1,"time.struct_time(tm_year=2023, tm_mon=8, tm_mday=1, tm_hour=3, tm_min=53, tm_sec=0, tm_wday=1, tm_yday=213, tm_isdst=-1)",2023-08-01,2023,8,213,1,53,3,BUS03
2023-08-01 03:55:30,40.761486,-111.910858,1291.9,0.0,146.3,1.0,13.49,34.14,30.36,23.5,3.0,2.0,35.72,15.0,874.6,0.0,32.7,2.56,47.2,811.7,18.8,18.2,37.0,41.4,793.9,2.09,150.3,0.0,0,1,"time.struct_time(tm_year=2023, tm_mon=8, tm_mday=1, tm_hour=3, tm_min=55, tm_sec=30, tm_wday=1, tm_yday=213, tm_isdst=-1)",2023-08-01,2023,8,213,1,55,3,BUS03
2023-08-01 03:58:00,40.761486,-111.910851,1291.6,0.0,146.3,1.0,13.49,34.13,30.51,23.05,3.0,2.0,35.78,15.0,874.9,0.0,47.9,2.58,47.2,811.6,2.3,10.6,12.9,41.3,793.8,2.1,150.4,0.0,0,1,"time.struct_time(tm_year=2023, tm_mon=8, tm_mday=1, tm_hour=3, tm_min=58, tm_sec=0, tm_wday=1, tm_yday=213, tm_isdst=-1)",2023-08-01,2023,8,213,1,58,3,BUS03
2023-08-01 04:00:30,40.761501,-111.910843,1290.3,0.0,146.3,1.0,13.49,34.12,30.62,22.99,2.0,2.0,35.89,15.0,874.6,0.0,43.4,2.59,47.2,811.6,-1.4,3.6,2.2,41.3,793.8,2.1,150.5,0.0,0,1,"time.struct_time(tm_year=2023, tm_mon=8, tm_mday=1, tm_hour=4, tm_min=0, tm_sec=30, tm_wday=1, tm_yday=213, tm_isdst=-1)",2023-08-01,2023,8,213,1,0,4,BUS03
2023-08-01 04:03:00,40.761517,-111.910835,1288.2,0.0,146.3,1.0,13.49,34.14,30.73,22.96,2.0,2.0,35.89,15.0,874.7,0.0,40.9,2.58,47.2,811.6,2.3,6.8,9.1,41.3,794.0,2.09,150.4,0.0,0,1,"time.struct_time(tm_year=2023, tm_mon=8, tm_mday=1, tm_hour=4, tm_min=3, tm_sec=0, tm_wday=1, tm_yday=213, tm_isdst=-1)",2023-08-01,2023,8,213,1,3,4,BUS03
2023-08-01 04:05:30,40.761517,-111.910828,1286.6,0.0,146.3,1.0,13.49,34.21,30.79,23.38,2.0,2.0,36.0,15.0,874.7,0.0,40.7,2.57,47.2,811.6,3.1,6.2,9.3,41.3,793.9,2.09,150.4,0.0,0,1,"time.struct_time(tm_year=2023, tm_mon=8, tm_mday=1, tm_hour=4, tm_min=5, tm_sec=30, tm_wday=1, tm_yday=213, tm_isdst=-1)",2023-08-01,2023,8,213,1,5,4,BUS03
2023-08-01 04:08:00,40.761536,-111.910812,1286.2,0.0,146.3,1.0,13.49,34.29,30.84,23.82,2.0,2.0,36.11,15.0,874.9,0.0,42.7,2.57,47.2,811.6,2.6,7.7,10.3,41.2,793.7,2.1,150.6,0.0,0,1,"time.struct_time(tm_year=2023, tm_mon=8, tm_mday=1, tm_hour=4, tm_min=8, tm_sec=0, tm_wday=1, tm_yday=213, tm_isdst=-1)",2023-08-01,2023,8,213,1,8,4,BUS03
2023-08-01 04:10:30,40.761543,-111.910805,1285.6,0.0,146.3,1.0,13.49,34.34,30.88,24.77,3.0,2.0,36.22,16.0,874.7,0.0,42.4,2.56,47.2,811.5,1.9,5.2,7.1,41.2,793.9,2.09,150.4,0.0,0,1,"time.struct_time(tm_year=2023, tm_mon=8, tm_mday=1, tm_hour=4, tm_min=10, tm_sec=30, tm_wday=1, tm_yday=213, tm_isdst=-1)",2023-08-01,2023,8,213,1,10,4,BUS03
2023-08-01 04:13:00,40.761543,-111.910789,1284.7,0.0,146.3,1.0,13.48,34.36,30.91,25.73,4.0,2.0,36.22,16.0,874.6,0.0,36.2,2.58,47.2,811.5,3.1,14.8,17.9,41.2,793.8,2.09,150.5,0.0,0,1,"time.struct_time(tm_year=2023, tm_mon=8, tm_mday=1, tm_hour=4, tm_min=13, tm_sec=0, tm_wday=1, tm_yday=213, tm_isdst=-1)",2023-08-01,2023,8,213,1,13,4,BUS03
2023-08-01 04:15:30,40.761543,-111.910767,1284.4,0.0,146.3,1.0,13.49,34.37,30.94,25.97,4.0,2.0,36.22,16.0,874.6,0.0,42.0,2.57,47.3,811.6,2.9,6.9,9.8,41.2,793.8,2.09,150.5,0.0,0,1,"time.struct_time(tm_year=2023, tm_mon=8, tm_mday=1, tm_hour=4, tm_min=15, tm_sec=30, tm_wday=1, tm_yday=213, tm_isdst=-1)",2023-08-01,2023,8,213,1,15,4,BUS03
2023-08-01 04:18:00,40.761555,-111.910751,1283.9,0.0,146.3,1.0,13.49,34.38,30.97,25.54,2.0,2.0,36.28,16.0,874.5,0.0,39.6,2.58,47.3,811.4,2.7,0.7,3.3,41.2,793.9,2.09,150.5,0.0,0,1,"time.struct_time(tm_year=2023, tm_mon=8, tm_mday=1, tm_hour=4, tm_min=18, tm_sec=0, tm_wday=1, tm_yday=213, tm_isdst=-1)",2023-08-01,2023,8,213,1,18,4,BUS03
2023-08-01 04:20:30,40.761566,-111.910744,1282.9,0.0,146.3,1.0,13.48,34.39,31.03,25.96,4.0,2.0,36.28,16.0,874.5,0.0,44.3,2.58,47.3,811.5,2.6,-0.8,1.8,41.2,793.8,2.09,150.4,0.0,0,1,"time.struct_time(tm_year=2023, tm_mon=8, tm_mday=1, tm_hour=4, tm_min=20, tm_sec=30, tm_wday=1, tm_yday=213, tm_isdst=-1)",2023-08-01,2023,8,213,1,20,4,BUS03
2023-08-01 04:23:00,40.761585,-111.910736,1281.5,0.0,146.3,1.0,13.49,34.4,31.02,26.27,4.0,2.0,36.39,17.0,874.6,0.0,47.3,2.57,47.3,811.6,1.1,0.2,1.4,41.2,793.8,2.09,150.6,0.0,0,1,"time.struct_time(tm_year=2023, tm_mon=8, tm_mday=1, tm_hour=4, tm_min=23, tm_sec=0, tm_wday=1, tm_yday=213, tm_isdst=-1)",2023-08-01,2023,8,213,1,23,4,BUS03
2023-08-01 04:25:30,40.761608,-111.910728,1280.1,0.0,146.3,1.0,13.49,34.41,30.97,26.11,4.0,2.0,36.39,17.0,874.6,0.0,43.4,2.58,47.3,811.6,2.0,-0.3,1.7,41.2,793.9,2.09,150.5,0.0,0,1,"time.struct_time(tm_year=2023, tm_mon=8, tm_mday=1, tm_hour=4, tm_min=25, tm_sec=30, tm_wday=1, tm_yday=213, tm_isdst=-1)",2023-08-01,2023,8,213,1,25,4,BUS03
2023-08-01 04:28:00,40.761612,-111.910713,1280.0,0.0,146.3,1.0,13.49,34.44,30.95,26.13,3.0,2.0,36.39,17.0,874.7,0.0,39.9,2.58,47.4,811.5,1.5,-0.4,1.2,41.2,793.8,2.09,150.5,0.0,0,1,"time.struct_time(tm_year=2023, tm_mon=8, tm_mday=1, tm_hour=4, tm_min=28, tm_sec=0, tm_wday=1, tm_yday=213, tm_isdst=-1)",2023-08-01,2023,8,213,1,28,4,BUS03
2023-08-01 04:30:30,40.761616,-111.910706,1279.4,0.0,146.3,1.0,13.49,34.49,30.93,26.05,3.0,2.0,36.39,17.0,874.6,0.0,43.9,2.57,47.4,811.5,0.1,1.6,1.7,41.1,793.8,2.09,150.5,0.0,0,1,"time.struct_time(tm_year=2023, tm_mon=8, tm_mday=1, tm_hour=4, tm_min=30, tm_sec=30, tm_wday=1, tm_yday=213, tm_isdst=-1)",2023-08-01,2023,8,213,1,30,4,BUS03
2023-08-01 04:33:00,40.7616,-111.910706,1278.7,0.0,146.3,1.0,13.49,34.52,30.98,26.33,3.0,2.0,36.5,17.0,874.5,0.0,39.0,2.59,47.4,811.4,2.1,4.8,6.9,41.1,793.9,2.09,150.3,0.0,0,1,"time.struct_time(tm_year=2023, tm_mon=8, tm_mday=1, tm_hour=4, tm_min=33, tm_sec=0, tm_wday=1, tm_yday=213, tm_isdst=-1)",2023-08-01,2023,8,213,1,33,4,BUS03
2023-08-01 04:35:30,40.761612,-111.910698,1278.5,0.0,146.3,1.0,13.49,34.54,30.93,26.93,4.0,2.0,36.5,17.0,874.6,0.0,44.3,2.58,47.4,811.5,-0.4,-0.3,-0.7,41.1,793.6,2.09,150.6,0.0,0,1,"time.struct_time(tm_year=2023, tm_mon=8, tm_mday=1, tm_hour=4, tm_min=35, tm_sec=30, tm_wday=1, tm_yday=213, tm_isdst=-1)",2023-08-01,2023,8,213,1,35,4,BUS03
2023-08-01 04:38:00,40.761616,-111.910706,1278.4,0.0,146.3,1.0,13.49,34.55,30.9,27.63,4.0,2.0,36.5,17.0,874.5,0.0,40.4,2.58,47.5,811.4,2.1,1.6,3.8,41.1,793.8,2.09,150.4,0.0,0,1,"time.struct_time(tm_year=2023, tm_mon=8, tm_mday=1, tm_hour=4, tm_min=38, tm_sec=0, tm_wday=1, tm_yday=213, tm_isdst=-1)",2023-08-01,2023,8,213,1,38,4,BUS03
2023-08-01 04:40:30,40.761631,-111.910706,1278.0,0.0,146.3,1.0,13.49,34.56,30.87,27.8,4.0,2.0,36.61,17.0,874.5,0.0,41.9,2.57,47.5,811.4,3.8,4.7,8.6,41.1,793.7,2.09,150.6,0.0,0,1,"time.struct_time(tm_year=2023, tm_mon=8, tm_mday=1, tm_hour=4, tm_min=40, tm_sec=30, tm_wday=1, tm_yday=213, tm_isdst=-1)",2023-08-01,2023,8,213,1,40,4,BUS03
2023-08-01 04:43:00,40.761623,-111.910713,1278.5,0.0,146.3,1.0,13.49,34.56,30.9,27.85,3.0,2.0,36.61,17.0,874.6,0.0,14.5,2.58,47.5,811.4,32.2,15.2,47.4,41.1,793.7,2.09,150.6,0.0,0,1,"time.struct_time(tm_year=2023, tm_mon=8, tm_mday=1, tm_hour=4, tm_min=43, tm_sec=0, tm_wday=1, tm_yday=213, tm_isdst=-1)",2023-08-01,2023,8,213,1,43,4,BUS03
2023-08-01 04:46:40,40.761635,-111.910713,1279.6,0.0,146.3,1.0,13.49,34.55,30.83,27.93,3.0,2.0,36.61,17.0,874.6,0.0,39.7,2.57,47.6,811.5,4.7,5.2,9.9,41.1,793.8,2.11,148.8,0.0,0,1,"time.struct_time(tm_year=2023, tm_mon=8, tm_mday=1, tm_hour=4, tm_min=46, tm_sec=40, tm_wday=1, tm_yday=213, tm_isdst=-1)",2023-08-01,2023,8,213,1,46,4,BUS03
2023-08-01 04:49:10,40.761654,-111.910713,1280.4,0.0,146.3,1.0,13.49,34.55,30.83,28.03,2.0,2.0,36.61,17.0,874.7,0.0,40.3,2.58,47.6,811.6,1.0,4.0,5.0,41.1,793.7,2.11,148.8,0.0,0,1,"time.struct_time(tm_year=2023, tm_mon=8, tm_mday=1, tm_hour=4, tm_min=49, tm_sec=10, tm_wday=1, tm_yday=213, tm_isdst=-1)",2023-08-01,2023,8,213,1,49,4,BUS03
2023-08-01 04:51:40,40.761654,-111.910713,1281.4,0.0,146.3,1.0,13.49,34.57,30.82,28.22,2.0,2.0,36.61,17.0,874.8,0.0,41.5,2.58,47.6,811.5,0.9,3.0,4.0,41.1,793.8,2.11,148.7,0.0,0,1,"time.struct_time(tm_year=2023, tm_mon=8, tm_mday=1, tm_hour=4, tm_min=51, tm_sec=40, tm_wday=1, tm_yday=213, tm_isdst=-1)",2023-08-01,2023,8,213,1,51,4,BUS03
2023-08-01 04:54:10,40.761662,-111.910713,1281.3,0.0,146.3,1.0,13.49,34.62,30.75,28.23,2.0,2.0,36.61,17.0,874.8,0.0,40.0,2.58,47.6,811.6,1.5,3.6,5.1,41.1,793.8,2.11,148.7,0.0,0,1,"time.struct_time(tm_year=2023, tm_mon=8, tm_mday=1, tm_hour=4, tm_min=54, tm_sec=10, tm_wday=1, tm_yday=213, tm_isdst=-1)",2023-08-01,2023,8,213,1,54,4,BUS03
2023-08-01 04:56:40,40.761662,-111.910698,1281.6,0.0,146.3,1.0,13.49,34.65,30.69,28.48,3.0,2.0,36.61,17.0,874.6,0.0,35.7,2.57,47.7,811.5,-1.2,6.5,5.3,41.1,793.7,2.11,148.8,0.0,0,1,"time.struct_time(tm_year=2023, tm_mon=8, tm_mday=1, tm_hour=4, tm_min=56, tm_sec=40, tm_wday=1, tm_yday=213, tm_isdst=-1)",2023-08-01,2023,8,213,1,56,4,BUS03
2023-08-01 04:59:10,40.761665,-111.910706,1281.6,0.0,146.3,1.0,13.49,34.65,30.64,27.98,3.0,2.0,36.61,17.0,874.7,0.0,31.3,2.57,47.7,811.5,18.2,16.6,34.8,41.1,793.8,2.11,148.7,0.0,0,1,"time.struct_time(tm_year=2023, tm_mon=8, tm_mday=1, tm_hour=4, tm_min=59, tm_sec=10, tm_wday=1, tm_yday=213, tm_isdst=-1)",2023-08-01,2023,8,213,1,59,4,BUS03
2023-08-01 05:01:40,40.761684,-111.910713,1282.0,0.0,146.3,1.0,13.49,34.65,30.61,27.23,3.0,2.0,36.61,17.0,874.5,0.0,38.7,2.58,47.7,811.5,13.7,19.5,33.2,41.1,793.7,2.11,148.6,0.0,0,1,"time.struct_time(tm_year=2023, tm_mon=8, tm_mday=1, tm_hour=5, tm_min=1, tm_sec=40, tm_wday=1, tm_yday=213, tm_isdst=-1)",2023-08-01,2023,8,213,1,1,5,BUS03
2023-08-01 05:04:10,40.761684,-111.910706,1282.7,0.0,146.3,1.0,13.49,34.65,30.57,27.21,4.0,2.0,36.61,17.0,874.5,0.0,31.9,2.59,47.7,811.4,30.0,24.7,54.7,41.1,793.7,2.11,148.5,0.0,0,1,"time.struct_time(tm_year=2023, tm_mon=8, tm_mday=1, tm_hour=5, tm_min=4, tm_sec=10, tm_wday=1, tm_yday=213, tm_isdst=-1)",2023-08-01,2023,8,213,1,4,5,BUS03
2023-08-01 05:06:40,40.761681,-111.91069,1283.6,0.0,146.3,1.0,13.48,34.64,30.55,27.01,3.0,2.0,36.61,17.0,874.5,0.0,40.4,2.57,47.8,811.4,23.6,17.3,40.9,41.1,793.6,2.11,148.6,0.0,0,1,"time.struct_time(tm_year=2023, tm_mon=8, tm_mday=1, tm_hour=5, tm_min=6, tm_sec=40, tm_wday=1, tm_yday=213, tm_isdst=-1)",2023-08-01,2023,8,213,1,6,5,BUS03
2023-08-01 05:09:10,40.761681,-111.910683,1284.4,0.0,146.3,1.0,13.49,34.64,30.53,26.91,4.0,2.0,36.61,17.0,874.5,0.0,33.2,2.58,47.8,811.3,45.0,9.6,54.6,41.1,793.6,2.11,148.4,0.0,0,1,"time.struct_time(tm_year=2023, tm_mon=8, tm_mday=1, tm_hour=5, tm_min=9, tm_sec=10, tm_wday=1, tm_yday=213, tm_isdst=-1)",2023-08-01,2023,8,213,1,9,5,BUS03
2023-08-01 05:11:40,40.761684,-111.910675,1285.1,0.0,146.3,1.0,13.49,34.63,30.51,26.65,3.0,2.0,36.61,16.0,874.6,0.0,46.5,2.56,47.8,811.3,5.9,9.0,14.9,41.2,793.7,2.1,148.4,0.0,0,1,"time.struct_time(tm_year=2023, tm_mon=8, tm_mday=1, tm_hour=5, tm_min=11, tm_sec=40, tm_wday=1, tm_yday=213, tm_isdst=-1)",2023-08-01,2023,8,213,1,11,5,BUS03
2023-08-01 05:14:10,40.761688,-111.910667,1285.0,0.0,146.3,1.0,13.49,34.62,30.51,26.32,3.0,2.0,36.61,16.0,874.3,0.0,48.6,2.58,47.8,811.3,20.4,6.4,26.9,41.2,793.6,2.11,148.5,0.0,0,1,"time.struct_time(tm_year=2023, tm_mon=8, tm_mday=1, tm_hour=5, tm_min=14, tm_sec=10, tm_wday=1, tm_yday=213, tm_isdst=-1)",2023-08-01,2023,8,213,1,14,5,BUS03
2023-08-01 05:16:40,40.761688,-111.910645,1284.5,0.0,146.3,1.0,13.49,34.64,30.45,26.12,4.0,2.0,36.61,16.0,874.5,0.0,45.2,2.57,47.8,811.2,13.7,9.1,22.9,41.2,793.6,2.11,148.4,0.0,0,1,"time.struct_time(tm_year=2023, tm_mon=8, tm_mday=1, tm_hour=5, tm_min=16, tm_sec=40, tm_wday=1, tm_yday=213, tm_isdst=-1)",2023-08-01,2023,8,213,1,16,5,BUS03
2023-08-01 05:19:10,40.761692,-111.910652,1283.4,0.0,146.3,1.0,13.49,34.68,30.39,26.43,2.0,2.0,36.61,16.0,874.3,0.0,45.8,2.59,47.8,811.2,4.3,-0.2,4.1,41.2,793.5,2.11,148.5,0.0,0,1,"time.struct_time(tm_year=2023, tm_mon=8, tm_mday=1, tm_hour=5, tm_min=19, tm_sec=10, tm_wday=1, tm_yday=213, tm_isdst=-1)",2023-08-01,2023,8,213,1,19,5,BUS03
2023-08-01 05:21:40,40.761692,-111.910652,1283.1,0.0,146.3,1.0,13.49,34.69,30.35,26.31,2.0,2.0,36.61,16.0,874.3,0.0,42.7,2.58,47.8,811.2,1.8,4.5,6.3,41.2,793.4,2.11,148.5,0.0,0,1,"time.struct_time(tm_year=2023, tm_mon=8, tm_mday=1, tm_hour=5, tm_min=21, tm_sec=40, tm_wday=1, tm_yday=213, tm_isdst=-1)",2023-08-01,2023,8,213,1,21,5,BUS03
2023-08-01 05:24:10,40.761711,-111.910652,1282.7,0.0,146.3,1.0,13.49,34.68,30.31,26.07,3.0,2.0,36.61,16.0,874.2,0.0,45.0,2.59,47.9,811.2,1.8,4.7,6.5,41.2,793.5,2.11,148.4,0.0,0,1,"time.struct_time(tm_year=2023, tm_mon=8, tm_mday=1, tm_hour=5, tm_min=24, tm_sec=10, tm_wday=1, tm_yday=213, tm_isdst=-1)",2023-08-01,2023,8,213,1,24,5,BUS03
2023-08-01 05:26:40,40.7617,-111.910637,1281.9,0.0,146.3,1.0,13.49,34.67,30.29,25.93,3.0,2.0,36.61,16.0,874.1,0.0,47.2,2.58,47.9,811.1,8.2,0.7,8.9,41.2,793.4,2.11,148.3,0.0,0,1,"time.struct_time(tm_year=2023, tm_mon=8, tm_mday=1, tm_hour=5, tm_min=26, tm_sec=40, tm_wday=1, tm_yday=213, tm_isdst=-1)",2023-08-01,2023,8,213,1,26,5,BUS03
2023-08-01 05:29:10,40.761681,-111.910637,1281.0,0.0,146.3,1.0,13.49,34.65,30.25,25.8,2.0,2.0,36.61,16.0,874.1,0.0,47.8,2.58,47.9,811.1,1.5,2.7,4.2,41.2,793.4,2.11,148.4,0.0,0,1,"time.struct_time(tm_year=2023, tm_mon=8, tm_mday=1, tm_hour=5, tm_min=29, tm_sec=10, tm_wday=1, tm_yday=213, tm_isdst=-1)",2023-08-01,2023,8,213,1,29,5,BUS03
2023-08-01 05:31:40,40.761673,-111.910645,1281.4,0.0,146.3,1.0,13.49,34.63,30.23,25.9,3.0,2.0,36.5,16.0,874.1,0.0,40.7,2.59,47.9,811.0,10.0,1.2,11.2,41.2,793.3,2.11,148.4,0.0,0,1,"time.struct_time(tm_year=2023, tm_mon=8, tm_mday=1, tm_hour=5, tm_min=31, tm_sec=40, tm_wday=1, tm_yday=213, tm_isdst=-1)",2023-08-01,2023,8,213,1,31,5,BUS03
2023-08-01 05:34:10,40.761662,-111.910645,1280.7,0.0,146.3,1.0,13.49,34.61,30.23,26.02,4.0,2.0,36.5,16.0,874.3,0.0,32.9,2.58,47.9,811.0,2.4,7.1,9.5,41.2,793.3,2.11,148.4,0.0,0,1,"time.struct_time(tm_year=2023, tm_mon=8, tm_mday=1, tm_hour=5, tm_min=34, tm_sec=10, tm_wday=1, tm_yday=213, tm_isdst=-1)",2023-08-01,2023,8,213,1,34,5,BUS03
2023-08-01 05:36:40,40.761662,-111.910645,1280.1,0.0,146.3,1.0,13.49,34.59,30.21,26.25,3.0,2.0,36.5,16.0,874.3,0.0,43.8,2.59,47.9,811.0,14.3,18.1,32.4,41.2,793.2,2.11,148.5,0.0,0,1,"time.struct_time(tm_year=2023, tm_mon=8, tm_mday=1, tm_hour=5, tm_min=36, tm_sec=40, tm_wday=1, tm_yday=213, tm_isdst=-1)",2023-08-01,2023,8,213,1,36,5,BUS03
2023-08-01 05:39:10,40.761658,-111.910652,1280.1,0.0,146.3,1.0,13.49,34.57,30.21,26.41,3.0,2.0,36.5,16.0,874.0,0.0,38.8,2.6,47.9,811.0,43.9,2.1,46.0,41.2,793.2,2.11,148.5,0.0,0,1,"time.struct_time(tm_year=2023, tm_mon=8, tm_mday=1, tm_hour=5, tm_min=39, tm_sec=10, tm_wday=1, tm_yday=213, tm_isdst=-1)",2023-08-01,2023,8,213,1,39,5,BUS03
2023-08-01 05:41:40,40.761662,-111.910652,1280.0,0.0,146.3,1.0,13.49,34.57,30.17,26.39,3.0,2.0,36.5,16.0,874.1,0.0,40.4,2.58,47.9,811.0,17.4,-0.3,17.0,41.2,793.3,2.11,148.4,0.0,0,1,"time.struct_time(tm_year=2023, tm_mon=8, tm_mday=1, tm_hour=5, tm_min=41, tm_sec=40, tm_wday=1, tm_yday=213, tm_isdst=-1)",2023-08-01,2023,8,213,1,41,5,BUS03
2023-08-01 05:44:10,40.761665,-111.910645,1280.9,0.0,146.3,1.0,13.49,34.61,30.22,26.38,2.0,2.0,36.39,16.0,874.1,0.0,44.8,2.58,47.9,811.0,-0.6,1.6,1.0,41.2,793.3,2.11,148.4,0.0,0,1,"time.struct_time(tm_year=2023, tm_mon=8, tm_mday=1, tm_hour=5, tm_min=44, tm_sec=10, tm_wday=1, tm_yday=213, tm_isdst=-1)",2023-08-01,2023,8,213,1,44,5,BUS03
2023-08-01 05:47:50,40.761665,-111.910667,1281.3,0.0,146.3,1.0,13.49,34.6,30.2,26.36,3.0,2.0,36.5,16.0,874.1,0.0,15.6,2.59,47.9,811.0,45.5,10.9,56.4,41.2,793.3,2.16,148.4,0.0,0,1,"time.struct_time(tm_year=2023, tm_mon=8, tm_mday=1, tm_hour=5, tm_min=47, tm_sec=50, tm_wday=1, tm_yday=213, tm_isdst=-1)",2023-08-01,2023,8,213,1,47,5,BUS03
2023-08-01 05:50:20,40.761658,-111.910675,1281.8,0.0,146.3,1.0,13.49,34.59,30.18,26.28,2.0,2.0,36.5,16.0,874.3,0.0,44.7,2.59,47.9,811.0,16.8,15.2,32.0,41.2,793.3,2.16,148.5,0.0,0,1,"time.struct_time(tm_year=2023, tm_mon=8, tm_mday=1, tm_hour=5, tm_min=50, tm_sec=20, tm_wday=1, tm_yday=213, tm_isdst=-1)",2023-08-01,2023,8,213,1,50,5,BUS03
2023-08-01 05:52:50,40.761662,-111.910675,1283.4,0.0,146.3,1.0,13.49,34.58,30.2,26.3,3.0,2.0,36.5,16.0,874.1,0.0,28.2,2.58,47.9,811.0,53.7,31.5,85.2,41.2,793.2,2.16,148.5,0.0,0,1,"time.struct_time(tm_year=2023, tm_mon=8, tm_mday=1, tm_hour=5, tm_min=52, tm_sec=50, tm_wday=1, tm_yday=213, tm_isdst=-1)",2023-08-01,2023,8,213,1,52,5,BUS03
2023-08-01 05:55:20,40.761662,-111.910667,1282.7,0.0,146.3,1.0,13.49,34.57,30.2,26.32,4.0,2.0,36.5,16.0,874.2,0.0,43.7,2.6,47.9,811.0,19.2,16.0,35.2,41.2,793.3,2.16,148.4,0.0,0,1,"time.struct_time(tm_year=2023, tm_mon=8, tm_mday=1, tm_hour=5, tm_min=55, tm_sec=20, tm_wday=1, tm_yday=213, tm_isdst=-1)",2023-08-01,2023,8,213,1,55,5,BUS03
2023-08-01 05:57:50,40.761665,-111.91066,1282.7,0.0,146.3,1.0,13.49,34.59,30.22,26.3,3.0,2.0,36.5,16.0,874.1,0.0,44.5,2.58,47.9,811.1,3.7,-0.0,3.7,41.2,793.4,2.16,148.3,0.0,0,1,"time.struct_time(tm_year=2023, tm_mon=8, tm_mday=1, tm_hour=5, tm_min=57, tm_sec=50, tm_wday=1, tm_yday=213, tm_isdst=-1)",2023-08-01,2023,8,213,1,57,5,BUS03
2023-08-01 06:00:20,40.761662,-111.91066,1281.5,0.0,146.3,1.0,13.49,34.63,30.22,26.33,7.0,2.0,36.5,16.0,874.3,0.0,8.6,2.57,47.9,811.2,105.4,44.4,149.8,41.2,793.5,2.16,148.5,0.0,0,1,"time.struct_time(tm_year=2023, tm_mon=8, tm_mday=1, tm_hour=6, tm_min=0, tm_sec=20, tm_wday=1, tm_yday=213, tm_isdst=-1)",2023-08-01,2023,8,213,1,0,6,BUS03
2023-08-01 06:02:50,40.761673,-111.91066,1280.0,0.0,146.3,1.0,13.49,34.64,30.22,26.27,6.0,2.0,36.5,16.0,874.3,0.0,22.9,2.57,47.9,811.2,30.3,60.7,91.0,41.2,793.5,2.16,148.5,0.0,0,1,"time.struct_time(tm_year=2023, tm_mon=8, tm_mday=1, tm_hour=6, tm_min=2, tm_sec=50, tm_wday=1, tm_yday=213, tm_isdst=-1)",2023-08-01,2023,8,213,1,2,6,BUS03
2023-08-01 06:05:20,40.761669,-111.91066,1279.6,0.0,146.3,1.0,13.49,34.64,30.24,26.44,3.0,2.0,36.61,16.0,874.4,0.0,14.6,2.58,47.9,811.3,75.1,51.4,126.5,41.2,793.6,2.16,148.5,0.0,0,1,"time.struct_time(tm_year=2023, tm_mon=8, tm_mday=1, tm_hour=6, tm_min=5, tm_sec=20, tm_wday=1, tm_yday=213, tm_isdst=-1)",2023-08-01,2023,8,213,1,5,6,BUS03
2023-08-01 06:07:50,40.761662,-111.910652,1278.2,0.0,146.3,1.0,13.49,34.64,30.12,26.7,4.0,2.0,36.61,16.0,874.5,0.0,24.3,2.59,47.9,811.4,14.4,27.6,42.0,41.2,793.7,2.16,148.5,0.0,0,1,"time.struct_time(tm_year=2023, tm_mon=8, tm_mday=1, tm_hour=6, tm_min=7, tm_sec=50, tm_wday=1, tm_yday=213, tm_isdst=-1)",2023-08-01,2023,8,213,1,7,6,BUS03
2023-08-01 06:10:20,40.761677,-111.910652,1276.5,0.0,146.3,1.0,13.49,34.63,30.12,26.66,5.0,2.0,36.72,16.0,874.5,0.0,7.6,2.58,47.9,811.5,25.2,34.9,60.1,41.2,793.7,2.15,148.5,0.0,0,1,"time.struct_time(tm_year=2023, tm_mon=8, tm_mday=1, tm_hour=6, tm_min=10, tm_sec=20, tm_wday=1, tm_yday=213, tm_isdst=-1)",2023-08-01,2023,8,213,1,10,6,BUS03
2023-08-01 06:12:50,40.761677,-111.91066,1275.8,0.0,146.3,1.0,13.49,34.62,30.12,26.58,8.0,2.0,36.72,16.0,874.7,0.0,3.3,2.58,47.9,811.5,48.8,52.6,101.4,41.2,793.8,2.16,148.5,0.0,0,1,"time.struct_time(tm_year=2023, tm_mon=8, tm_mday=1, tm_hour=6, tm_min=12, tm_sec=50, tm_wday=1, tm_yday=213, tm_isdst=-1)",2023-08-01,2023,8,213,1,12,6,BUS03
2023-08-01 06:15:20,40.761677,-111.91066,1274.9,0.0,146.3,1.0,13.49,34.62,30.16,26.42,4.0,2.0,36.72,16.0,874.5,0.0,16.2,2.58,47.9,811.4,97.3,57.3,154.5,41.2,793.6,2.16,148.5,0.0,0,1,"time.struct_time(tm_year=2023, tm_mon=8, tm_mday=1, tm_hour=6, tm_min=15, tm_sec=20, tm_wday=1, tm_yday=213, tm_isdst=-1)",2023-08-01,2023,8,213,1,15,6,BUS03
2023-08-01 06:17:50,40.761684,-111.910652,1275.5,0.0,146.3,1.0,13.49,34.62,30.14,26.34,4.0,2.0,36.72,16.0,874.6,0.0,45.3,2.58,47.9,811.4,24.6,18.7,43.4,41.2,793.6,2.16,148.6,0.0,0,1,"time.struct_time(tm_year=2023, tm_mon=8, tm_mday=1, tm_hour=6, tm_min=17, tm_sec=50, tm_wday=1, tm_yday=213, tm_isdst=-1)",2023-08-01,2023,8,213,1,17,6,BUS03
2023-08-01 06:20:20,40.761681,-111.910652,1276.6,0.0,146.3,1.0,13.49,34.65,29.78,26.98,3.0,2.0,36.72,16.0,874.4,0.0,44.4,2.58,47.9,811.3,-0.2,-0.7,-0.9,41.2,793.6,2.15,148.3,0.0,0,1,"time.struct_time(tm_year=2023, tm_mon=8, tm_mday=1, tm_hour=6, tm_min=20, tm_sec=20, tm_wday=1, tm_yday=213, tm_isdst=-1)",2023-08-01,2023,8,213,1,20,6,BUS03
2023-08-01 06:22:50,40.761677,-111.91066,1277.2,0.0,146.3,1.0,13.49,34.72,29.68,26.76,2.0,2.0,36.72,16.0,874.4,0.0,48.6,2.57,48.0,811.2,1.7,-0.3,1.3,41.2,793.6,2.16,148.3,0.0,0,1,"time.struct_time(tm_year=2023, tm_mon=8, tm_mday=1, tm_hour=6, tm_min=22, tm_sec=50, tm_wday=1, tm_yday=213, tm_isdst=-1)",2023-08-01,2023,8,213,1,22,6,BUS03
2023-08-01 06:25:20,40.761684,-111.910675,1276.6,0.0,146.3,1.0,13.49,34.79,29.6,26.58,3.0,2.0,36.72,15.0,874.2,0.0,45.5,2.58,48.0,811.1,0.0,2.3,2.3,41.3,793.4,2.16,148.5,0.0,0,1,"time.struct_time(tm_year=2023, tm_mon=8, tm_mday=1, tm_hour=6, tm_min=25, tm_sec=20, tm_wday=1, tm_yday=213, tm_isdst=-1)",2023-08-01,2023,8,213,1,25,6,BUS03
2023-08-01 06:27:50,40.761669,-111.91066,1276.5,0.0,146.3,1.0,13.49,34.86,29.52,27.4,3.0,2.0,36.72,16.0,874.1,0.0,25.2,2.6,48.0,811.1,7.6,9.0,16.6,41.3,793.2,2.16,148.3,0.0,0,1,"time.struct_time(tm_year=2023, tm_mon=8, tm_mday=1, tm_hour=6, tm_min=27, tm_sec=50, tm_wday=1, tm_yday=213, tm_isdst=-1)",2023-08-01,2023,8,213,1,27,6,BUS03
2023-08-01 06:30:20,40.761662,-111.910667,1276.7,0.0,146.3,1.0,13.49,34.92,29.45,27.39,3.0,2.0,36.72,16.0,874.1,0.0,40.9,2.59,48.0,811.0,10.6,18.0,28.6,41.3,793.3,2.16,148.3,0.0,0,1,"time.struct_time(tm_year=2023, tm_mon=8, tm_mday=1, tm_hour=6, tm_min=30, tm_sec=20, tm_wday=1, tm_yday=213, tm_isdst=-1)",2023-08-01,2023,8,213,1,30,6,BUS03
2023-08-01 06:32:50,40.761658,-111.910667,1276.0,0.0,146.3,1.0,13.49,34.95,29.42,27.41,2.0,2.0,36.72,16.0,874.1,0.0,45.6,2.58,48.0,811.0,5.5,2.5,7.9,41.3,793.3,2.16,148.3,0.0,0,1,"time.struct_time(tm_year=2023, tm_mon=8, tm_mday=1, tm_hour=6, tm_min=32, tm_sec=50, tm_wday=1, tm_yday=213, tm_isdst=-1)",2023-08-01,2023,8,213,1,32,6,BUS03
2023-08-01 06:35:20,40.761642,-111.910675,1275.4,0.0,146.3,1.0,13.49,34.98,29.39,27.65,2.0,2.0,36.61,16.0,874.3,0.0,45.7,2.58,48.0,811.1,4.3,-3.0,1.3,41.3,793.3,2.16,148.5,0.0,0,1,"time.struct_time(tm_year=2023, tm_mon=8, tm_mday=1, tm_hour=6, tm_min=35, tm_sec=20, tm_wday=1, tm_yday=213, tm_isdst=-1)",2023-08-01,2023,8,213,1,35,6,BUS03
2023-08-01 06:37:50,40.761646,-111.91066,1274.7,0.0,146.3,1.0,13.49,34.97,29.6,27.5,3.0,2.0,36.61,16.0,874.2,0.0,42.7,2.57,48.0,811.2,3.4,-2.9,0.5,41.3,793.3,2.16,148.5,0.0,0,1,"time.struct_time(tm_year=2023, tm_mon=8, tm_mday=1, tm_hour=6, tm_min=37, tm_sec=50, tm_wday=1, tm_yday=213, tm_isdst=-1)",2023-08-01,2023,8,213,1,37,6,BUS03
2023-08-01 06:40:20,40.761639,-111.91066,1274.5,0.0,146.3,1.0,13.48,34.97,29.46,27.73,2.0,2.0,36.5,16.0,874.3,0.0,43.6,2.58,48.0,811.2,-0.5,-1.0,-1.6,41.3,793.5,2.16,148.4,0.0,0,1,"time.struct_time(tm_year=2023, tm_mon=8, tm_mday=1, tm_hour=6, tm_min=40, tm_sec=20, tm_wday=1, tm_yday=213, tm_isdst=-1)",2023-08-01,2023,8,213,1,40,6,BUS03
2023-08-01 06:42:50,40.761627,-111.910667,1274.7,0.0,146.3,1.0,13.49,35.0,29.39,27.59,3.0,2.0,36.5,16.0,874.5,0.0,40.6,2.58,48.0,811.3,3.7,1.0,4.7,41.3,793.4,2.16,148.7,0.0,0,1,"time.struct_time(tm_year=2023, tm_mon=8, tm_mday=1, tm_hour=6, tm_min=42, tm_sec=50, tm_wday=1, tm_yday=213, tm_isdst=-1)",2023-08-01,2023,8,213,1,42,6,BUS03
2023-08-01 06:45:20,40.761623,-111.910667,1273.7,0.0,146.3,1.0,13.49,35.01,29.43,27.21,2.0,2.0,36.5,16.0,874.5,0.0,43.4,2.58,48.0,811.4,2.7,0.2,3.0,41.3,793.5,2.16,148.5,0.0,0,1,"time.struct_time(tm_year=2023, tm_mon=8, tm_mday=1, tm_hour=6, tm_min=45, tm_sec=20, tm_wday=1, tm_yday=213, tm_isdst=-1)",2023-08-01,2023,8,213,1,45,6,BUS03
2023-08-01 06:49:00,40.761616,-111.910667,1272.5,0.0,146.3,1.0,13.49,34.95,29.48,27.31,2.0,2.0,36.5,16.0,874.6,0.0,48.4,2.58,47.9,811.5,1.4,1.7,3.1,41.3,793.8,2.09,150.0,0.0,0,1,"time.struct_time(tm_year=2023, tm_mon=8, tm_mday=1, tm_hour=6, tm_min=49, tm_sec=0, tm_wday=1, tm_yday=213, tm_isdst=-1)",2023-08-01,2023,8,213,1,49,6,BUS03
2023-08-01 06:51:30,40.761616,-111.910675,1272.3,0.0,146.3,1.0,13.49,34.9,29.5,27.43,3.0,2.0,36.39,16.0,874.6,0.0,50.9,2.58,47.9,811.5,-0.1,1.5,1.4,41.3,793.8,2.09,150.1,0.0,0,1,"time.struct_time(tm_year=2023, tm_mon=8, tm_mday=1, tm_hour=6, tm_min=51, tm_sec=30, tm_wday=1, tm_yday=213, tm_isdst=-1)",2023-08-01,2023,8,213,1,51,6,BUS03
2023-08-01 06:54:00,40.76162,-111.910675,1272.1,0.0,146.3,1.0,13.49,34.85,29.68,27.39,6.0,2.0,36.39,16.0,874.6,0.0,45.4,2.57,47.9,811.5,-0.6,-0.5,-1.1,41.3,793.8,2.09,150.3,0.0,0,1,"time.struct_time(tm_year=2023, tm_mon=8, tm_mday=1, tm_hour=6, tm_min=54, tm_sec=0, tm_wday=1, tm_yday=213, tm_isdst=-1)",2023-08-01,2023,8,213,1,54,6,BUS03
2023-08-01 06:56:30,40.761639,-111.910675,1271.4,0.0,146.3,1.0,13.49,34.81,29.76,27.45,3.0,2.0,36.39,16.0,874.6,0.0,49.2,2.59,47.9,811.5,2.6,-4.8,-2.2,41.3,793.8,2.09,150.1,0.0,0,1,"time.struct_time(tm_year=2023, tm_mon=8, tm_mday=1, tm_hour=6, tm_min=56, tm_sec=30, tm_wday=1, tm_yday=213, tm_isdst=-1)",2023-08-01,2023,8,213,1,56,6,BUS03
2023-08-01 06:59:00,40.761635,-111.910683,1271.6,0.0,146.3,1.0,13.49,34.78,29.72,27.53,3.0,2.0,36.5,16.0,874.7,0.0,45.7,2.58,47.9,811.6,-0.1,0.2,0.1,41.3,793.8,2.09,150.4,0.0,0,1,"time.struct_time(tm_year=2023, tm_mon=8, tm_mday=1, tm_hour=6, tm_min=59, tm_sec=0, tm_wday=1, tm_yday=213, tm_isdst=-1)",2023-08-01,2023,8,213,1,59,6,BUS03
2023-08-01 07:01:30,40.761642,-111.91069,1271.7,0.0,146.3,1.0,13.49,34.74,29.79,27.49,3.0,2.0,36.5,16.0,874.6,0.0,47.8,2.59,47.9,811.6,1.8,-0.4,1.5,41.3,793.9,2.09,150.3,0.0,0,1,"time.struct_time(tm_year=2023, tm_mon=8, tm_mday=1, tm_hour=7, tm_min=1, tm_sec=30, tm_wday=1, tm_yday=213, tm_isdst=-1)",2023-08-01,2023,8,213,1,1,7,BUS03
2023-08-01 07:04:00,40.761642,-111.91069,1270.7,0.0,146.3,1.0,13.49,34.75,29.92,27.8,2.0,2.0,36.5,16.0,874.8,0.0,48.0,2.57,47.9,811.5,0.2,-1.9,-1.8,41.3,793.8,2.09,150.3,0.0,0,1,"time.struct_time(tm_year=2023, tm_mon=8, tm_mday=1, tm_hour=7, tm_min=4, tm_sec=0, tm_wday=1, tm_yday=213, tm_isdst=-1)",2023-08-01,2023,8,213,1,4,7,BUS03
2023-08-01 07:06:30,40.761642,-111.91069,1269.8,0.0,146.3,1.0,13.49,34.76,29.87,28.16,3.0,2.0,36.5,16.0,874.9,0.0,47.8,2.59,47.9,811.6,0.1,-2.4,-2.4,41.3,793.9,2.09,150.2,0.0,0,1,"time.struct_time(tm_year=2023, tm_mon=8, tm_mday=1, tm_hour=7, tm_min=6, tm_sec=30, tm_wday=1, tm_yday=213, tm_isdst=-1)",2023-08-01,2023,8,213,1,6,7,BUS03
2023-08-01 07:09:00,40.761654,-111.910675,1269.6,0.0,146.3,1.0,13.49,34.73,29.87,28.11,4.0,2.0,36.5,16.0,874.7,0.0,33.5,2.56,47.9,811.7,2.6,-0.7,1.9,41.3,794.1,2.09,150.1,0.0,0,1,"time.struct_time(tm_year=2023, tm_mon=8, tm_mday=1, tm_hour=7, tm_min=9, tm_sec=0, tm_wday=1, tm_yday=213, tm_isdst=-1)",2023-08-01,2023,8,213,1,9,7,BUS03
2023-08-01 07:11:30,40.761662,-111.910667,1269.2,0.0,146.3,1.0,13.49,34.7,29.96,28.48,4.0,2.0,36.61,16.0,874.8,0.0,45.1,2.58,47.9,811.7,-0.7,6.8,6.1,41.3,793.8,2.09,150.4,0.0,0,1,"time.struct_time(tm_year=2023, tm_mon=8, tm_mday=1, tm_hour=7, tm_min=11, tm_sec=30, tm_wday=1, tm_yday=213, tm_isdst=-1)",2023-08-01,2023,8,213,1,11,7,BUS03
2023-08-01 07:14:00,40.761662,-111.910667,1268.1,0.0,146.3,1.0,13.49,34.67,29.74,29.18,3.0,2.0,36.61,17.0,875.0,0.0,46.6,2.59,47.9,811.7,1.3,-2.4,-1.1,41.3,794.0,2.09,150.4,0.0,0,1,"time.struct_time(tm_year=2023, tm_mon=8, tm_mday=1, tm_hour=7, tm_min=14, tm_sec=0, tm_wday=1, tm_yday=213, tm_isdst=-1)",2023-08-01,2023,8,213,1,14,7,BUS03
2023-08-01 07:16:30,40.761665,-111.91066,1267.1,0.0,146.3,1.0,13.49,34.64,29.66,29.2,3.0,2.0,36.61,17.0,874.8,0.0,46.9,2.58,47.9,811.8,1.1,-3.7,-2.6,41.3,794.0,2.09,150.3,0.0,0,1,"time.struct_time(tm_year=2023, tm_mon=8, tm_mday=1, tm_hour=7, tm_min=16, tm_sec=30, tm_wday=1, tm_yday=213, tm_isdst=-1)",2023-08-01,2023,8,213,1,16,7,BUS03
2023-08-01 07:19:00,40.761662,-111.910652,1267.2,0.0,146.3,1.0,13.49,34.6,29.66,29.16,3.0,2.0,36.5,17.0,874.8,0.0,43.7,2.59,47.8,811.8,2.2,-1.2,1.0,41.3,794.0,2.09,150.3,0.0,0,1,"time.struct_time(tm_year=2023, tm_mon=8, tm_mday=1, tm_hour=7, tm_min=19, tm_sec=0, tm_wday=1, tm_yday=213, tm_isdst=-1)",2023-08-01,2023,8,213,1,19,7,BUS03
2023-08-01 07:21:30,40.761654,-111.910637,1267.5,0.0,146.3,1.0,13.49,34.56,29.52,29.44,2.0,2.0,36.5,17.0,875.1,0.0,38.5,2.56,47.8,811.9,1.2,-0.6,0.6,41.3,794.0,2.09,150.4,0.0,0,1,"time.struct_time(tm_year=2023, tm_mon=8, tm_mday=1, tm_hour=7, tm_min=21, tm_sec=30, tm_wday=1, tm_yday=213, tm_isdst=-1)",2023-08-01,2023,8,213,1,21,7,BUS03
2023-08-01 07:24:00,40.761639,-111.910629,1267.6,0.0,146.3,1.0,13.49,34.54,29.42,29.44,2.0,2.0,36.39,17.0,875.0,0.0,46.3,2.57,47.8,811.9,1.7,5.6,7.3,41.3,794.1,2.09,150.5,0.0,0,1,"time.struct_time(tm_year=2023, tm_mon=8, tm_mday=1, tm_hour=7, tm_min=24, tm_sec=0, tm_wday=1, tm_yday=213, tm_isdst=-1)",2023-08-01,2023,8,213,1,24,7,BUS03
2023-08-01 07:26:30,40.761635,-111.910622,1267.3,0.0,146.3,1.0,13.49,34.55,29.5,29.26,3.0,2.0,36.39,17.0,875.1,0.0,39.6,2.57,47.8,811.9,8.0,4.9,12.9,41.2,794.1,2.09,150.2,0.0,0,1,"time.struct_time(tm_year=2023, tm_mon=8, tm_mday=1, tm_hour=7, tm_min=26, tm_sec=30, tm_wday=1, tm_yday=213, tm_isdst=-1)",2023-08-01,2023,8,213,1,26,7,BUS03
2023-08-01 07:29:00,40.761631,-111.910622,1266.6,0.0,146.3,1.0,13.49,34.53,29.44,29.52,3.0,2.0,36.39,17.0,874.9,0.0,37.6,2.57,47.8,811.9,8.0,3.2,11.2,41.2,794.1,2.09,150.3,0.0,0,1,"time.struct_time(tm_year=2023, tm_mon=8, tm_mday=1, tm_hour=7, tm_min=29, tm_sec=0, tm_wday=1, tm_yday=213, tm_isdst=-1)",2023-08-01,2023,8,213,1,29,7,BUS03
2023-08-01 07:31:30,40.761639,-111.910629,1265.2,0.0,146.3,1.0,13.49,34.51,29.36,29.5,4.0,2.0,36.39,17.0,875.2,0.0,42.7,2.59,47.8,811.9,20.2,9.5,29.7,41.2,794.1,2.09,150.3,0.0,0,1,"time.struct_time(tm_year=2023, tm_mon=8, tm_mday=1, tm_hour=7, tm_min=31, tm_sec=30, tm_wday=1, tm_yday=213, tm_isdst=-1)",2023-08-01,2023,8,213,1,31,7,BUS03
2023-08-01 07:34:00,40.761642,-111.910637,1265.3,0.0,146.3,1.0,13.49,34.47,29.36,29.5,3.0,2.0,36.39,17.0,875.2,0.0,41.5,2.57,47.8,812.0,7.7,8.1,15.8,41.2,794.1,2.09,150.3,0.0,0,1,"time.struct_time(tm_year=2023, tm_mon=8, tm_mday=1, tm_hour=7, tm_min=34, tm_sec=0, tm_wday=1, tm_yday=213, tm_isdst=-1)",2023-08-01,2023,8,213,1,34,7,BUS03
2023-08-01 07:36:30,40.761639,-111.910637,1265.6,0.0,146.3,1.0,13.48,34.42,29.28,29.98,2.0,2.0,36.39,17.0,875.1,0.0,22.7,2.57,47.7,812.0,9.0,5.2,14.2,41.2,794.2,2.09,150.4,0.0,0,1,"time.struct_time(tm_year=2023, tm_mon=8, tm_mday=1, tm_hour=7, tm_min=36, tm_sec=30, tm_wday=1, tm_yday=213, tm_isdst=-1)",2023-08-01,2023,8,213,1,36,7,BUS03
2023-08-01 07:39:00,40.761654,-111.910637,1266.0,0.0,146.3,1.0,13.49,34.36,29.12,30.18,3.0,2.0,36.39,17.0,875.2,0.0,42.4,2.58,47.7,812.1,13.8,7.8,21.6,41.2,794.3,2.09,150.4,0.0,0,1,"time.struct_time(tm_year=2023, tm_mon=8, tm_mday=1, tm_hour=7, tm_min=39, tm_sec=0, tm_wday=1, tm_yday=213, tm_isdst=-1)",2023-08-01,2023,8,213,1,39,7,BUS03
2023-08-01 07:41:30,40.761662,-111.910637,1265.5,0.0,146.3,1.0,13.49,34.31,29.1,30.1,3.0,2.0,36.39,17.0,875.3,0.0,46.6,2.58,47.7,812.1,0.7,-2.3,-1.6,41.2,794.5,2.09,150.3,0.0,0,1,"time.struct_time(tm_year=2023, tm_mon=8, tm_mday=1, tm_hour=7, tm_min=41, tm_sec=30, tm_wday=1, tm_yday=213, tm_isdst=-1)",2023-08-01,2023,8,213,1,41,7,BUS03
2023-08-01 07:44:00,40.761662,-111.910637,1265.5,0.0,146.3,1.0,13.49,34.26,29.11,30.31,2.0,2.0,36.39,17.0,875.4,0.0,44.9,2.59,47.7,812.2,-1.1,-0.1,-1.2,41.2,794.3,2.09,150.4,0.0,0,1,"time.struct_time(tm_year=2023, tm_mon=8, tm_mday=1, tm_hour=7, tm_min=44, tm_sec=0, tm_wday=1, tm_yday=213, tm_isdst=-1)",2023-08-01,2023,8,213,1,44,7,BUS03
2023-08-01 07:46:30,40.761669,-111.910637,1265.9,0.0,146.3,1.0,13.49,34.21,28.92,30.48,3.0,2.0,36.39,17.0,875.3,0.0,25.4,2.58,47.7,812.3,6.5,4.5,11.0,41.2,794.5,2.09,150.3,0.0,0,1,"time.struct_time(tm_year=2023, tm_mon=8, tm_mday=1, tm_hour=7, tm_min=46, tm_sec=30, tm_wday=1, tm_yday=213, tm_isdst=-1)",2023-08-01,2023,8,213,1,46,7,BUS03
2023-08-01 07:50:10,40.761677,-111.910652,1266.1,0.0,146.3,1.0,13.49,34.21,28.96,30.11,3.0,2.0,36.28,17.0,875.5,0.0,42.2,2.59,47.6,812.3,-0.4,2.1,1.7,41.2,794.5,2.11,148.9,0.0,0,1,"time.struct_time(tm_year=2023, tm_mon=8, tm_mday=1, tm_hour=7, tm_min=50, tm_sec=10, tm_wday=1, tm_yday=213, tm_isdst=-1)",2023-08-01,2023,8,213,1,50,7,BUS03
2023-08-01 07:52:40,40.761684,-111.91066,1266.4,0.0,146.3,1.0,13.49,34.2,29.04,29.84,2.0,2.0,36.28,17.0,875.4,0.0,45.1,2.58,47.6,812.3,2.7,-2.2,0.5,41.2,794.6,2.11,148.6,0.0,0,1,"time.struct_time(tm_year=2023, tm_mon=8, tm_mday=1, tm_hour=7, tm_min=52, tm_sec=40, tm_wday=1, tm_yday=213, tm_isdst=-1)",2023-08-01,2023,8,213,1,52,7,BUS03
2023-08-01 07:55:10,40.761681,-111.91066,1267.0,0.0,146.3,1.0,13.49,34.17,28.94,30.25,3.0,2.0,36.28,17.0,875.5,0.0,26.3,2.57,47.6,812.4,4.4,-5.0,-0.6,41.2,794.6,2.11,148.7,0.0,0,1,"time.struct_time(tm_year=2023, tm_mon=8, tm_mday=1, tm_hour=7, tm_min=55, tm_sec=10, tm_wday=1, tm_yday=213, tm_isdst=-1)",2023-08-01,2023,8,213,1,55,7,BUS03
2023-08-01 07:57:40,40.761681,-111.910667,1267.8,0.0,146.3,1.0,13.49,34.14,28.92,30.19,3.0,2.0,36.28,17.0,875.4,0.0,37.0,2.56,47.6,812.4,18.6,9.7,28.3,41.2,794.6,2.11,148.8,0.0,0,1,"time.struct_time(tm_year=2023, tm_mon=8, tm_mday=1, tm_hour=7, tm_min=57, tm_sec=40, tm_wday=1, tm_yday=213, tm_isdst=-1)",2023-08-01,2023,8,213,1,57,7,BUS03
2023-08-01 08:00:10,40.761696,-111.910675,1268.8,0.0,146.3,1.0,13.49,34.1,28.95,30.05,3.0,2.0,36.39,17.0,875.7,0.0,43.4,2.57,47.6,812.4,2.1,-0.9,1.3,41.2,794.7,2.11,148.6,0.0,0,1,"time.struct_time(tm_year=2023, tm_mon=8, tm_mday=1, tm_hour=8, tm_min=0, tm_sec=10, tm_wday=1, tm_yday=213, tm_isdst=-1)",2023-08-01,2023,8,213,1,0,8,BUS03
2023-08-01 08:02:40,40.761703,-111.91069,1269.6,0.0,146.3,1.0,13.49,34.07,28.9,29.88,2.0,2.0,36.39,17.0,875.7,0.0,41.4,2.58,47.5,812.5,1.3,-1.1,0.3,41.2,794.7,2.11,148.8,0.0,0,1,"time.struct_time(tm_year=2023, tm_mon=8, tm_mday=1, tm_hour=8, tm_min=2, tm_sec=40, tm_wday=1, tm_yday=213, tm_isdst=-1)",2023-08-01,2023,8,213,1,2,8,BUS03
2023-08-01 08:05:10,40.761707,-111.910706,1269.9,0.0,146.3,1.0,13.49,34.06,28.86,29.58,3.0,2.0,36.39,16.0,875.6,0.0,43.9,2.58,47.5,812.4,2.1,-0.9,1.2,41.2,794.7,2.11,148.7,0.0,0,1,"time.struct_time(tm_year=2023, tm_mon=8, tm_mday=1, tm_hour=8, tm_min=5, tm_sec=10, tm_wday=1, tm_yday=213, tm_isdst=-1)",2023-08-01,2023,8,213,1,5,8,BUS03
2023-08-01 08:07:40,40.761719,-111.910713,1270.1,0.0,146.3,1.0,13.49,34.08,28.94,29.48,2.0,2.0,36.39,16.0,875.7,0.0,43.4,2.58,47.5,812.4,1.3,1.4,2.7,41.1,794.7,2.11,148.6,0.0,0,1,"time.struct_time(tm_year=2023, tm_mon=8, tm_mday=1, tm_hour=8, tm_min=7, tm_sec=40, tm_wday=1, tm_yday=213, tm_isdst=-1)",2023-08-01,2023,8,213,1,7,8,BUS03
2023-08-01 08:10:10,40.76173,-111.910706,1270.4,0.0,146.3,1.0,13.49,34.07,29.03,29.64,3.0,2.0,36.39,16.0,875.4,0.0,42.5,2.58,47.5,812.4,0.3,-0.6,-0.3,41.1,794.6,2.11,148.8,0.0,0,1,"time.struct_time(tm_year=2023, tm_mon=8, tm_mday=1, tm_hour=8, tm_min=10, tm_sec=10, tm_wday=1, tm_yday=213, tm_isdst=-1)",2023-08-01,2023,8,213,1,10,8,BUS03
2023-08-01 08:12:40,40.761734,-111.910698,1271.0,0.0,146.3,1.0,13.49,34.07,28.96,29.75,2.0,2.0,36.28,16.0,875.5,0.0,39.8,2.57,47.5,812.4,1.1,-2.0,-0.9,41.1,794.6,2.11,148.7,0.0,0,1,"time.struct_time(tm_year=2023, tm_mon=8, tm_mday=1, tm_hour=8, tm_min=12, tm_sec=40, tm_wday=1, tm_yday=213, tm_isdst=-1)",2023-08-01,2023,8,213,1,12,8,BUS03
2023-08-01 08:15:10,40.761742,-111.91069,1271.7,0.0,146.3,1.0,13.49,34.11,28.88,30.19,4.0,2.0,36.28,17.0,875.5,0.0,39.2,2.58,47.5,812.3,-0.7,1.0,0.3,41.1,794.6,2.11,148.7,0.0,0,1,"time.struct_time(tm_year=2023, tm_mon=8, tm_mday=1, tm_hour=8, tm_min=15, tm_sec=10, tm_wday=1, tm_yday=213, tm_isdst=-1)",2023-08-01,2023,8,213,1,15,8,BUS03
2023-08-01 08:17:40,40.761742,-111.910706,1272.1,0.0,146.3,1.0,13.49,34.11,28.9,30.04,3.0,2.0,36.28,17.0,875.5,0.0,42.0,2.57,47.4,812.4,0.8,-0.3,0.5,41.1,794.6,2.11,148.8,0.0,0,1,"time.struct_time(tm_year=2023, tm_mon=8, tm_mday=1, tm_hour=8, tm_min=17, tm_sec=40, tm_wday=1, tm_yday=213, tm_isdst=-1)",2023-08-01,2023,8,213,1,17,8,BUS03
2023-08-01 08:20:10,40.761726,-111.910713,1273.9,0.0,146.3,1.0,13.49,34.08,28.95,30.5,2.0,2.0,36.28,17.0,875.4,0.0,39.6,2.58,47.4,812.5,-1.1,2.1,1.0,41.1,794.6,2.11,148.8,0.0,0,1,"time.struct_time(tm_year=2023, tm_mon=8, tm_mday=1, tm_hour=8, tm_min=20, tm_sec=10, tm_wday=1, tm_yday=213, tm_isdst=-1)",2023-08-01,2023,8,213,1,20,8,BUS03
2023-08-01 08:22:40,40.761719,-111.910713,1274.7,0.0,146.3,1.0,13.49,34.04,28.94,30.39,3.0,2.0,36.28,17.0,875.4,0.0,46.8,2.57,47.4,812.4,2.1,1.4,3.5,41.1,794.6,2.11,148.7,0.0,0,1,"time.struct_time(tm_year=2023, tm_mon=8, tm_mday=1, tm_hour=8, tm_min=22, tm_sec=40, tm_wday=1, tm_yday=213, tm_isdst=-1)",2023-08-01,2023,8,213,1,22,8,BUS03
2023-08-01 08:25:10,40.761723,-111.910713,1276.1,0.0,146.3,1.0,13.49,33.99,28.92,30.4,3.0,2.0,36.28,17.0,875.4,0.0,35.7,2.57,47.4,812.4,2.7,-0.4,2.2,41.1,794.6,2.11,148.7,0.0,0,1,"time.struct_time(tm_year=2023, tm_mon=8, tm_mday=1, tm_hour=8, tm_min=25, tm_sec=10, tm_wday=1, tm_yday=213, tm_isdst=-1)",2023-08-01,2023,8,213,1,25,8,BUS03
2023-08-01 08:27:40,40.761723,-111.910706,1277.1,0.0,146.3,1.0,13.49,33.94,28.95,30.21,3.0,2.0,36.28,17.0,875.4,0.0,42.0,2.57,47.4,812.3,1.7,0.7,2.4,41.1,794.6,2.11,148.7,0.0,0,1,"time.struct_time(tm_year=2023, tm_mon=8, tm_mday=1, tm_hour=8, tm_min=27, tm_sec=40, tm_wday=1, tm_yday=213, tm_isdst=-1)",2023-08-01,2023,8,213,1,27,8,BUS03
2023-08-01 08:30:10,40.761719,-111.910706,1277.8,0.0,146.3,1.0,13.49,33.89,28.89,30.18,2.0,2.0,36.28,17.0,875.4,0.0,42.2,2.57,47.4,812.3,1.6,3.3,4.9,41.1,794.5,2.11,148.8,0.0,0,1,"time.struct_time(tm_year=2023, tm_mon=8, tm_mday=1, tm_hour=8, tm_min=30, tm_sec=10, tm_wday=1, tm_yday=213, tm_isdst=-1)",2023-08-01,2023,8,213,1,30,8,BUS03
2023-08-01 08:32:40,40.76173,-111.910698,1278.6,0.0,146.3,1.0,13.49,33.86,28.91,30.1,3.0,2.0,36.22,17.0,875.6,0.0,42.6,2.58,47.3,812.3,2.5,0.6,3.1,41.1,794.6,2.11,148.8,0.0,0,1,"time.struct_time(tm_year=2023, tm_mon=8, tm_mday=1, tm_hour=8, tm_min=32, tm_sec=40, tm_wday=1, tm_yday=213, tm_isdst=-1)",2023-08-01,2023,8,213,1,32,8,BUS03
2023-08-01 08:35:10,40.761723,-111.910698,1279.6,0.0,146.3,1.0,13.49,33.82,28.95,30.1,2.0,2.0,36.22,17.0,875.6,0.0,40.5,2.58,47.3,812.3,-1.1,1.1,0.0,41.0,794.6,2.11,148.6,0.0,0,1,"time.struct_time(tm_year=2023, tm_mon=8, tm_mday=1, tm_hour=8, tm_min=35, tm_sec=10, tm_wday=1, tm_yday=213, tm_isdst=-1)",2023-08-01,2023,8,213,1,35,8,BUS03
2023-08-01 08:37:40,40.761715,-111.91069,1280.9,0.0,146.3,1.0,13.49,33.78,29.02,29.91,3.0,2.0,36.22,17.0,875.5,0.0,43.5,2.58,47.3,812.3,0.3,-0.0,0.3,41.0,794.6,2.11,148.7,0.0,0,1,"time.struct_time(tm_year=2023, tm_mon=8, tm_mday=1, tm_hour=8, tm_min=37, tm_sec=40, tm_wday=1, tm_yday=213, tm_isdst=-1)",2023-08-01,2023,8,213,1,37,8,BUS03
2023-08-01 08:40:10,40.761719,-111.910713,1282.1,0.0,146.3,1.0,13.49,33.74,29.08,29.67,3.0,2.0,36.11,17.0,875.5,0.0,43.8,2.57,47.3,812.3,3.5,-2.7,0.9,41.0,794.5,2.11,148.7,0.0,0,1,"time.struct_time(tm_year=2023, tm_mon=8, tm_mday=1, tm_hour=8, tm_min=40, tm_sec=10, tm_wday=1, tm_yday=213, tm_isdst=-1)",2023-08-01,2023,8,213,1,40,8,BUS03
2023-08-01 08:42:40,40.761711,-111.910698,1282.8,0.0,146.3,1.0,13.49,33.75,29.1,29.43,3.0,2.0,36.0,17.0,875.3,0.0,46.1,2.57,47.3,812.2,4.2,-3.5,0.7,41.0,794.5,2.11,148.7,0.0,0,1,"time.struct_time(tm_year=2023, tm_mon=8, tm_mday=1, tm_hour=8, tm_min=42, tm_sec=40, tm_wday=1, tm_yday=213, tm_isdst=-1)",2023-08-01,2023,8,213,1,42,8,BUS03
2023-08-01 08:45:10,40.761711,-111.910698,1283.5,0.0,146.3,1.0,13.49,33.77,29.12,28.96,3.0,2.0,36.0,17.0,875.3,0.0,44.8,2.58,47.3,812.2,2.6,-4.8,-2.2,41.0,794.5,2.11,148.7,0.0,0,1,"time.struct_time(tm_year=2023, tm_mon=8, tm_mday=1, tm_hour=8, tm_min=45, tm_sec=10, tm_wday=1, tm_yday=213, tm_isdst=-1)",2023-08-01,2023,8,213,1,45,8,BUS03
2023-08-01 08:47:40,40.761703,-111.910713,1285.8,0.0,146.3,1.0,13.49,33.76,29.12,28.81,3.0,2.0,36.0,16.0,875.3,0.0,46.5,2.57,47.2,812.2,0.9,-4.4,-3.5,41.0,794.5,2.11,148.6,0.0,0,1,"time.struct_time(tm_year=2023, tm_mon=8, tm_mday=1, tm_hour=8, tm_min=47, tm_sec=40, tm_wday=1, tm_yday=213, tm_isdst=-1)",2023-08-01,2023,8,213,1,47,8,BUS03
2023-08-01 08:51:20,40.761688,-111.910706,1287.2,0.0,146.3,1.0,13.49,33.72,29.09,28.7,2.0,2.0,36.0,16.0,875.5,0.0,46.3,2.57,47.2,812.3,1.0,-1.6,-0.7,41.0,794.5,2.15,148.7,0.0,0,1,"time.struct_time(tm_year=2023, tm_mon=8, tm_mday=1, tm_hour=8, tm_min=51, tm_sec=20, tm_wday=1, tm_yday=213, tm_isdst=-1)",2023-08-01,2023,8,213,1,51,8,BUS03
2023-08-01 08:53:50,40.761692,-111.910698,1289.2,0.0,146.3,1.0,13.49,33.68,28.93,28.95,3.0,2.0,36.0,16.0,875.3,0.0,46.2,2.58,47.2,812.3,2.1,-3.6,-1.6,41.0,794.6,2.16,148.4,0.0,0,1,"time.struct_time(tm_year=2023, tm_mon=8, tm_mday=1, tm_hour=8, tm_min=53, tm_sec=50, tm_wday=1, tm_yday=213, tm_isdst=-1)",2023-08-01,2023,8,213,1,53,8,BUS03
2023-08-01 08:56:20,40.7617,-111.91069,1289.7,0.0,146.3,1.0,13.49,33.64,28.9,28.95,3.0,2.0,35.89,16.0,875.2,0.0,49.2,2.58,47.2,812.2,1.9,-4.5,-2.5,41.0,794.5,2.16,148.6,0.0,0,1,"time.struct_time(tm_year=2023, tm_mon=8, tm_mday=1, tm_hour=8, tm_min=56, tm_sec=20, tm_wday=1, tm_yday=213, tm_isdst=-1)",2023-08-01,2023,8,213,1,56,8,BUS03
2023-08-01 08:58:50,40.761703,-111.910683,1290.2,0.0,146.3,1.0,13.49,33.6,28.89,29.03,3.0,2.0,35.89,16.0,875.3,0.0,48.3,2.58,47.2,812.2,3.0,-0.8,2.1,41.0,794.4,2.16,148.6,0.0,0,1,"time.struct_time(tm_year=2023, tm_mon=8, tm_mday=1, tm_hour=8, tm_min=58, tm_sec=50, tm_wday=1, tm_yday=213, tm_isdst=-1)",2023-08-01,2023,8,213,1,58,8,BUS03
2023-08-01 09:01:20,40.761688,-111.910675,1290.9,0.0,146.3,1.0,13.49,33.57,28.87,29.09,3.0,2.0,35.78,16.0,875.4,0.0,48.7,2.57,47.2,812.2,1.8,-0.5,1.4,40.9,794.3,2.16,148.6,0.0,0,1,"time.struct_time(tm_year=2023, tm_mon=8, tm_mday=1, tm_hour=9, tm_min=1, tm_sec=20, tm_wday=1, tm_yday=213, tm_isdst=-1)",2023-08-01,2023,8,213,1,1,9,BUS03
2023-08-01 09:03:50,40.761688,-111.910675,1290.5,0.0,146.3,1.0,13.49,33.53,28.85,29.05,2.0,2.0,35.78,16.0,875.3,0.0,46.1,2.58,47.1,812.2,0.5,-3.1,-2.6,40.9,794.5,2.16,148.5,0.0,0,1,"time.struct_time(tm_year=2023, tm_mon=8, tm_mday=1, tm_hour=9, tm_min=3, tm_sec=50, tm_wday=1, tm_yday=213, tm_isdst=-1)",2023-08-01,2023,8,213,1,3,9,BUS03
2023-08-01 09:06:20,40.761684,-111.910667,1290.3,0.0,146.3,1.0,13.49,33.5,28.85,28.91,3.0,2.0,35.78,16.0,875.1,0.0,44.0,2.57,47.1,812.2,0.8,-3.9,-3.1,40.9,794.3,2.16,148.7,0.0,0,1,"time.struct_time(tm_year=2023, tm_mon=8, tm_mday=1, tm_hour=9, tm_min=6, tm_sec=20, tm_wday=1, tm_yday=213, tm_isdst=-1)",2023-08-01,2023,8,213,1,6,9,BUS03
2023-08-01 09:08:50,40.761669,-111.910652,1290.5,0.0,146.3,1.0,13.53,33.47,28.83,29.07,3.0,2.0,35.78,16.0,875.1,0.0,42.9,2.57,47.1,812.2,2.4,-4.0,-1.5,40.9,794.4,2.16,148.7,0.0,0,1,"time.struct_time(tm_year=2023, tm_mon=8, tm_mday=1, tm_hour=9, tm_min=8, tm_sec=50, tm_wday=1, tm_yday=213, tm_isdst=-1)",2023-08-01,2023,8,213,1,8,9,BUS03
2023-08-01 09:11:20,40.761673,-111.910645,1291.4,0.0,146.3,1.0,13.53,33.45,28.84,29.01,3.0,2.0,35.78,16.0,875.2,0.0,46.7,2.56,47.1,812.2,-2.9,0.9,-2.0,40.9,794.3,2.16,148.7,0.0,0,1,"time.struct_time(tm_year=2023, tm_mon=8, tm_mday=1, tm_hour=9, tm_min=11, tm_sec=20, tm_wday=1, tm_yday=213, tm_isdst=-1)",2023-08-01,2023,8,213,1,11,9,BUS03
2023-08-01 09:13:50,40.761677,-111.910637,1291.2,0.0,146.3,1.0,13.53,33.47,28.82,29.25,2.0,2.0,35.72,16.0,875.2,0.0,41.2,2.56,47.1,812.2,-0.4,-0.1,-0.5,40.9,794.4,2.15,148.6,0.0,0,1,"time.struct_time(tm_year=2023, tm_mon=8, tm_mday=1, tm_hour=9, tm_min=13, tm_sec=50, tm_wday=1, tm_yday=213, tm_isdst=-1)",2023-08-01,2023,8,213,1,13,9,BUS03
2023-08-01 09:16:20,40.761681,-111.910629,1291.6,0.0,146.3,1.0,13.52,33.48,28.56,29.77,3.0,2.0,35.72,16.0,875.2,0.0,45.4,2.57,47.1,812.2,-0.3,-0.3,-0.6,40.9,794.5,2.16,148.5,0.0,0,1,"time.struct_time(tm_year=2023, tm_mon=8, tm_mday=1, tm_hour=9, tm_min=16, tm_sec=20, tm_wday=1, tm_yday=213, tm_isdst=-1)",2023-08-01,2023,8,213,1,16,9,BUS03
2023-08-01 09:18:50,40.761688,-111.910645,1291.7,0.0,146.3,1.0,13.53,33.47,28.49,29.83,2.0,2.0,35.72,16.0,875.2,0.0,43.8,2.56,47.1,812.2,0.1,-2.7,-2.6,40.9,794.5,2.16,148.5,0.0,0,1,"time.struct_time(tm_year=2023, tm_mon=8, tm_mday=1, tm_hour=9, tm_min=18, tm_sec=50, tm_wday=1, tm_yday=213, tm_isdst=-1)",2023-08-01,2023,8,213,1,18,9,BUS03
2023-08-01 09:21:20,40.761688,-111.91066,1290.4,0.0,146.3,1.0,13.53,33.45,28.46,29.87,3.0,2.0,35.72,16.0,875.3,0.0,37.3,2.58,47.0,812.2,3.0,-4.3,-1.3,40.8,794.4,2.15,148.7,0.0,0,1,"time.struct_time(tm_year=2023, tm_mon=8, tm_mday=1, tm_hour=9, tm_min=21, tm_sec=20, tm_wday=1, tm_yday=213, tm_isdst=-1)",2023-08-01,2023,8,213,1,21,9,BUS03
2023-08-01 09:23:50,40.761688,-111.910652,1290.1,0.0,146.3,1.0,13.52,33.42,28.45,29.71,3.0,2.0,35.72,16.0,875.4,0.0,41.8,2.56,47.0,812.3,18.3,14.6,33.0,40.8,794.5,2.16,148.6,0.0,0,1,"time.struct_time(tm_year=2023, tm_mon=8, tm_mday=1, tm_hour=9, tm_min=23, tm_sec=50, tm_wday=1, tm_yday=213, tm_isdst=-1)",2023-08-01,2023,8,213,1,23,9,BUS03
2023-08-01 09:26:20,40.761677,-111.910652,1289.2,0.0,146.3,1.0,13.52,33.4,28.47,29.57,2.0,2.0,35.72,16.0,875.2,0.0,4.4,2.57,47.0,812.2,58.2,18.6,76.8,40.8,794.4,2.16,148.6,0.0,0,1,"time.struct_time(tm_year=2023, tm_mon=8, tm_mday=1, tm_hour=9, tm_min=26, tm_sec=20, tm_wday=1, tm_yday=213, tm_isdst=-1)",2023-08-01,2023,8,213,1,26,9,BUS03
2023-08-01 09:28:50,40.761669,-111.910645,1288.3,0.0,146.3,1.0,13.52,33.37,28.45,29.27,3.0,2.0,35.72,16.0,875.2,0.0,45.3,2.57,47.0,812.2,2.9,29.4,32.3,40.8,794.5,2.15,148.5,0.0,0,1,"time.struct_time(tm_year=2023, tm_mon=8, tm_mday=1, tm_hour=9, tm_min=28, tm_sec=50, tm_wday=1, tm_yday=213, tm_isdst=-1)",2023-08-01,2023,8,213,1,28,9,BUS03
2023-08-01 09:31:20,40.761658,-111.910645,1287.2,0.0,146.3,1.0,13.53,33.34,28.47,29.4,2.0,2.0,35.72,16.0,875.1,0.0,41.6,2.57,47.0,812.2,1.2,-1.3,-0.1,40.8,794.4,2.16,148.7,0.0,0,1,"time.struct_time(tm_year=2023, tm_mon=8, tm_mday=1, tm_hour=9, tm_min=31, tm_sec=20, tm_wday=1, tm_yday=213, tm_isdst=-1)",2023-08-01,2023,8,213,1,31,9,BUS03
2023-08-01 09:33:50,40.761654,-111.910652,1287.3,0.0,146.3,1.0,13.53,33.31,28.49,29.41,3.0,2.0,35.61,16.0,875.3,0.0,45.9,2.56,47.0,812.3,0.7,-1.0,-0.3,40.8,794.5,2.16,148.5,0.0,0,1,"time.struct_time(tm_year=2023, tm_mon=8, tm_mday=1, tm_hour=9, tm_min=33, tm_sec=50, tm_wday=1, tm_yday=213, tm_isdst=-1)",2023-08-01,2023,8,213,1,33,9,BUS03
2023-08-01 09:36:20,40.761662,-111.910652,1285.9,0.0,146.3,1.0,13.52,33.28,28.49,29.46,3.0,2.0,35.61,16.0,875.5,0.0,46.2,2.56,47.0,812.3,0.9,-1.6,-0.7,40.8,794.5,2.16,148.6,0.0,0,1,"time.struct_time(tm_year=2023, tm_mon=8, tm_mday=1, tm_hour=9, tm_min=36, tm_sec=20, tm_wday=1, tm_yday=213, tm_isdst=-1)",2023-08-01,2023,8,213,1,36,9,BUS03
2023-08-01 09:38:50,40.761662,-111.910667,1286.1,0.0,146.3,1.0,13.53,33.26,28.51,29.47,2.0,2.0,35.61,16.0,875.4,0.0,43.5,2.57,47.0,812.4,-0.7,-1.0,-1.7,40.8,794.5,2.15,148.6,0.0,0,1,"time.struct_time(tm_year=2023, tm_mon=8, tm_mday=1, tm_hour=9, tm_min=38, tm_sec=50, tm_wday=1, tm_yday=213, tm_isdst=-1)",2023-08-01,2023,8,213,1,38,9,BUS03
2023-08-01 09:41:20,40.761665,-111.910675,1285.8,0.0,146.3,1.0,13.52,33.23,28.48,29.34,3.0,2.0,35.61,16.0,875.5,0.0,35.0,2.56,46.9,812.4,14.9,2.7,17.6,40.8,794.6,2.16,148.5,0.0,0,1,"time.struct_time(tm_year=2023, tm_mon=8, tm_mday=1, tm_hour=9, tm_min=41, tm_sec=20, tm_wday=1, tm_yday=213, tm_isdst=-1)",2023-08-01,2023,8,213,1,41,9,BUS03
2023-08-01 09:43:50,40.761673,-111.910683,1284.6,0.0,146.3,1.0,13.52,33.2,28.47,29.35,3.0,2.0,35.5,16.0,875.5,0.0,34.2,2.58,46.9,812.4,20.6,14.6,35.2,40.7,794.6,2.16,148.5,0.0,0,1,"time.struct_time(tm_year=2023, tm_mon=8, tm_mday=1, tm_hour=9, tm_min=43, tm_sec=50, tm_wday=1, tm_yday=213, tm_isdst=-1)",2023-08-01,2023,8,213,1,43,9,BUS03
2023-08-01 09:46:20,40.761681,-111.910675,1284.7,0.0,146.3,1.0,13.52,33.19,28.48,29.73,2.0,2.0,35.5,16.0,875.5,0.0,43.5,2.58,46.9,812.4,4.9,2.2,7.1,40.7,794.7,2.16,148.5,0.0,0,1,"time.struct_time(tm_year=2023, tm_mon=8, tm_mday=1, tm_hour=9, tm_min=46, tm_sec=20, tm_wday=1, tm_yday=213, tm_isdst=-1)",2023-08-01,2023,8,213,1,46,9,BUS03
2023-08-01 09:48:50,40.761684,-111.91066,1285.0,0.0,146.3,1.0,13.52,33.23,28.49,30.11,3.0,2.0,35.39,17.0,875.4,0.0,44.2,2.57,46.9,812.4,-0.1,-1.4,-1.5,40.7,794.7,2.16,148.7,0.0,0,1,"time.struct_time(tm_year=2023, tm_mon=8, tm_mday=1, tm_hour=9, tm_min=48, tm_sec=50, tm_wday=1, tm_yday=213, tm_isdst=-1)",2023-08-01,2023,8,213,1,48,9,BUS03
2023-08-01 09:52:25,40.761692,-111.910683,1283.9,0.0,146.3,1.0,13.53,33.23,28.47,30.52,3.0,2.0,35.39,17.0,875.4,0.0,44.3,2.57,46.9,812.3,2.0,-3.5,-1.5,40.7,794.6,2.11,148.6,0.0,0,1,"time.struct_time(tm_year=2023, tm_mon=8, tm_mday=1, tm_hour=9, tm_min=52, tm_sec=25, tm_wday=1, tm_yday=213, tm_isdst=-1)",2023-08-01,2023,8,213,1,52,9,BUS03
2023-08-01 09:54:55,40.761692,-111.910683,1283.1,0.0,146.3,1.0,13.52,33.21,28.46,30.62,3.0,2.0,35.28,17.0,875.5,0.0,40.8,2.58,46.9,812.3,2.7,1.5,4.2,40.7,794.6,2.11,148.6,0.0,0,1,"time.struct_time(tm_year=2023, tm_mon=8, tm_mday=1, tm_hour=9, tm_min=54, tm_sec=55, tm_wday=1, tm_yday=213, tm_isdst=-1)",2023-08-01,2023,8,213,1,54,9,BUS03
2023-08-01 09:57:25,40.761696,-111.910675,1282.7,0.0,146.3,1.0,13.52,33.17,28.42,30.83,3.0,2.0,35.28,17.0,875.5,0.0,41.0,2.57,46.9,812.3,2.6,-3.1,-0.5,40.7,794.5,2.11,148.6,0.0,0,1,"time.struct_time(tm_year=2023, tm_mon=8, tm_mday=1, tm_hour=9, tm_min=57, tm_sec=25, tm_wday=1, tm_yday=213, tm_isdst=-1)",2023-08-01,2023,8,213,1,57,9,BUS03
2023-08-01 09:59:55,40.761703,-111.910683,1281.6,0.0,146.3,1.0,13.52,33.14,28.39,30.86,5.0,2.0,35.28,17.0,875.4,0.0,0.1,2.56,46.8,812.3,282.8,9.7,292.5,40.7,794.6,2.11,148.6,0.0,0,1,"time.struct_time(tm_year=2023, tm_mon=8, tm_mday=1, tm_hour=9, tm_min=59, tm_sec=55, tm_wday=1, tm_yday=213, tm_isdst=-1)",2023-08-01,2023,8,213,1,59,9,BUS03
2023-08-01 10:02:25,40.7617,-111.910667,1281.9,0.0,146.3,1.0,13.53,33.1,28.42,31.13,3.0,2.0,35.22,17.0,875.5,0.0,12.8,2.56,46.8,812.3,76.4,38.9,115.3,40.6,794.6,2.11,148.5,0.0,0,1,"time.struct_time(tm_year=2023, tm_mon=8, tm_mday=1, tm_hour=10, tm_min=2, tm_sec=25, tm_wday=1, tm_yday=213, tm_isdst=-1)",2023-08-01,2023,8,213,1,2,10,BUS03
2023-08-01 10:04:55,40.761696,-111.910576,1284.8,0.0,146.3,1.0,13.53,33.07,28.37,30.82,4.0,2.0,35.22,17.0,875.3,0.0,6.8,2.57,46.8,812.3,147.1,24.0,171.1,40.6,794.5,2.11,148.5,0.0,0,1,"time.struct_time(tm_year=2023, tm_mon=8, tm_mday=1, tm_hour=10, tm_min=4, tm_sec=55, tm_wday=1, tm_yday=213, tm_isdst=-1)",2023-08-01,2023,8,213,1,4,10,BUS03
2023-08-01 10:07:25,40.761673,-111.91066,1283.5,0.0,146.3,1.0,13.52,33.05,28.37,30.94,3.0,2.0,35.22,17.0,875.4,0.0,29.5,2.56,46.8,812.3,33.7,28.5,62.2,40.6,794.6,2.11,148.5,0.0,0,1,"time.struct_time(tm_year=2023, tm_mon=8, tm_mday=1, tm_hour=10, tm_min=7, tm_sec=25, tm_wday=1, tm_yday=213, tm_isdst=-1)",2023-08-01,2023,8,213,1,7,10,BUS03
2023-08-01 10:09:55,40.7617,-111.910645,1282.2,0.0,146.3,1.0,13.52,33.03,28.35,31.32,5.0,2.0,35.22,17.0,875.4,0.0,30.8,2.57,46.8,812.3,58.3,19.9,78.2,40.6,794.5,2.11,148.7,0.0,0,1,"time.struct_time(tm_year=2023, tm_mon=8, tm_mday=1, tm_hour=10, tm_min=9, tm_sec=55, tm_wday=1, tm_yday=213, tm_isdst=-1)",2023-08-01,2023,8,213,1,9,10,BUS03
2023-08-01 10:12:25,40.761696,-111.910652,1281.6,0.0,146.3,1.0,13.53,33.0,28.34,30.92,3.0,2.0,35.22,17.0,875.2,0.0,47.7,2.57,46.8,812.3,15.9,3.5,19.4,40.6,794.6,2.11,148.5,0.0,0,1,"time.struct_time(tm_year=2023, tm_mon=8, tm_mday=1, tm_hour=10, tm_min=12, tm_sec=25, tm_wday=1, tm_yday=213, tm_isdst=-1)",2023-08-01,2023,8,213,1,12,10,BUS03
2023-08-01 10:14:55,40.761703,-111.910645,1281.3,0.0,146.3,1.0,13.52,32.98,28.29,31.18,4.0,2.0,35.11,17.0,875.2,0.0,23.2,2.58,46.8,812.3,1.3,2.0,3.3,40.6,794.5,2.11,148.6,0.0,0,1,"time.struct_time(tm_year=2023, tm_mon=8, tm_mday=1, tm_hour=10, tm_min=14, tm_sec=55, tm_wday=1, tm_yday=213, tm_isdst=-1)",2023-08-01,2023,8,213,1,14,10,BUS03
2023-08-01 10:17:25,40.7617,-111.910645,1280.2,0.0,146.3,1.0,13.52,32.96,28.15,31.38,2.0,2.0,35.11,17.0,875.2,0.0,46.6,2.57,46.7,812.3,7.1,9.5,16.6,40.6,794.5,2.11,148.6,0.0,0,1,"time.struct_time(tm_year=2023, tm_mon=8, tm_mday=1, tm_hour=10, tm_min=17, tm_sec=25, tm_wday=1, tm_yday=213, tm_isdst=-1)",2023-08-01,2023,8,213,1,17,10,BUS03
2023-08-01 10:19:55,40.761703,-111.910645,1281.8,0.0,146.3,1.0,13.52,32.93,27.97,31.79,3.0,2.0,35.0,17.0,875.1,0.0,38.9,2.57,46.7,812.3,2.0,-2.5,-0.6,40.6,794.5,2.11,148.5,0.0,0,1,"time.struct_time(tm_year=2023, tm_mon=8, tm_mday=1, tm_hour=10, tm_min=19, tm_sec=55, tm_wday=1, tm_yday=213, tm_isdst=-1)",2023-08-01,2023,8,213,1,19,10,BUS03
2023-08-01 10:22:25,40.7617,-111.910637,1283.3,0.0,146.3,1.0,13.53,32.89,27.94,31.99,3.0,2.0,35.0,17.0,875.4,0.0,29.8,2.57,46.7,812.3,58.0,17.3,75.3,40.5,794.5,2.11,148.5,0.0,0,1,"time.struct_time(tm_year=2023, tm_mon=8, tm_mday=1, tm_hour=10, tm_min=22, tm_sec=25, tm_wday=1, tm_yday=213, tm_isdst=-1)",2023-08-01,2023,8,213,1,22,10,BUS03
2023-08-01 10:24:55,40.761707,-111.910629,1282.9,0.0,146.3,1.0,13.53,32.86,27.91,32.09,3.0,2.0,34.89,17.0,875.2,0.0,38.3,2.57,46.7,812.3,54.9,12.8,67.7,40.5,794.5,2.11,148.6,0.0,0,1,"time.struct_time(tm_year=2023, tm_mon=8, tm_mday=1, tm_hour=10, tm_min=24, tm_sec=55, tm_wday=1, tm_yday=213, tm_isdst=-1)",2023-08-01,2023,8,213,1,24,10,BUS03
2023-08-01 10:27:25,40.761719,-111.910622,1283.9,0.0,146.3,1.0,13.53,32.83,27.87,32.14,3.0,2.0,34.89,17.0,875.2,0.0,35.3,2.57,46.7,812.3,40.5,9.8,50.3,40.5,794.5,2.11,148.6,0.0,0,1,"time.struct_time(tm_year=2023, tm_mon=8, tm_mday=1, tm_hour=10, tm_min=27, tm_sec=25, tm_wday=1, tm_yday=213, tm_isdst=-1)",2023-08-01,2023,8,213,1,27,10,BUS03
2023-08-01 10:29:55,40.761726,-111.910622,1284.3,0.0,146.3,1.0,13.53,32.8,27.76,32.43,4.0,2.0,34.78,17.0,875.4,0.0,22.2,2.56,46.6,812.4,45.3,7.4,52.7,40.5,794.5,2.11,148.7,0.0,0,1,"time.struct_time(tm_year=2023, tm_mon=8, tm_mday=1, tm_hour=10, tm_min=29, tm_sec=55, tm_wday=1, tm_yday=213, tm_isdst=-1)",2023-08-01,2023,8,213,1,29,10,BUS03
2023-08-01 10:32:25,40.761734,-111.910614,1284.6,0.0,146.3,1.0,13.53,32.77,27.78,32.46,3.0,2.0,34.78,17.0,875.5,0.0,43.7,2.57,46.6,812.4,23.5,3.5,27.1,40.5,794.6,2.11,148.6,0.0,0,1,"time.struct_time(tm_year=2023, tm_mon=8, tm_mday=1, tm_hour=10, tm_min=32, tm_sec=25, tm_wday=1, tm_yday=213, tm_isdst=-1)",2023-08-01,2023,8,213,1,32,10,BUS03
2023-08-01 10:34:55,40.762348,-111.910042,1296.1,7.41,275.7,1.0,13.52,32.74,27.47,33.29,3.0,2.0,34.78,18.0,875.4,0.0,42.7,2.58,46.6,812.4,74.6,27.1,101.6,40.5,794.7,2.11,148.4,0.0,0,1,"time.struct_time(tm_year=2023, tm_mon=8, tm_mday=1, tm_hour=10, tm_min=34, tm_sec=55, tm_wday=1, tm_yday=213, tm_isdst=-1)",2023-08-01,2023,8,213,1,34,10,BUS03
2023-08-01 10:37:25,40.760662,-111.909309,1303.2,17.9,92.5,1.0,13.53,32.72,27.26,33.91,3.0,2.0,34.72,18.0,873.5,0.0,42.9,2.58,46.6,811.0,2.5,-97.7,-95.2,40.4,793.6,2.12,148.7,0.0,0,1,"time.struct_time(tm_year=2023, tm_mon=8, tm_mday=1, tm_hour=10, tm_min=37, tm_sec=25, tm_wday=1, tm_yday=213, tm_isdst=-1)",2023-08-01,2023,8,213,1,37,10,BUS03
2023-08-01 10:39:55,40.764576,-111.909996,1296.9,2.57,212.6,1.0,13.52,32.69,26.96,34.15,5.0,2.0,34.5,18.0,875.2,0.0,42.6,2.57,46.5,812.3,-37.8,40.5,2.7,40.4,794.9,2.11,148.4,0.0,0,1,"time.struct_time(tm_year=2023, tm_mon=8, tm_mday=1, tm_hour=10, tm_min=39, tm_sec=55, tm_wday=1, tm_yday=213, tm_isdst=-1)",2023-08-01,2023,8,213,1,39,10,BUS03
2023-08-01 10:42:25,40.764538,-111.909981,1297.5,0.0,209.0,1.0,13.52,32.68,26.63,35.01,3.0,2.0,34.28,18.0,875.5,0.0,45.0,2.57,46.5,812.4,-3.1,2.8,-0.3,40.4,794.7,2.11,148.5,0.0,0,1,"time.struct_time(tm_year=2023, tm_mon=8, tm_mday=1, tm_hour=10, tm_min=42, tm_sec=25, tm_wday=1, tm_yday=213, tm_isdst=-1)",2023-08-01,2023,8,213,1,42,10,BUS03
2023-08-01 10:45:10,40.764496,-111.910019,1302.7,0.0,0.0,1.0,13.52,32.64,26.48,35.44,4.0,2.0,34.11,18.0,875.4,0.0,44.5,2.57,46.5,812.5,2.6,0.4,3.0,40.4,794.7,2.11,148.6,0.0,0,1,"time.struct_time(tm_year=2023, tm_mon=8, tm_mday=1, tm_hour=10, tm_min=45, tm_sec=10, tm_wday=1, tm_yday=213, tm_isdst=-1)",2023-08-01,2023,8,213,1,45,10,BUS03
2023-08-01 10:47:40,40.764496,-111.910019,1303.5,0.0,0.0,1.0,13.53,32.57,26.42,35.6,4.0,2.0,33.89,18.0,875.6,0.0,40.1,2.57,46.4,812.6,0.7,-0.7,-0.0,40.3,794.8,2.11,148.7,0.0,0,1,"time.struct_time(tm_year=2023, tm_mon=8, tm_mday=1, tm_hour=10, tm_min=47, tm_sec=40, tm_wday=1, tm_yday=213, tm_isdst=-1)",2023-08-01,2023,8,213,1,47,10,BUS03
2023-08-01 10:50:10,40.76469,-111.909752,1301.7,1.7,318.6,1.0,13.53,32.49,26.36,36.02,3.0,2.0,33.78,18.0,875.6,0.0,47.0,2.57,46.4,812.7,94.0,-7.4,86.6,40.3,794.9,2.11,148.4,0.0,0,1,"time.struct_time(tm_year=2023, tm_mon=8, tm_mday=1, tm_hour=10, tm_min=50, tm_sec=10, tm_wday=1, tm_yday=213, tm_isdst=-1)",2023-08-01,2023,8,213,1,50,10,BUS03
2023-08-01 10:53:45,40.760674,-111.894089,1312.8,6.38,89.3,1.0,13.52,32.37,26.07,36.74,4.0,2.0,33.61,18.0,874.6,0.0,38.7,2.56,46.3,811.8,-1.6,5.8,4.2,40.2,794.3,2.09,149.6,0.0,0,1,"time.struct_time(tm_year=2023, tm_mon=8, tm_mday=1, tm_hour=10, tm_min=53, tm_sec=45, tm_wday=1, tm_yday=213, tm_isdst=-1)",2023-08-01,2023,8,213,1,53,10,BUS03
2023-08-01 10:56:15,40.761307,-111.888153,1303.4,11.78,0.0,1.0,13.52,32.29,25.99,37.2,3.0,2.0,33.5,18.0,874.2,0.0,39.8,2.56,46.2,811.5,14.3,-7.8,6.5,40.2,794.0,2.09,150.6,0.0,0,0,"time.struct_time(tm_year=2023, tm_mon=8, tm_mday=1, tm_hour=10, tm_min=56, tm_sec=15, tm_wday=1, tm_yday=213, tm_isdst=-1)",2023-08-01,2023,8,213,1,56,10,BUS03
2023-08-01 10:58:45,40.769356,-111.880699,1349.6,14.15,90.2,1.0,13.52,32.19,25.89,36.5,4.0,2.0,33.5,18.0,870.8,0.0,46.8,2.58,46.2,808.3,-0.8,12.1,11.3,40.2,790.8,2.09,147.2,0.0,0,0,"time.struct_time(tm_year=2023, tm_mon=8, tm_mday=1, tm_hour=10, tm_min=58, tm_sec=45, tm_wday=1, tm_yday=213, tm_isdst=-1)",2023-08-01,2023,8,213,1,58,10,BUS03
2023-08-01 11:01:15,40.778316,-111.880569,1401.1,10.49,1.2,1.0,13.53,32.08,25.67,37.18,3.0,2.0,33.39,18.0,864.3,0.0,45.2,2.58,46.1,801.9,47.1,-40.5,6.7,40.1,784.5,2.1,148.2,0.0,0,0,"time.struct_time(tm_year=2023, tm_mon=8, tm_mday=1, tm_hour=11, tm_min=1, tm_sec=15, tm_wday=1, tm_yday=213, tm_isdst=-1)",2023-08-01,2023,8,213,1,1,11,BUS03
2023-08-01 11:03:45,40.779594,-111.86705,1451.4,9.83,90.4,1.0,13.52,31.96,25.65,34.07,3.0,2.0,33.22,17.0,860.4,0.0,53.9,2.61,46.0,798.2,-45.7,4.1,-41.6,40.1,780.4,2.11,149.3,0.0,0,0,"time.struct_time(tm_year=2023, tm_mon=8, tm_mday=1, tm_hour=11, tm_min=3, tm_sec=45, tm_wday=1, tm_yday=213, tm_isdst=-1)",2023-08-01,2023,8,213,1,3,11,BUS03
2023-08-01 11:06:15,40.772957,-111.865662,1384.6,0.0,190.5,1.0,13.56,31.83,25.69,36.46,3.0,2.0,33.11,18.0,867.0,0.0,50.1,2.58,46.0,804.4,-17.3,0.2,-17.1,40.0,787.0,2.1,149.2,0.0,0,0,"time.struct_time(tm_year=2023, tm_mon=8, tm_mday=1, tm_hour=11, tm_min=6, tm_sec=15, tm_wday=1, tm_yday=213, tm_isdst=-1)",2023-08-01,2023,8,213,1,6,11,BUS03
2023-08-01 11:08:45,40.76963,-111.865646,1369.9,0.0,184.1,1.0,13.56,31.76,25.44,37.48,4.0,2.0,33.0,18.0,868.7,0.0,42.8,2.58,45.9,806.1,6.6,-3.9,2.7,40.0,788.7,2.1,149.3,0.0,0,0,"time.struct_time(tm_year=2023, tm_mon=8, tm_mday=1, tm_hour=11, tm_min=8, tm_sec=45, tm_wday=1, tm_yday=213, tm_isdst=-1)",2023-08-01,2023,8,213,1,8,11,BUS03
2023-08-01 11:11:15,40.761459,-111.865379,1348.6,11.57,182.3,1.0,13.56,31.7,25.5,37.39,3.0,2.0,32.78,18.0,870.6,0.0,42.7,2.57,45.8,807.8,0.0,4.6,4.6,39.9,790.4,2.09,149.4,0.0,0,0,"time.struct_time(tm_year=2023, tm_mon=8, tm_mday=1, tm_hour=11, tm_min=11, tm_sec=15, tm_wday=1, tm_yday=213, tm_isdst=-1)",2023-08-01,2023,8,213,1,11,11,BUS03
2023-08-01 11:13:45,40.751038,-111.865379,1322.1,11.57,179.7,1.0,13.56,31.6,25.55,37.67,4.0,2.0,32.78,18.0,872.7,0.0,40.1,2.57,45.7,810.1,-5.7,-13.2,-18.9,39.9,792.6,2.09,149.9,0.0,0,0,"time.struct_time(tm_year=2023, tm_mon=8, tm_mday=1, tm_hour=11, tm_min=13, tm_sec=45, tm_wday=1, tm_yday=213, tm_isdst=-1)",2023-08-01,2023,8,213,1,13,11,BUS03
2023-08-01 11:16:15,40.745838,-111.865341,1325.7,12.04,180.8,1.0,13.56,31.49,25.38,38.53,3.0,2.0,32.72,19.0,872.8,0.0,44.1,2.56,45.6,810.0,0.7,-3.3,-2.6,39.8,792.3,2.1,149.7,0.0,0,0,"time.struct_time(tm_year=2023, tm_mon=8, tm_mday=1, tm_hour=11, tm_min=16, tm_sec=15, tm_wday=1, tm_yday=213, tm_isdst=-1)",2023-08-01,2023,8,213,1,16,11,BUS03
2023-08-01 11:18:45,40.731777,-111.865387,1328.8,0.0,183.4,1.0,13.56,31.38,25.37,36.47,9.0,2.0,32.61,18.0,872.7,0.0,44.9,2.58,45.6,810.1,-1.1,-8.7,-9.8,39.8,792.7,2.09,149.3,0.0,0,0,"time.struct_time(tm_year=2023, tm_mon=8, tm_mday=1, tm_hour=11, tm_min=18, tm_sec=45, tm_wday=1, tm_yday=213, tm_isdst=-1)",2023-08-01,2023,8,213,1,18,11,BUS03
2023-08-01 11:21:15,40.723011,-111.865417,1333.1,2.01,176.4,1.0,13.56,31.31,25.65,36.77,4.0,2.0,32.5,18.0,872.5,0.0,43.7,2.57,45.5,809.8,11.9,-12.0,-0.0,39.7,792.4,2.09,149.7,0.0,0,0,"time.struct_time(tm_year=2023, tm_mon=8, tm_mday=1, tm_hour=11, tm_min=21, tm_sec=15, tm_wday=1, tm_yday=213, tm_isdst=-1)",2023-08-01,2023,8,213,1,21,11,BUS03
2023-08-01 11:23:45,40.712608,-111.865486,1321.8,11.73,180.3,1.0,13.56,31.24,25.59,37.68,3.0,2.0,32.39,19.0,873.2,0.0,42.5,2.56,45.4,810.5,12.1,-5.3,6.8,39.7,792.7,2.1,149.8,0.0,0,0,"time.struct_time(tm_year=2023, tm_mon=8, tm_mday=1, tm_hour=11, tm_min=23, tm_sec=45, tm_wday=1, tm_yday=213, tm_isdst=-1)",2023-08-01,2023,8,213,1,23,11,BUS03
2023-08-01 11:26:15,40.699066,-111.865585,1318.0,5.56,178.2,1.0,13.56,31.17,25.36,37.54,5.0,2.0,32.11,19.0,873.4,0.0,46.4,2.58,45.3,810.7,0.8,-0.5,0.3,39.6,793.3,2.09,149.5,0.0,0,0,"time.struct_time(tm_year=2023, tm_mon=8, tm_mday=1, tm_hour=11, tm_min=26, tm_sec=15, tm_wday=1, tm_yday=213, tm_isdst=-1)",2023-08-01,2023,8,213,1,26,11,BUS03
2023-08-01 11:28:45,40.685081,-111.865608,1313.7,14.1,180.2,1.0,13.56,31.09,25.48,38.05,3.0,2.0,32.11,19.0,873.5,0.0,44.6,2.56,45.2,810.6,-17.3,-21.0,-38.3,39.6,793.1,2.1,150.6,0.0,0,0,"time.struct_time(tm_year=2023, tm_mon=8, tm_mday=1, tm_hour=11, tm_min=28, tm_sec=45, tm_wday=1, tm_yday=213, tm_isdst=-1)",2023-08-01,2023,8,213,1,28,11,BUS03
2023-08-01 11:31:15,40.674873,-111.8657,1319.8,0.0,179.9,1.0,13.56,31.01,25.48,38.86,4.0,2.0,32.22,19.0,873.2,0.0,45.2,2.58,45.2,810.4,4.1,-8.2,-4.1,39.5,793.0,2.1,149.9,0.0,0,0,"time.struct_time(tm_year=2023, tm_mon=8, tm_mday=1, tm_hour=11, tm_min=31, tm_sec=15, tm_wday=1, tm_yday=213, tm_isdst=-1)",2023-08-01,2023,8,213,1,31,11,BUS03
2023-08-01 11:33:45,40.671898,-111.865662,1319.0,14.71,177.4,1.0,13.56,30.93,25.34,43.36,3.0,2.0,32.11,20.0,872.9,0.0,34.6,2.57,45.1,810.0,13.8,5.5,19.4,39.5,792.2,2.1,149.0,0.0,0,0,"time.struct_time(tm_year=2023, tm_mon=8, tm_mday=1, tm_hour=11, tm_min=33, tm_sec=45, tm_wday=1, tm_yday=213, tm_isdst=-1)",2023-08-01,2023,8,213,1,33,11,BUS03
2023-08-01 11:36:15,40.651932,-111.866081,1322.4,0.0,180.3,1.0,13.56,30.83,25.0,43.82,11.0,2.0,32.22,21.0,872.9,0.0,35.1,2.56,45.0,810.1,14.2,-9.4,4.7,39.4,792.7,2.09,150.0,0.0,0,0,"time.struct_time(tm_year=2023, tm_mon=8, tm_mday=1, tm_hour=11, tm_min=36, tm_sec=15, tm_wday=1, tm_yday=213, tm_isdst=-1)",2023-08-01,2023,8,213,1,36,11,BUS03
2023-08-01 11:38:45,40.645462,-111.866081,1328.8,16.31,180.3,1.0,13.56,30.73,24.84,45.82,3.0,2.0,31.89,21.0,872.1,0.0,34.9,2.57,44.9,809.4,5.2,3.8,9.0,39.3,791.8,2.1,149.3,0.0,0,0,"time.struct_time(tm_year=2023, tm_mon=8, tm_mday=1, tm_hour=11, tm_min=38, tm_sec=45, tm_wday=1, tm_yday=213, tm_isdst=-1)",2023-08-01,2023,8,213,1,38,11,BUS03
2023-08-01 11:41:15,40.632145,-111.873062,1343.0,0.0,277.2,1.0,13.56,30.64,24.41,45.66,5.0,2.0,31.61,21.0,870.9,0.0,35.1,2.58,44.9,808.2,10.1,-61.8,-51.7,39.3,790.8,2.09,149.5,0.0,0,0,"time.struct_time(tm_year=2023, tm_mon=8, tm_mday=1, tm_hour=11, tm_min=41, tm_sec=15, tm_wday=1, tm_yday=213, tm_isdst=-1)",2023-08-01,2023,8,213,1,41,11,BUS03
2023-08-01 11:43:45,40.633163,-111.893761,1325.4,11.16,264.3,1.0,13.55,30.53,24.29,44.18,3.0,2.0,31.61,21.0,872.2,0.0,39.2,2.57,44.8,809.6,15.9,-23.9,-7.9,39.2,792.0,2.1,149.3,0.0,0,0,"time.struct_time(tm_year=2023, tm_mon=8, tm_mday=1, tm_hour=11, tm_min=43, tm_sec=45, tm_wday=1, tm_yday=213, tm_isdst=-1)",2023-08-01,2023,8,213,1,43,11,BUS03
2023-08-01 11:46:15,40.633865,-111.898163,1323.5,0.0,192.5,1.0,13.56,30.45,24.55,43.6,4.0,2.0,31.5,21.0,872.7,0.0,35.7,2.56,44.7,809.9,17.6,-14.1,3.5,39.2,792.3,2.1,149.8,0.0,0,0,"time.struct_time(tm_year=2023, tm_mon=8, tm_mday=1, tm_hour=11, tm_min=46, tm_sec=15, tm_wday=1, tm_yday=213, tm_isdst=-1)",2023-08-01,2023,8,213,1,46,11,BUS03
2023-08-01 11:48:45,40.633865,-111.898163,1323.4,0.0,192.5,1.0,13.56,30.39,24.65,43.56,3.0,2.0,31.5,21.0,872.5,0.0,35.6,2.56,44.6,810.0,2.0,1.6,3.6,39.1,792.5,2.1,149.8,0.0,0,0,"time.struct_time(tm_year=2023, tm_mon=8, tm_mday=1, tm_hour=11, tm_min=48, tm_sec=45, tm_wday=1, tm_yday=213, tm_isdst=-1)",2023-08-01,2023,8,213,1,48,11,BUS03
2023-08-01 11:51:15,40.633865,-111.898163,1323.4,0.0,192.5,1.0,13.56,30.35,24.79,43.57,3.0,2.0,31.5,21.0,872.7,0.0,35.5,2.57,44.5,810.0,0.8,3.7,4.5,39.1,792.3,2.1,149.8,0.0,0,0,"time.struct_time(tm_year=2023, tm_mon=8, tm_mday=1, tm_hour=11, tm_min=51, tm_sec=15, tm_wday=1, tm_yday=213, tm_isdst=-1)",2023-08-01,2023,8,213,1,51,11,BUS03
2023-08-01 11:54:50,40.633869,-111.89817,1323.0,0.0,192.5,1.0,13.56,30.3,24.85,43.26,3.0,2.0,31.39,21.0,872.6,0.0,36.9,2.55,44.4,810.0,1.2,2.0,3.2,39.0,792.5,2.16,148.2,0.0,0,0,"time.struct_time(tm_year=2023, tm_mon=8, tm_mday=1, tm_hour=11, tm_min=54, tm_sec=50, tm_wday=1, tm_yday=213, tm_isdst=-1)",2023-08-01,2023,8,213,1,54,11,BUS03
2023-08-01 11:57:20,40.633869,-111.89817,1323.0,0.0,192.5,1.0,13.56,30.28,24.93,42.96,3.0,2.0,31.39,21.0,872.7,0.0,34.3,2.55,44.4,810.1,0.5,2.6,3.1,38.9,792.5,2.16,148.2,0.0,0,0,"time.struct_time(tm_year=2023, tm_mon=8, tm_mday=1, tm_hour=11, tm_min=57, tm_sec=20, tm_wday=1, tm_yday=213, tm_isdst=-1)",2023-08-01,2023,8,213,1,57,11,BUS03
2023-08-01 11:59:50,40.633869,-111.898178,1322.6,0.0,192.5,1.0,13.56,30.23,24.99,43.17,3.0,2.0,31.39,22.0,872.7,0.0,38.5,2.56,44.3,810.0,-0.2,1.6,1.4,38.8,792.4,2.16,148.2,0.0,0,0,"time.struct_time(tm_year=2023, tm_mon=8, tm_mday=1, tm_hour=11, tm_min=59, tm_sec=50, tm_wday=1, tm_yday=213, tm_isdst=-1)",2023-08-01,2023,8,213,1,59,11,BUS03
2023-08-01 12:02:20,40.633743,-111.898193,1320.5,0.0,185.4,1.0,13.56,30.18,25.02,43.24,3.0,2.0,31.28,22.0,872.6,0.0,41.9,2.55,44.2,810.0,3.6,-0.1,3.4,38.8,792.5,2.16,148.3,0.0,0,0,"time.struct_time(tm_year=2023, tm_mon=8, tm_mday=1, tm_hour=12, tm_min=2, tm_sec=20, tm_wday=1, tm_yday=213, tm_isdst=-1)",2023-08-01,2023,8,213,1,2,12,BUS03
2023-08-01 12:04:50,40.633743,-111.898193,1320.1,0.0,185.4,1.0,13.56,30.12,24.99,43.5,3.0,2.0,31.28,22.0,872.7,0.0,37.6,2.56,44.2,810.0,2.0,-0.5,1.6,38.7,792.5,2.16,148.3,0.0,0,0,"time.struct_time(tm_year=2023, tm_mon=8, tm_mday=1, tm_hour=12, tm_min=4, tm_sec=50, tm_wday=1, tm_yday=213, tm_isdst=-1)",2023-08-01,2023,8,213,1,4,12,BUS03
2023-08-01 12:07:20,40.633739,-111.898193,1319.9,0.0,185.4,1.0,13.56,30.07,24.97,43.65,3.0,2.0,31.28,22.0,872.7,0.0,37.4,2.56,44.1,810.0,-1.7,1.1,-0.6,38.7,792.5,2.16,148.3,0.0,0,0,"time.struct_time(tm_year=2023, tm_mon=8, tm_mday=1, tm_hour=12, tm_min=7, tm_sec=20, tm_wday=1, tm_yday=213, tm_isdst=-1)",2023-08-01,2023,8,213,1,7,12,BUS03
2023-08-01 12:09:50,40.633293,-111.889832,1325.1,2.73,95.9,1.0,13.56,30.02,24.99,43.41,3.0,2.0,31.28,22.0,872.0,0.0,34.9,2.56,44.1,809.6,26.9,-12.2,14.7,38.6,791.7,2.16,148.8,0.0,0,0,"time.struct_time(tm_year=2023, tm_mon=8, tm_mday=1, tm_hour=12, tm_min=9, tm_sec=50, tm_wday=1, tm_yday=213, tm_isdst=-1)",2023-08-01,2023,8,213,1,9,12,BUS03
2023-08-01 12:12:20,40.631931,-111.872261,1346.7,5.04,95.2,1.0,13.56,29.96,24.88,45.02,4.0,2.0,31.39,22.0,870.8,0.0,30.8,2.56,44.0,808.2,8.7,-0.1,8.6,38.6,790.8,2.16,148.0,0.0,0,0,"time.struct_time(tm_year=2023, tm_mon=8, tm_mday=1, tm_hour=12, tm_min=12, tm_sec=20, tm_wday=1, tm_yday=213, tm_isdst=-1)",2023-08-01,2023,8,213,1,12,12,BUS03
2023-08-01 12:14:50,40.631607,-111.866867,1345.4,9.57,93.2,1.0,13.56,29.92,24.61,44.66,3.0,2.0,31.28,22.0,870.7,0.0,38.8,2.56,44.0,808.2,11.2,7.1,18.3,38.5,790.6,2.16,147.9,0.0,0,0,"time.struct_time(tm_year=2023, tm_mon=8, tm_mday=1, tm_hour=12, tm_min=14, tm_sec=50, tm_wday=1, tm_yday=213, tm_isdst=-1)",2023-08-01,2023,8,213,1,14,12,BUS03
2023-08-01 12:17:20,40.641441,-111.865875,1328.8,16.41,359.0,1.0,13.56,29.89,24.62,45.89,3.0,2.0,31.28,23.0,871.7,0.0,34.3,2.56,43.9,809.2,5.1,2.1,7.2,38.4,791.6,2.16,148.5,0.0,0,0,"time.struct_time(tm_year=2023, tm_mon=8, tm_mday=1, tm_hour=12, tm_min=17, tm_sec=20, tm_wday=1, tm_yday=213, tm_isdst=-1)",2023-08-01,2023,8,213,1,17,12,BUS03
2023-08-01 12:19:50,40.662571,-111.864525,1319.3,15.79,8.6,1.0,13.56,29.82,24.57,46.59,3.0,2.0,31.28,23.0,872.3,0.0,34.0,2.56,43.9,809.8,12.7,8.6,21.2,38.4,792.2,2.15,148.8,0.0,0,0,"time.struct_time(tm_year=2023, tm_mon=8, tm_mday=1, tm_hour=12, tm_min=19, tm_sec=50, tm_wday=1, tm_yday=213, tm_isdst=-1)",2023-08-01,2023,8,213,1,19,12,BUS03
2023-08-01 12:22:20,40.668114,-111.865051,1310.1,8.49,351.9,1.0,13.56,29.75,24.07,46.73,3.0,2.0,31.22,23.0,873.9,0.0,35.2,2.56,43.8,811.4,6.5,1.6,8.1,38.3,793.8,2.15,148.4,0.0,0,0,"time.struct_time(tm_year=2023, tm_mon=8, tm_mday=1, tm_hour=12, tm_min=22, tm_sec=20, tm_wday=1, tm_yday=213, tm_isdst=-1)",2023-08-01,2023,8,213,1,22,12,BUS03
