Timestamp_UTC,Latitude_ddeg,Longitude_ddeg,Elevation_m,GPS_Speed_m/s,GPS_Direction_deg,GPS_RMC_Valid_binary,Battery_Voltage_volts,Bus_Box_Temperature_degC,Bus_Top_Temperature_degC,Bus_Top_Relative_Humidity_%,ES642_PM2.5_Concentration_ug/m3,ES642_Air_Flow_Rate_L/min,ES642_Internal_Air_Temperature_degC,ES642_Internal_Relative_Humidity_%,ES642_Internal_Air_Pressure_hpa,ES642_Error_Code_code,2B_Ozone_Concentration_ppbv,2B_Air_Flow_Rate_L/min,2B_Internal_Air_Temperature_degC,2B_Internal_Air_Pressure_hpa,2B405_NO_Concentration_ppbv,2B405_NO2_Concentration_ppbv,2B405_NOX_Concentration_ppbv,2B405_Internal_Air_Temperature_degC,2B405_Internal_Air_Pressure_hpa,2B405_Air_Flow_Rate_L/min,2B405_Cell_O3_Flow_Rate_mL/min,PM2.5_Data_Flagged_binary,Ozone_Data_Flagged_binary,GPS_Data_Flagged_binary,Time_Tuple,Date,Year,Month,Day_of_Year,Day_of_Month,Minute,Hour,Transit_ID
2022-04-06 13:19:05,40.765228,-111.909096,1315.1,-9999.0,-9999.0,-9999.0,14.02,1.08,1.56,58.89,16.0,2.0,-2.5,44.0,884.8,0.0,1.0,1.93,6.0,832.2,-9999.0,-9999.0,-9999.0,-9999.0,-9999.0,-9999.0,-9999.0,0.0,0,1,"time.struct_time(tm_year=2022, tm_mon=4, tm_mday=6, tm_hour=13, tm_min=19, tm_sec=5, tm_wday=2, tm_yday=96, tm_isdst=-1)",2022-04-06,2022,4,96,6,19,13,BUS01
2022-04-06 13:21:50,40.765099,-111.908829,1316.7,-9999.0,-9999.0,-9999.0,14.02,1.17,3.15,53.45,14.0,2.0,-2.11,47.0,884.8,0.0,1.1,1.94,7.3,831.9,-9999.0,-9999.0,-9999.0,-9999.0,-9999.0,-9999.0,-9999.0,0.0,0,1,"time.struct_time(tm_year=2022, tm_mon=4, tm_mday=6, tm_hour=13, tm_min=21, tm_sec=50, tm_wday=2, tm_yday=96, tm_isdst=-1)",2022-04-06,2022,4,96,6,21,13,BUS01
2022-04-06 13:24:20,40.765118,-111.908974,1318.5,-9999.0,-9999.0,-9999.0,14.02,1.33,4.41,48.42,11.0,2.0,-1.5,46.0,885.0,0.0,-0.1,1.96,8.2,826.2,-9999.0,-9999.0,-9999.0,-9999.0,-9999.0,-9999.0,-9999.0,0.0,0,1,"time.struct_time(tm_year=2022, tm_mon=4, tm_mday=6, tm_hour=13, tm_min=24, tm_sec=20, tm_wday=2, tm_yday=96, tm_isdst=-1)",2022-04-06,2022,4,96,6,24,13,BUS01
2022-04-06 13:26:50,40.765217,-111.909058,1318.7,-9999.0,-9999.0,-9999.0,13.51,1.56,5.8,43.2,9.0,2.0,-0.78,46.0,885.0,0.0,-2.8,1.96,9.1,831.6,0.0,0.0,0.0,1.3,832.7,1.99,85.0,0.0,0,1,"time.struct_time(tm_year=2022, tm_mon=4, tm_mday=6, tm_hour=13, tm_min=26, tm_sec=50, tm_wday=2, tm_yday=96, tm_isdst=-1)",2022-04-06,2022,4,96,6,26,13,BUS01
2022-04-06 13:29:20,40.765221,-111.909134,1318.3,-9999.0,-9999.0,-9999.0,13.98,1.84,7.09,38.52,11.0,2.0,-0.22,45.0,885.1,0.0,5.3,1.96,9.9,825.5,165.8,48.7,214.5,1.3,808.6,2.01,109.6,0.0,0,1,"time.struct_time(tm_year=2022, tm_mon=4, tm_mday=6, tm_hour=13, tm_min=29, tm_sec=20, tm_wday=2, tm_yday=96, tm_isdst=-1)",2022-04-06,2022,4,96,6,29,13,BUS01
2022-04-06 13:31:50,40.765244,-111.909149,1317.5,-9999.0,-9999.0,-9999.0,13.98,2.17,8.24,35.48,9.0,2.0,0.61,44.0,885.2,0.0,-2.8,1.96,10.7,830.8,166.1,45.1,211.2,1.4,808.2,2.01,110.2,0.0,0,1,"time.struct_time(tm_year=2022, tm_mon=4, tm_mday=6, tm_hour=13, tm_min=31, tm_sec=50, tm_wday=2, tm_yday=96, tm_isdst=-1)",2022-04-06,2022,4,96,6,31,13,BUS01
2022-04-06 13:36:25,40.765285,-111.909149,1316.9,-9999.0,-9999.0,-9999.0,13.98,2.84,10.03,31.6,8.0,2.0,1.89,41.0,885.2,0.0,-6.3,1.97,12.0,830.9,157.4,42.2,199.6,1.7,808.3,1.91,109.3,0.0,0,1,"time.struct_time(tm_year=2022, tm_mon=4, tm_mday=6, tm_hour=13, tm_min=36, tm_sec=25, tm_wday=2, tm_yday=96, tm_isdst=-1)",2022-04-06,2022,4,96,6,36,13,BUS01
2022-04-06 13:38:55,40.765308,-111.909119,1316.6,-9999.0,-9999.0,-9999.0,13.98,3.23,10.85,29.59,6.0,2.0,2.61,39.0,885.2,0.0,-2.0,2.0,12.6,827.2,169.8,38.1,207.9,1.8,808.1,1.91,109.3,0.0,0,1,"time.struct_time(tm_year=2022, tm_mon=4, tm_mday=6, tm_hour=13, tm_min=38, tm_sec=55, tm_wday=2, tm_yday=96, tm_isdst=-1)",2022-04-06,2022,4,96,6,38,13,BUS01
2022-04-06 13:41:25,40.765289,-111.90918,1316.4,-9999.0,-9999.0,-9999.0,13.95,3.64,11.58,28.27,7.0,2.0,3.28,38.0,885.4,0.0,-1.0,1.99,13.2,830.8,162.0,45.2,207.2,2.0,807.9,1.91,109.5,0.0,0,1,"time.struct_time(tm_year=2022, tm_mon=4, tm_mday=6, tm_hour=13, tm_min=41, tm_sec=25, tm_wday=2, tm_yday=96, tm_isdst=-1)",2022-04-06,2022,4,96,6,41,13,BUS01
2022-04-06 13:43:55,40.765312,-111.909142,1315.8,-9999.0,-9999.0,-9999.0,13.95,4.05,12.22,26.86,7.0,2.0,4.0,37.0,885.4,0.0,-0.8,1.98,13.8,827.8,204.5,91.3,295.8,2.1,807.7,1.92,109.6,0.0,0,1,"time.struct_time(tm_year=2022, tm_mon=4, tm_mday=6, tm_hour=13, tm_min=43, tm_sec=55, tm_wday=2, tm_yday=96, tm_isdst=-1)",2022-04-06,2022,4,96,6,43,13,BUS01
2022-04-06 13:46:40,40.765278,-111.909073,1314.7,-9999.0,-9999.0,-9999.0,13.95,4.51,12.84,26.4,8.0,2.0,4.72,36.0,885.3,0.0,2.7,2.01,14.5,828.3,187.8,83.6,271.4,2.3,807.7,1.92,109.5,0.0,0,1,"time.struct_time(tm_year=2022, tm_mon=4, tm_mday=6, tm_hour=13, tm_min=46, tm_sec=40, tm_wday=2, tm_yday=96, tm_isdst=-1)",2022-04-06,2022,4,96,6,46,13,BUS01
2022-04-06 13:51:15,40.76524,-111.909119,1313.5,-9999.0,-9999.0,-9999.0,13.95,5.29,13.69,24.11,8.0,2.0,5.78,36.0,885.4,0.0,-0.7,2.01,15.5,828.8,201.0,105.1,306.1,2.7,807.4,1.93,110.7,0.0,0,1,"time.struct_time(tm_year=2022, tm_mon=4, tm_mday=6, tm_hour=13, tm_min=51, tm_sec=15, tm_wday=2, tm_yday=96, tm_isdst=-1)",2022-04-06,2022,4,96,6,51,13,BUS01
2022-04-06 13:53:45,40.765331,-111.90921,1313.5,-9999.0,-9999.0,-9999.0,13.91,5.7,14.07,24.55,13.0,2.0,6.28,36.0,885.5,0.0,2.3,2.01,16.1,830.7,209.3,133.8,343.1,2.9,807.3,1.94,111.0,0.0,0,1,"time.struct_time(tm_year=2022, tm_mon=4, tm_mday=6, tm_hour=13, tm_min=53, tm_sec=45, tm_wday=2, tm_yday=96, tm_isdst=-1)",2022-04-06,2022,4,96,6,53,13,BUS01
2022-04-06 13:56:15,40.765385,-111.909187,1311.0,-9999.0,-9999.0,-9999.0,13.91,6.12,14.41,23.05,11.0,2.0,6.78,36.0,885.2,0.0,2.8,2.02,16.6,829.4,211.3,135.6,346.9,3.2,807.2,1.94,111.0,0.0,0,1,"time.struct_time(tm_year=2022, tm_mon=4, tm_mday=6, tm_hour=13, tm_min=56, tm_sec=15, tm_wday=2, tm_yday=96, tm_isdst=-1)",2022-04-06,2022,4,96,6,56,13,BUS01
2022-04-06 13:58:45,40.765358,-111.909172,1310.9,-9999.0,-9999.0,-9999.0,13.91,6.53,14.75,22.27,8.0,2.0,7.28,35.0,885.4,0.0,0.4,2.01,17.2,830.6,211.9,127.2,339.1,3.4,807.8,1.93,110.1,0.0,0,1,"time.struct_time(tm_year=2022, tm_mon=4, tm_mday=6, tm_hour=13, tm_min=58, tm_sec=45, tm_wday=2, tm_yday=96, tm_isdst=-1)",2022-04-06,2022,4,96,6,58,13,BUS01
2022-04-06 14:01:15,40.765152,-111.909103,1307.2,-9999.0,-9999.0,-9999.0,13.91,6.94,15.01,22.45,8.0,2.0,7.72,34.0,885.3,0.0,0.4,2.01,17.7,830.1,187.6,100.8,288.4,3.7,807.3,1.93,110.7,0.0,0,1,"time.struct_time(tm_year=2022, tm_mon=4, tm_mday=6, tm_hour=14, tm_min=1, tm_sec=15, tm_wday=2, tm_yday=96, tm_isdst=-1)",2022-04-06,2022,4,96,6,1,14,BUS01
2022-04-06 14:03:45,40.765263,-111.909172,1304.9,-9999.0,-9999.0,-9999.0,13.91,7.35,15.2,22.79,8.0,2.0,8.11,34.0,885.4,0.0,-1.8,2.03,18.2,830.6,190.7,107.3,298.0,3.9,807.2,1.93,110.9,0.0,0,1,"time.struct_time(tm_year=2022, tm_mon=4, tm_mday=6, tm_hour=14, tm_min=3, tm_sec=45, tm_wday=2, tm_yday=96, tm_isdst=-1)",2022-04-06,2022,4,96,6,3,14,BUS01
2022-04-06 14:07:20,40.765285,-111.90905,1300.4,-9999.0,-9999.0,-9999.0,13.91,7.92,15.52,21.92,8.0,2.0,8.72,34.0,885.4,0.0,-3.7,2.04,18.9,830.6,188.0,90.2,278.2,4.3,807.2,2.0,110.2,0.0,0,1,"time.struct_time(tm_year=2022, tm_mon=4, tm_mday=6, tm_hour=14, tm_min=7, tm_sec=20, tm_wday=2, tm_yday=96, tm_isdst=-1)",2022-04-06,2022,4,96,6,7,14,BUS01
2022-04-06 14:10:40,40.765339,-111.909035,1300.0,-9999.0,-9999.0,-9999.0,13.87,8.44,15.78,20.56,7.0,2.0,9.11,33.0,885.6,0.0,-1.8,2.02,19.5,830.7,179.0,84.8,263.8,4.6,807.3,1.92,109.6,0.0,0,1,"time.struct_time(tm_year=2022, tm_mon=4, tm_mday=6, tm_hour=14, tm_min=10, tm_sec=40, tm_wday=2, tm_yday=96, tm_isdst=-1)",2022-04-06,2022,4,96,6,10,14,BUS01
2022-04-06 14:13:10,40.765324,-111.909111,1299.7,-9999.0,-9999.0,-9999.0,13.87,8.82,15.92,20.24,7.0,2.0,9.5,32.0,885.5,0.0,-0.7,2.04,20.0,830.7,175.4,80.9,256.3,4.9,807.2,1.91,109.4,0.0,0,1,"time.struct_time(tm_year=2022, tm_mon=4, tm_mday=6, tm_hour=14, tm_min=13, tm_sec=10, tm_wday=2, tm_yday=96, tm_isdst=-1)",2022-04-06,2022,4,96,6,13,14,BUS01
2022-04-06 14:16:50,40.765358,-111.909065,1299.7,-9999.0,-9999.0,-9999.0,13.87,9.38,16.18,20.1,9.0,2.0,9.89,32.0,885.5,0.0,-4.0,2.04,20.6,830.7,166.3,74.1,240.4,5.3,807.0,1.99,110.4,0.0,0,1,"time.struct_time(tm_year=2022, tm_mon=4, tm_mday=6, tm_hour=14, tm_min=16, tm_sec=50, tm_wday=2, tm_yday=96, tm_isdst=-1)",2022-04-06,2022,4,96,6,16,14,BUS01
2022-04-06 16:56:40,40.765312,-111.909187,1317.3,-9999.0,-9999.0,-9999.0,13.8,15.45,18.88,12.65,3.0,2.0,14.78,25.0,887.1,0.0,4.0,2.03,18.2,832.3,-9999.0,-9999.0,-9999.0,-9999.0,-9999.0,-9999.0,-9999.0,0.0,0,1,"time.struct_time(tm_year=2022, tm_mon=4, tm_mday=6, tm_hour=16, tm_min=56, tm_sec=40, tm_wday=2, tm_yday=96, tm_isdst=-1)",2022-04-06,2022,4,96,6,56,16,BUS01
2022-04-06 16:59:10,40.76524,-111.908997,1315.2,-9999.0,-9999.0,-9999.0,13.76,15.58,18.98,12.23,4.0,2.0,14.89,24.0,887.2,0.0,-0.6,2.02,19.5,832.7,-9999.0,-9999.0,-9999.0,-9999.0,-9999.0,-9999.0,-9999.0,0.0,0,1,"time.struct_time(tm_year=2022, tm_mon=4, tm_mday=6, tm_hour=16, tm_min=59, tm_sec=10, tm_wday=2, tm_yday=96, tm_isdst=-1)",2022-04-06,2022,4,96,6,59,16,BUS01
2022-04-06 17:01:40,40.765266,-111.909042,1313.5,-9999.0,-9999.0,-9999.0,13.77,15.74,19.02,12.11,3.0,2.0,15.11,23.0,887.3,0.0,-0.7,2.04,20.7,832.4,-9999.0,-9999.0,-9999.0,-9999.0,-9999.0,-9999.0,-9999.0,0.0,0,1,"time.struct_time(tm_year=2022, tm_mon=4, tm_mday=6, tm_hour=17, tm_min=1, tm_sec=40, tm_wday=2, tm_yday=96, tm_isdst=-1)",2022-04-06,2022,4,96,6,1,17,BUS01
2022-04-06 17:04:10,40.76519,-111.909035,1308.8,-9999.0,-9999.0,-9999.0,13.76,15.94,19.08,12.51,3.0,2.0,15.22,22.0,887.2,0.0,-3.0,2.02,21.7,832.7,-9999.0,-9999.0,-9999.0,-9999.0,-9999.0,-9999.0,-9999.0,0.0,0,1,"time.struct_time(tm_year=2022, tm_mon=4, tm_mday=6, tm_hour=17, tm_min=4, tm_sec=10, tm_wday=2, tm_yday=96, tm_isdst=-1)",2022-04-06,2022,4,96,6,4,17,BUS01
2022-04-06 17:07:35,40.765232,-111.909096,1303.7,-9999.0,-9999.0,-9999.0,13.77,16.24,19.16,12.29,4.0,2.0,15.39,23.0,887.5,0.0,-6.8,2.05,22.9,832.7,222.8,33.4,256.2,13.5,807.7,1.94,112.6,0.0,0,1,"time.struct_time(tm_year=2022, tm_mon=4, tm_mday=6, tm_hour=17, tm_min=7, tm_sec=35, tm_wday=2, tm_yday=96, tm_isdst=-1)",2022-04-06,2022,4,96,6,7,17,BUS01
2022-04-06 17:10:20,40.765236,-111.909142,1303.8,-9999.0,-9999.0,-9999.0,13.77,16.49,19.18,12.71,4.0,2.0,15.72,22.0,887.3,0.0,-0.9,2.04,23.8,832.3,202.1,32.9,235.0,13.6,807.4,1.95,113.0,0.0,0,1,"time.struct_time(tm_year=2022, tm_mon=4, tm_mday=6, tm_hour=17, tm_min=10, tm_sec=20, tm_wday=2, tm_yday=96, tm_isdst=-1)",2022-04-06,2022,4,96,6,10,17,BUS01
2022-04-06 17:12:50,40.76527,-111.90918,1305.0,-9999.0,-9999.0,-9999.0,13.72,16.73,19.18,12.47,6.0,2.0,15.78,22.0,887.2,0.0,-1.8,2.04,24.5,832.6,185.9,27.8,213.7,13.8,807.0,1.96,113.5,0.0,0,1,"time.struct_time(tm_year=2022, tm_mon=4, tm_mday=6, tm_hour=17, tm_min=12, tm_sec=50, tm_wday=2, tm_yday=96, tm_isdst=-1)",2022-04-06,2022,4,96,6,12,17,BUS01
2022-04-06 17:15:35,40.765282,-111.909126,1304.8,-9999.0,-9999.0,-9999.0,13.73,16.99,19.2,12.96,10.0,2.0,16.0,21.0,887.5,0.0,2.2,2.05,25.2,832.6,162.5,28.4,190.9,14.0,807.6,1.95,112.6,0.0,0,1,"time.struct_time(tm_year=2022, tm_mon=4, tm_mday=6, tm_hour=17, tm_min=15, tm_sec=35, tm_wday=2, tm_yday=96, tm_isdst=-1)",2022-04-06,2022,4,96,6,15,17,BUS01
2022-04-06 17:18:05,40.765293,-111.909225,1303.2,-9999.0,-9999.0,-9999.0,13.73,17.22,19.22,12.96,12.0,2.0,16.22,21.0,887.3,0.0,-0.4,2.06,25.8,832.1,148.7,29.9,178.6,14.1,807.2,1.95,113.1,0.0,0,1,"time.struct_time(tm_year=2022, tm_mon=4, tm_mday=6, tm_hour=17, tm_min=18, tm_sec=5, tm_wday=2, tm_yday=96, tm_isdst=-1)",2022-04-06,2022,4,96,6,18,17,BUS01
2022-04-06 17:20:35,40.765175,-111.90905,1301.2,-9999.0,-9999.0,-9999.0,13.73,17.46,19.24,12.11,13.0,2.0,16.39,21.0,887.4,0.0,-6.9,2.06,26.4,832.6,148.0,27.7,175.7,14.3,807.3,1.95,112.9,0.0,0,1,"time.struct_time(tm_year=2022, tm_mon=4, tm_mday=6, tm_hour=17, tm_min=20, tm_sec=35, tm_wday=2, tm_yday=96, tm_isdst=-1)",2022-04-06,2022,4,96,6,20,17,BUS01
2022-04-06 17:23:20,40.765274,-111.909088,1299.7,-9999.0,-9999.0,-9999.0,13.73,17.7,19.28,13.19,12.0,2.0,16.61,21.0,887.3,0.0,0.1,2.06,27.0,832.1,130.4,31.5,161.9,14.5,807.3,1.95,113.1,0.0,0,1,"time.struct_time(tm_year=2022, tm_mon=4, tm_mday=6, tm_hour=17, tm_min=23, tm_sec=20, tm_wday=2, tm_yday=96, tm_isdst=-1)",2022-04-06,2022,4,96,6,23,17,BUS01
2022-04-06 17:25:50,40.765305,-111.909111,1299.5,-9999.0,-9999.0,-9999.0,13.73,17.92,19.34,13.12,17.0,2.0,16.78,20.0,887.4,0.0,-2.3,2.07,27.4,832.5,107.4,36.5,143.9,14.7,807.2,1.95,113.3,0.0,0,1,"time.struct_time(tm_year=2022, tm_mon=4, tm_mday=6, tm_hour=17, tm_min=25, tm_sec=50, tm_wday=2, tm_yday=96, tm_isdst=-1)",2022-04-06,2022,4,96,6,25,17,BUS01
2022-04-06 17:28:20,40.765285,-111.909126,1299.7,-9999.0,-9999.0,-9999.0,13.72,18.14,19.04,12.31,28.0,2.0,16.89,19.0,887.2,0.0,1.0,2.06,27.9,832.0,88.5,36.2,124.7,14.9,807.1,1.95,113.3,0.0,0,1,"time.struct_time(tm_year=2022, tm_mon=4, tm_mday=6, tm_hour=17, tm_min=28, tm_sec=20, tm_wday=2, tm_yday=96, tm_isdst=-1)",2022-04-06,2022,4,96,6,28,17,BUS01
2022-04-06 17:30:50,40.765308,-111.909149,1298.3,-9999.0,-9999.0,-9999.0,13.73,18.35,19.04,12.81,20.0,2.0,17.11,20.0,887.3,0.0,-4.3,2.06,28.3,832.4,78.9,28.3,107.2,15.1,807.1,1.95,113.2,0.0,0,1,"time.struct_time(tm_year=2022, tm_mon=4, tm_mday=6, tm_hour=17, tm_min=30, tm_sec=50, tm_wday=2, tm_yday=96, tm_isdst=-1)",2022-04-06,2022,4,96,6,30,17,BUS01
2022-04-06 17:33:20,40.765247,-111.909119,1297.5,-9999.0,-9999.0,-9999.0,13.73,18.55,19.08,13.01,21.0,2.0,17.22,19.0,887.2,0.0,-2.8,2.07,28.8,831.9,66.6,31.8,98.4,15.3,806.9,1.95,113.3,0.0,0,1,"time.struct_time(tm_year=2022, tm_mon=4, tm_mday=6, tm_hour=17, tm_min=33, tm_sec=20, tm_wday=2, tm_yday=96, tm_isdst=-1)",2022-04-06,2022,4,96,6,33,17,BUS01
2022-04-06 17:35:50,40.765285,-111.909157,1297.2,-9999.0,-9999.0,-9999.0,13.73,18.74,19.14,11.91,22.0,2.0,17.39,19.0,887.3,0.0,1.4,2.08,29.1,832.4,65.9,28.2,94.1,15.5,807.0,1.95,113.2,0.0,0,1,"time.struct_time(tm_year=2022, tm_mon=4, tm_mday=6, tm_hour=17, tm_min=35, tm_sec=50, tm_wday=2, tm_yday=96, tm_isdst=-1)",2022-04-06,2022,4,96,6,35,17,BUS01
2022-04-06 17:38:20,40.765343,-111.909149,1297.5,-9999.0,-9999.0,-9999.0,13.72,18.93,19.18,12.69,17.0,2.0,17.5,19.0,887.3,0.0,-2.4,2.09,29.5,831.9,64.8,21.0,85.8,15.7,807.1,1.95,113.2,0.0,0,1,"time.struct_time(tm_year=2022, tm_mon=4, tm_mday=6, tm_hour=17, tm_min=38, tm_sec=20, tm_wday=2, tm_yday=96, tm_isdst=-1)",2022-04-06,2022,4,96,6,38,17,BUS01
2022-04-06 17:40:50,40.765167,-111.909119,1298.5,-9999.0,-9999.0,-9999.0,13.7,19.12,19.22,12.19,16.0,2.0,17.72,19.0,887.3,0.0,-0.1,2.08,29.8,832.3,61.1,34.6,95.7,15.9,806.7,1.95,113.6,0.0,0,1,"time.struct_time(tm_year=2022, tm_mon=4, tm_mday=6, tm_hour=17, tm_min=40, tm_sec=50, tm_wday=2, tm_yday=96, tm_isdst=-1)",2022-04-06,2022,4,96,6,40,17,BUS01
2022-04-06 17:43:20,40.765308,-111.909439,1294.8,-9999.0,-9999.0,-9999.0,13.7,19.3,17.43,9.88,1.0,2.0,17.78,16.0,887.5,0.0,10.4,2.08,30.2,831.9,7.2,-0.4,6.8,16.1,806.9,1.95,113.2,0.0,0,1,"time.struct_time(tm_year=2022, tm_mon=4, tm_mday=6, tm_hour=17, tm_min=43, tm_sec=20, tm_wday=2, tm_yday=96, tm_isdst=-1)",2022-04-06,2022,4,96,6,43,17,BUS01
2022-04-06 17:45:50,40.765759,-111.909058,1288.0,-9999.0,-9999.0,-9999.0,13.71,19.44,14.03,12.45,9.0,2.0,17.61,15.0,887.3,0.0,14.2,2.1,30.5,832.4,-126.4,-119.5,-245.9,16.3,807.1,1.95,113.0,0.0,0,1,"time.struct_time(tm_year=2022, tm_mon=4, tm_mday=6, tm_hour=17, tm_min=45, tm_sec=50, tm_wday=2, tm_yday=96, tm_isdst=-1)",2022-04-06,2022,4,96,6,45,17,BUS01
2022-04-06 17:48:20,40.762356,-111.90551,1294.8,-9999.0,-9999.0,-9999.0,13.7,19.54,11.74,14.31,15.0,2.0,17.11,14.0,887.1,0.0,21.9,2.1,30.8,831.6,259.5,-372.5,-113.0,16.5,807.4,1.94,116.4,0.0,0,1,"time.struct_time(tm_year=2022, tm_mon=4, tm_mday=6, tm_hour=17, tm_min=48, tm_sec=20, tm_wday=2, tm_yday=96, tm_isdst=-1)",2022-04-06,2022,4,96,6,48,17,BUS01
2022-04-06 17:50:50,40.776066,-111.910187,1297.3,-9999.0,-9999.0,-9999.0,13.71,19.53,10.58,16.24,9.0,2.0,16.39,14.0,885.3,0.0,21.5,2.1,31.0,830.6,47.6,-16.6,31.0,16.7,805.4,1.95,114.6,0.0,0,1,"time.struct_time(tm_year=2022, tm_mon=4, tm_mday=6, tm_hour=17, tm_min=50, tm_sec=50, tm_wday=2, tm_yday=96, tm_isdst=-1)",2022-04-06,2022,4,96,6,50,17,BUS01
2022-04-06 17:53:20,40.763794,-111.91452,1296.7,-9999.0,-9999.0,-9999.0,13.7,19.32,9.83,15.43,4.0,2.0,15.39,13.0,886.4,0.0,25.2,2.11,31.3,830.5,83.7,-86.2,-2.5,16.9,805.5,1.95,103.3,0.0,0,1,"time.struct_time(tm_year=2022, tm_mon=4, tm_mday=6, tm_hour=17, tm_min=53, tm_sec=20, tm_wday=2, tm_yday=96, tm_isdst=-1)",2022-04-06,2022,4,96,6,53,17,BUS01
2022-04-06 17:56:55,40.765049,-111.907608,1289.2,-9999.0,-9999.0,-9999.0,13.73,19.04,8.88,15.57,3.0,2.0,14.61,13.0,887.2,0.0,30.3,2.11,31.5,832.1,52.7,-12.8,39.9,17.1,806.5,2.02,111.1,0.0,0,1,"time.struct_time(tm_year=2022, tm_mon=4, tm_mday=6, tm_hour=17, tm_min=56, tm_sec=55, tm_wday=2, tm_yday=96, tm_isdst=-1)",2022-04-06,2022,4,96,6,56,17,BUS01
2022-04-06 17:59:25,40.765671,-111.909691,1287.6,-9999.0,-9999.0,-9999.0,13.73,18.9,9.16,14.77,2.0,2.0,14.28,12.0,887.4,0.0,24.9,2.11,31.6,832.0,4.4,-1.4,3.0,17.3,806.8,2.02,113.2,0.0,0,1,"time.struct_time(tm_year=2022, tm_mon=4, tm_mday=6, tm_hour=17, tm_min=59, tm_sec=25, tm_wday=2, tm_yday=96, tm_isdst=-1)",2022-04-06,2022,4,96,6,59,17,BUS01
2022-04-06 18:01:55,40.766102,-111.909737,1292.0,-9999.0,-9999.0,-9999.0,13.73,18.79,9.17,14.99,3.0,2.0,14.28,12.0,887.4,0.0,19.0,2.11,31.7,832.4,8.6,9.6,18.2,17.4,806.9,2.03,113.0,0.0,0,1,"time.struct_time(tm_year=2022, tm_mon=4, tm_mday=6, tm_hour=18, tm_min=1, tm_sec=55, tm_wday=2, tm_yday=96, tm_isdst=-1)",2022-04-06,2022,4,96,6,1,18,BUS01
2022-04-06 18:04:25,40.765839,-111.909714,1289.5,-9999.0,-9999.0,-9999.0,13.73,18.7,8.99,15.59,1.0,2.0,14.28,12.0,887.2,0.0,19.9,2.1,31.7,831.9,9.2,1.3,10.5,17.6,806.9,2.03,113.0,0.0,0,1,"time.struct_time(tm_year=2022, tm_mon=4, tm_mday=6, tm_hour=18, tm_min=4, tm_sec=25, tm_wday=2, tm_yday=96, tm_isdst=-1)",2022-04-06,2022,4,96,6,4,18,BUS01
2022-04-06 18:06:55,40.76582,-111.909721,1289.6,-9999.0,-9999.0,-9999.0,13.73,18.6,8.24,16.23,1.0,2.0,14.28,12.0,887.2,0.0,22.5,2.11,31.8,832.4,3.2,-2.6,0.6,17.7,806.8,2.03,113.5,0.0,0,1,"time.struct_time(tm_year=2022, tm_mon=4, tm_mday=6, tm_hour=18, tm_min=6, tm_sec=55, tm_wday=2, tm_yday=96, tm_isdst=-1)",2022-04-06,2022,4,96,6,6,18,BUS01
2022-04-06 18:09:25,40.765793,-111.909729,1289.4,-9999.0,-9999.0,-9999.0,13.73,18.51,7.92,16.12,1.0,2.0,14.22,12.0,887.4,0.0,31.2,2.11,31.8,832.0,2.3,1.4,3.7,17.8,806.9,2.03,113.2,0.0,0,1,"time.struct_time(tm_year=2022, tm_mon=4, tm_mday=6, tm_hour=18, tm_min=9, tm_sec=25, tm_wday=2, tm_yday=96, tm_isdst=-1)",2022-04-06,2022,4,96,6,9,18,BUS01
2022-04-06 18:11:55,40.765739,-111.909683,1291.8,-9999.0,-9999.0,-9999.0,13.73,18.4,7.59,16.77,0.0,2.0,14.22,12.0,887.2,0.0,26.5,2.11,31.8,832.4,2.1,-1.2,0.9,17.9,806.8,2.03,113.3,0.0,0,1,"time.struct_time(tm_year=2022, tm_mon=4, tm_mday=6, tm_hour=18, tm_min=11, tm_sec=55, tm_wday=2, tm_yday=96, tm_isdst=-1)",2022-04-06,2022,4,96,6,11,18,BUS01
2022-04-06 18:14:25,40.765694,-111.909775,1291.6,-9999.0,-9999.0,-9999.0,13.73,18.29,7.54,17.62,1.0,2.0,14.11,12.0,887.1,0.0,27.7,2.11,31.8,832.0,1.4,-2.9,-1.5,18.0,806.8,2.03,113.1,0.0,0,1,"time.struct_time(tm_year=2022, tm_mon=4, tm_mday=6, tm_hour=18, tm_min=14, tm_sec=25, tm_wday=2, tm_yday=96, tm_isdst=-1)",2022-04-06,2022,4,96,6,14,18,BUS01
2022-04-06 18:16:55,40.765736,-111.909782,1291.9,-9999.0,-9999.0,-9999.0,13.73,18.18,7.36,17.85,1.0,2.0,13.89,12.0,887.2,0.0,30.7,2.1,31.8,832.4,2.8,-5.5,-2.7,18.1,806.7,2.03,113.7,0.0,0,1,"time.struct_time(tm_year=2022, tm_mon=4, tm_mday=6, tm_hour=18, tm_min=16, tm_sec=55, tm_wday=2, tm_yday=96, tm_isdst=-1)",2022-04-06,2022,4,96,6,16,18,BUS01
2022-04-06 18:19:25,40.765739,-111.909775,1291.4,-9999.0,-9999.0,-9999.0,13.72,18.05,7.56,17.83,1.0,2.0,13.72,12.0,887.1,0.0,19.4,2.1,31.7,831.9,13.7,2.5,16.2,18.3,806.8,2.04,113.3,0.0,0,1,"time.struct_time(tm_year=2022, tm_mon=4, tm_mday=6, tm_hour=18, tm_min=19, tm_sec=25, tm_wday=2, tm_yday=96, tm_isdst=-1)",2022-04-06,2022,4,96,6,19,18,BUS01
2022-04-06 18:21:55,40.765747,-111.909775,1291.8,-9999.0,-9999.0,-9999.0,13.73,17.92,7.01,18.2,1.0,2.0,13.72,12.0,887.2,0.0,27.9,2.13,31.7,832.4,6.3,-1.2,5.1,18.3,806.8,2.04,113.8,0.0,0,1,"time.struct_time(tm_year=2022, tm_mon=4, tm_mday=6, tm_hour=18, tm_min=21, tm_sec=55, tm_wday=2, tm_yday=96, tm_isdst=-1)",2022-04-06,2022,4,96,6,21,18,BUS01
2022-04-06 18:24:25,40.765759,-111.909775,1292.1,-9999.0,-9999.0,-9999.0,13.73,17.8,6.86,18.58,1.0,2.0,13.72,12.0,887.3,0.0,30.5,2.1,31.7,832.0,-1.8,5.7,3.9,18.4,806.8,2.04,113.7,0.0,0,1,"time.struct_time(tm_year=2022, tm_mon=4, tm_mday=6, tm_hour=18, tm_min=24, tm_sec=25, tm_wday=2, tm_yday=96, tm_isdst=-1)",2022-04-06,2022,4,96,6,24,18,BUS01
2022-04-06 18:26:55,40.765759,-111.909782,1291.1,-9999.0,-9999.0,-9999.0,13.73,17.7,6.86,17.84,1.0,2.0,13.72,12.0,887.0,0.0,26.8,2.12,31.6,832.4,5.3,9.2,14.5,18.5,806.7,2.03,113.8,0.0,0,1,"time.struct_time(tm_year=2022, tm_mon=4, tm_mday=6, tm_hour=18, tm_min=26, tm_sec=55, tm_wday=2, tm_yday=96, tm_isdst=-1)",2022-04-06,2022,4,96,6,26,18,BUS01
2022-04-06 18:29:25,40.765747,-111.909782,1289.5,-9999.0,-9999.0,-9999.0,13.73,17.6,7.09,18.38,2.0,2.0,13.78,12.0,887.3,0.0,19.9,2.1,31.6,832.0,12.1,10.6,22.7,18.6,806.7,2.04,113.9,0.0,0,1,"time.struct_time(tm_year=2022, tm_mon=4, tm_mday=6, tm_hour=18, tm_min=29, tm_sec=25, tm_wday=2, tm_yday=96, tm_isdst=-1)",2022-04-06,2022,4,96,6,29,18,BUS01
2022-04-06 18:31:55,40.765747,-111.909775,1289.3,-9999.0,-9999.0,-9999.0,13.73,17.53,7.54,16.71,1.0,2.0,13.89,12.0,887.3,0.0,26.7,2.1,31.5,832.4,8.2,7.3,15.5,18.7,806.7,2.04,113.8,0.0,0,1,"time.struct_time(tm_year=2022, tm_mon=4, tm_mday=6, tm_hour=18, tm_min=31, tm_sec=55, tm_wday=2, tm_yday=96, tm_isdst=-1)",2022-04-06,2022,4,96,6,31,18,BUS01
2022-04-06 18:34:25,40.765747,-111.909775,1287.9,-9999.0,-9999.0,-9999.0,13.73,17.46,7.42,16.96,1.0,2.0,14.0,11.0,887.2,0.0,27.9,2.11,31.5,832.0,0.1,4.8,4.9,18.8,806.6,2.04,114.0,0.0,0,1,"time.struct_time(tm_year=2022, tm_mon=4, tm_mday=6, tm_hour=18, tm_min=34, tm_sec=25, tm_wday=2, tm_yday=96, tm_isdst=-1)",2022-04-06,2022,4,96,6,34,18,BUS01
2022-04-06 18:36:55,40.765755,-111.90976,1287.4,-9999.0,-9999.0,-9999.0,13.73,17.41,7.74,16.29,2.0,2.0,14.0,11.0,887.3,0.0,32.7,2.11,31.4,832.4,-1.7,1.5,-0.2,18.9,806.6,2.04,113.9,0.0,0,1,"time.struct_time(tm_year=2022, tm_mon=4, tm_mday=6, tm_hour=18, tm_min=36, tm_sec=55, tm_wday=2, tm_yday=96, tm_isdst=-1)",2022-04-06,2022,4,96,6,36,18,BUS01
2022-04-06 18:39:25,40.765755,-111.909744,1288.0,-9999.0,-9999.0,-9999.0,13.73,17.36,7.66,17.2,1.0,2.0,14.11,11.0,887.1,0.0,27.3,2.09,31.3,831.9,3.6,4.0,7.6,18.9,806.7,2.04,113.8,0.0,0,1,"time.struct_time(tm_year=2022, tm_mon=4, tm_mday=6, tm_hour=18, tm_min=39, tm_sec=25, tm_wday=2, tm_yday=96, tm_isdst=-1)",2022-04-06,2022,4,96,6,39,18,BUS01
2022-04-06 18:41:55,40.765739,-111.909744,1287.9,-9999.0,-9999.0,-9999.0,13.73,17.32,7.74,18.08,1.0,2.0,14.22,11.0,887.1,0.0,26.7,2.11,31.3,832.4,8.2,10.8,19.0,19.0,806.8,2.04,114.0,0.0,0,1,"time.struct_time(tm_year=2022, tm_mon=4, tm_mday=6, tm_hour=18, tm_min=41, tm_sec=55, tm_wday=2, tm_yday=96, tm_isdst=-1)",2022-04-06,2022,4,96,6,41,18,BUS01
2022-04-06 18:44:25,40.765732,-111.909744,1287.8,-9999.0,-9999.0,-9999.0,13.73,17.28,7.72,17.16,1.0,2.0,14.22,11.0,887.1,0.0,33.5,2.11,31.3,831.9,-1.0,-1.6,-2.6,19.1,806.6,2.04,114.5,0.0,0,1,"time.struct_time(tm_year=2022, tm_mon=4, tm_mday=6, tm_hour=18, tm_min=44, tm_sec=25, tm_wday=2, tm_yday=96, tm_isdst=-1)",2022-04-06,2022,4,96,6,44,18,BUS01
2022-04-06 18:46:55,40.765728,-111.909744,1287.8,-9999.0,-9999.0,-9999.0,13.73,17.24,7.4,17.77,2.0,2.0,14.28,11.0,887.1,0.0,37.5,2.1,31.2,832.4,4.9,-2.1,2.8,19.1,806.7,2.04,113.9,0.0,0,1,"time.struct_time(tm_year=2022, tm_mon=4, tm_mday=6, tm_hour=18, tm_min=46, tm_sec=55, tm_wday=2, tm_yday=96, tm_isdst=-1)",2022-04-06,2022,4,96,6,46,18,BUS01
2022-04-06 18:49:25,40.765724,-111.909752,1288.3,-9999.0,-9999.0,-9999.0,13.73,17.21,7.38,17.46,1.0,2.0,14.39,11.0,887.2,0.0,24.9,2.1,31.2,831.9,2.0,-1.9,0.1,19.2,806.4,2.04,114.2,0.0,0,1,"time.struct_time(tm_year=2022, tm_mon=4, tm_mday=6, tm_hour=18, tm_min=49, tm_sec=25, tm_wday=2, tm_yday=96, tm_isdst=-1)",2022-04-06,2022,4,96,6,49,18,BUS01
2022-04-06 18:51:55,40.765724,-111.909752,1288.4,-9999.0,-9999.0,-9999.0,13.73,17.18,7.32,17.66,1.0,2.0,14.39,11.0,887.1,0.0,36.5,2.11,31.1,832.4,0.9,-0.6,0.3,19.3,806.5,2.04,114.0,0.0,0,1,"time.struct_time(tm_year=2022, tm_mon=4, tm_mday=6, tm_hour=18, tm_min=51, tm_sec=55, tm_wday=2, tm_yday=96, tm_isdst=-1)",2022-04-06,2022,4,96,6,51,18,BUS01
2022-04-06 18:54:25,40.765724,-111.909752,1288.2,-9999.0,-9999.0,-9999.0,13.73,17.16,8.26,16.15,1.0,2.0,14.39,11.0,887.2,0.0,31.7,2.1,31.1,831.9,10.7,-3.4,7.3,19.3,806.4,2.04,114.3,0.0,0,1,"time.struct_time(tm_year=2022, tm_mon=4, tm_mday=6, tm_hour=18, tm_min=54, tm_sec=25, tm_wday=2, tm_yday=96, tm_isdst=-1)",2022-04-06,2022,4,96,6,54,18,BUS01
2022-04-06 18:58:00,40.765728,-111.909752,1286.8,-9999.0,-9999.0,-9999.0,13.73,17.14,8.06,16.41,2.0,2.0,14.5,11.0,887.0,0.0,35.9,2.09,31.0,831.9,2.4,2.3,4.7,19.4,806.6,1.97,113.7,0.0,0,1,"time.struct_time(tm_year=2022, tm_mon=4, tm_mday=6, tm_hour=18, tm_min=58, tm_sec=0, tm_wday=2, tm_yday=96, tm_isdst=-1)",2022-04-06,2022,4,96,6,58,18,BUS01
2022-04-06 19:00:30,40.765728,-111.90976,1286.7,-9999.0,-9999.0,-9999.0,13.73,17.13,7.92,16.88,1.0,2.0,14.5,11.0,887.2,0.0,26.5,2.1,31.0,832.3,10.3,-0.7,9.6,19.5,806.5,1.97,113.6,0.0,0,1,"time.struct_time(tm_year=2022, tm_mon=4, tm_mday=6, tm_hour=19, tm_min=0, tm_sec=30, tm_wday=2, tm_yday=96, tm_isdst=-1)",2022-04-06,2022,4,96,6,0,19,BUS01
2022-04-06 19:03:00,40.765743,-111.909775,1285.6,-9999.0,-9999.0,-9999.0,13.73,17.14,8.12,16.21,1.0,2.0,14.61,11.0,887.0,0.0,28.1,2.1,31.0,831.9,5.9,3.6,9.5,19.6,806.5,1.97,113.6,0.0,0,1,"time.struct_time(tm_year=2022, tm_mon=4, tm_mday=6, tm_hour=19, tm_min=3, tm_sec=0, tm_wday=2, tm_yday=96, tm_isdst=-1)",2022-04-06,2022,4,96,6,3,19,BUS01
2022-04-06 19:05:30,40.765736,-111.909767,1284.4,-9999.0,-9999.0,-9999.0,13.73,17.15,8.16,16.71,2.0,2.0,14.72,11.0,887.1,0.0,25.5,2.1,31.0,832.4,3.3,8.8,12.1,19.6,806.4,1.97,113.7,0.0,0,1,"time.struct_time(tm_year=2022, tm_mon=4, tm_mday=6, tm_hour=19, tm_min=5, tm_sec=30, tm_wday=2, tm_yday=96, tm_isdst=-1)",2022-04-06,2022,4,96,6,5,19,BUS01
2022-04-06 19:08:00,40.765747,-111.90976,1283.4,-9999.0,-9999.0,-9999.0,13.73,17.17,8.52,16.15,1.0,2.0,14.89,11.0,887.0,0.0,32.5,2.09,31.0,831.8,7.5,4.4,11.9,19.7,806.4,1.97,114.1,0.0,0,1,"time.struct_time(tm_year=2022, tm_mon=4, tm_mday=6, tm_hour=19, tm_min=8, tm_sec=0, tm_wday=2, tm_yday=96, tm_isdst=-1)",2022-04-06,2022,4,96,6,8,19,BUS01
2022-04-06 19:10:30,40.765759,-111.909767,1282.6,-9999.0,-9999.0,-9999.0,13.73,17.2,8.64,16.53,1.0,2.0,15.0,11.0,887.3,0.0,26.1,2.1,31.0,832.4,3.8,5.2,9.0,19.7,806.4,1.97,113.8,0.0,0,1,"time.struct_time(tm_year=2022, tm_mon=4, tm_mday=6, tm_hour=19, tm_min=10, tm_sec=30, tm_wday=2, tm_yday=96, tm_isdst=-1)",2022-04-06,2022,4,96,6,10,19,BUS01
2022-04-06 19:13:00,40.765759,-111.90976,1282.6,-9999.0,-9999.0,-9999.0,13.73,17.24,8.72,15.45,1.0,2.0,15.11,11.0,887.0,0.0,30.7,2.1,31.0,831.9,6.8,-3.7,3.1,19.8,806.3,1.97,113.9,0.0,0,1,"time.struct_time(tm_year=2022, tm_mon=4, tm_mday=6, tm_hour=19, tm_min=13, tm_sec=0, tm_wday=2, tm_yday=96, tm_isdst=-1)",2022-04-06,2022,4,96,6,13,19,BUS01
2022-04-06 19:15:30,40.765766,-111.909752,1282.9,-9999.0,-9999.0,-9999.0,13.73,17.27,8.28,15.84,2.0,2.0,15.22,11.0,887.1,0.0,30.6,2.11,31.0,832.4,-3.3,1.8,-1.5,19.9,806.4,1.97,114.0,0.0,0,1,"time.struct_time(tm_year=2022, tm_mon=4, tm_mday=6, tm_hour=19, tm_min=15, tm_sec=30, tm_wday=2, tm_yday=96, tm_isdst=-1)",2022-04-06,2022,4,96,6,15,19,BUS01
2022-04-26 20:02:40,40.765747,-111.909485,1287.1,-9999.0,-9999.0,-9999.0,13.6,23.76,23.4,8.56,5.0,2.0,23.72,14.0,870.2,0.0,39.7,2.16,31.6,815.1,7.2,0.3,7.5,18.6,788.9,2.02,114.5,0.0,0,1,"time.struct_time(tm_year=2022, tm_mon=4, tm_mday=26, tm_hour=20, tm_min=2, tm_sec=40, tm_wday=1, tm_yday=116, tm_isdst=-1)",2022-04-26,2022,4,116,26,2,20,BUS01
2022-04-26 20:07:15,40.765873,-111.909752,1287.9,-9999.0,-9999.0,-9999.0,13.6,24.25,23.69,8.3,4.0,2.0,24.11,13.0,869.9,0.0,41.3,2.15,32.6,814.8,8.5,-9.5,-1.0,19.0,788.7,1.97,114.0,0.0,0,1,"time.struct_time(tm_year=2022, tm_mon=4, tm_mday=26, tm_hour=20, tm_min=7, tm_sec=15, tm_wday=1, tm_yday=116, tm_isdst=-1)",2022-04-26,2022,4,116,26,7,20,BUS01
2022-04-26 20:09:45,40.765793,-111.909645,1276.7,-9999.0,-9999.0,-9999.0,13.6,24.53,23.79,8.52,5.0,2.0,24.22,13.0,869.9,0.0,36.8,2.16,33.1,829.5,5.6,20.5,26.1,19.3,788.5,1.97,114.0,0.0,0,1,"time.struct_time(tm_year=2022, tm_mon=4, tm_mday=26, tm_hour=20, tm_min=9, tm_sec=45, tm_wday=1, tm_yday=116, tm_isdst=-1)",2022-04-26,2022,4,116,26,9,20,BUS01
2022-04-26 20:12:15,40.765774,-111.909676,1271.2,-9999.0,-9999.0,-9999.0,13.6,24.78,23.89,8.21,5.0,2.0,24.22,12.0,869.8,0.0,43.2,2.17,33.6,828.8,2.4,15.6,18.0,19.5,788.4,1.96,114.3,0.0,0,1,"time.struct_time(tm_year=2022, tm_mon=4, tm_mday=26, tm_hour=20, tm_min=12, tm_sec=15, tm_wday=1, tm_yday=116, tm_isdst=-1)",2022-04-26,2022,4,116,26,12,20,BUS01
2022-04-26 20:14:45,40.765705,-111.909607,1261.1,-9999.0,-9999.0,-9999.0,13.6,24.95,23.93,8.38,5.0,2.0,24.11,12.0,869.9,0.0,41.4,2.17,34.1,829.5,6.2,1.5,7.7,19.8,788.5,1.96,114.3,0.0,0,1,"time.struct_time(tm_year=2022, tm_mon=4, tm_mday=26, tm_hour=20, tm_min=14, tm_sec=45, tm_wday=1, tm_yday=116, tm_isdst=-1)",2022-04-26,2022,4,116,26,14,20,BUS01
2022-04-26 20:17:15,40.765781,-111.90947,1258.1,-9999.0,-9999.0,-9999.0,13.6,25.11,23.91,8.22,6.0,2.0,24.22,12.0,870.1,0.0,44.3,2.16,34.5,828.3,4.5,2.5,7.0,20.0,788.3,1.96,114.3,0.0,0,1,"time.struct_time(tm_year=2022, tm_mon=4, tm_mday=26, tm_hour=20, tm_min=17, tm_sec=15, tm_wday=1, tm_yday=116, tm_isdst=-1)",2022-04-26,2022,4,116,26,17,20,BUS01
2022-04-26 20:19:45,40.765743,-111.909714,1267.3,-9999.0,-9999.0,-9999.0,13.6,25.29,23.93,8.11,5.0,2.0,24.28,12.0,869.9,0.0,51.0,2.16,34.9,828.9,6.2,8.8,15.0,20.3,788.4,1.96,114.2,0.0,0,1,"time.struct_time(tm_year=2022, tm_mon=4, tm_mday=26, tm_hour=20, tm_min=19, tm_sec=45, tm_wday=1, tm_yday=116, tm_isdst=-1)",2022-04-26,2022,4,116,26,19,20,BUS01
2022-04-26 20:22:15,40.76577,-111.909607,1273.2,-9999.0,-9999.0,-9999.0,13.6,25.47,23.94,8.08,4.0,2.0,24.39,11.0,869.9,0.0,50.0,2.18,35.2,834.3,2.2,4.9,7.1,20.5,788.1,1.97,114.7,0.0,0,1,"time.struct_time(tm_year=2022, tm_mon=4, tm_mday=26, tm_hour=20, tm_min=22, tm_sec=15, tm_wday=1, tm_yday=116, tm_isdst=-1)",2022-04-26,2022,4,116,26,22,20,BUS01
2022-04-26 20:24:45,40.765835,-111.909569,1274.7,-9999.0,-9999.0,-9999.0,13.56,25.63,23.95,8.18,4.0,2.0,24.61,11.0,869.9,0.0,53.4,2.19,35.5,835.0,-1.4,2.3,0.9,20.7,797.0,1.97,97.2,0.0,0,1,"time.struct_time(tm_year=2022, tm_mon=4, tm_mday=26, tm_hour=20, tm_min=24, tm_sec=45, tm_wday=1, tm_yday=116, tm_isdst=-1)",2022-04-26,2022,4,116,26,24,20,BUS01
2022-04-26 20:27:15,40.765835,-111.909538,1274.6,-9999.0,-9999.0,-9999.0,13.57,25.78,23.93,8.17,5.0,2.0,24.78,11.0,870.1,0.0,49.5,2.18,35.8,834.4,-9999.0,-9999.0,-9999.0,-9999.0,-9999.0,-9999.0,-9999.0,0.0,0,1,"time.struct_time(tm_year=2022, tm_mon=4, tm_mday=26, tm_hour=20, tm_min=27, tm_sec=15, tm_wday=1, tm_yday=116, tm_isdst=-1)",2022-04-26,2022,4,116,26,27,20,BUS01
2022-04-26 20:29:45,40.765812,-111.909515,1268.0,-9999.0,-9999.0,-9999.0,13.56,25.88,23.85,7.98,6.0,2.0,24.61,11.0,869.9,0.0,52.5,2.19,36.1,835.0,114.2,-3.6,110.6,21.2,797.9,2.17,119.0,0.0,0,1,"time.struct_time(tm_year=2022, tm_mon=4, tm_mday=26, tm_hour=20, tm_min=29, tm_sec=45, tm_wday=1, tm_yday=116, tm_isdst=-1)",2022-04-26,2022,4,116,26,29,20,BUS01
2022-04-26 20:32:15,40.765415,-111.909363,1269.8,-9999.0,-9999.0,-9999.0,13.56,25.91,23.77,8.08,5.0,2.0,24.5,11.0,870.0,0.0,48.1,2.19,36.4,834.4,-9999.0,-9999.0,-9999.0,-9999.0,-9999.0,-9999.0,-9999.0,0.0,0,1,"time.struct_time(tm_year=2022, tm_mon=4, tm_mday=26, tm_hour=20, tm_min=32, tm_sec=15, tm_wday=1, tm_yday=116, tm_isdst=-1)",2022-04-26,2022,4,116,26,32,20,BUS01
2022-04-26 20:34:45,40.765755,-111.909515,1272.9,-9999.0,-9999.0,-9999.0,13.56,25.93,23.74,8.12,5.0,2.0,24.61,10.0,869.8,0.0,49.3,2.19,36.6,835.0,2.4,-9.4,-7.0,21.7,797.7,1.94,107.0,0.0,0,1,"time.struct_time(tm_year=2022, tm_mon=4, tm_mday=26, tm_hour=20, tm_min=34, tm_sec=45, tm_wday=1, tm_yday=116, tm_isdst=-1)",2022-04-26,2022,4,116,26,34,20,BUS01
2022-04-26 20:37:15,40.765614,-111.909378,1269.5,-9999.0,-9999.0,-9999.0,13.56,25.95,23.61,7.98,6.0,2.0,24.5,10.0,869.9,0.0,59.0,2.19,36.8,834.3,9.5,-7.2,2.3,21.9,800.7,1.95,100.5,0.0,0,1,"time.struct_time(tm_year=2022, tm_mon=4, tm_mday=26, tm_hour=20, tm_min=37, tm_sec=15, tm_wday=1, tm_yday=116, tm_isdst=-1)",2022-04-26,2022,4,116,26,37,20,BUS01
2022-04-26 20:39:45,40.765652,-111.909607,1265.7,-9999.0,-9999.0,-9999.0,13.56,25.95,23.53,8.25,5.0,2.0,24.28,10.0,870.1,0.0,35.5,2.19,37.0,824.7,6.3,-6.1,0.2,22.1,800.8,1.95,100.4,0.0,0,1,"time.struct_time(tm_year=2022, tm_mon=4, tm_mday=26, tm_hour=20, tm_min=39, tm_sec=45, tm_wday=1, tm_yday=116, tm_isdst=-1)",2022-04-26,2022,4,116,26,39,20,BUS01
2022-04-26 20:42:15,40.765823,-111.90966,1267.2,-9999.0,-9999.0,-9999.0,13.56,25.95,23.51,8.29,6.0,2.0,24.39,10.0,869.8,0.0,40.6,2.17,37.2,824.6,7.8,8.7,16.5,22.4,793.7,1.95,116.0,0.0,0,1,"time.struct_time(tm_year=2022, tm_mon=4, tm_mday=26, tm_hour=20, tm_min=42, tm_sec=15, tm_wday=1, tm_yday=116, tm_isdst=-1)",2022-04-26,2022,4,116,26,42,20,BUS01
2022-04-26 20:44:45,40.765919,-111.909637,1267.8,-9999.0,-9999.0,-9999.0,13.56,25.98,23.38,8.34,7.0,2.0,24.61,10.0,869.9,0.0,36.3,2.18,37.3,823.6,3.4,1.0,4.4,22.6,794.6,1.95,113.9,0.0,0,1,"time.struct_time(tm_year=2022, tm_mon=4, tm_mday=26, tm_hour=20, tm_min=44, tm_sec=45, tm_wday=1, tm_yday=116, tm_isdst=-1)",2022-04-26,2022,4,116,26,44,20,BUS01
2022-04-26 20:47:15,40.765671,-111.909599,1267.7,-9999.0,-9999.0,-9999.0,13.56,25.99,23.37,10.35,7.0,2.0,24.39,10.0,869.8,0.0,45.5,2.21,37.5,819.7,1.2,-2.3,-1.1,22.8,794.6,1.95,113.8,0.0,0,1,"time.struct_time(tm_year=2022, tm_mon=4, tm_mday=26, tm_hour=20, tm_min=47, tm_sec=15, tm_wday=1, tm_yday=116, tm_isdst=-1)",2022-04-26,2022,4,116,26,47,20,BUS01
2022-04-26 20:49:45,40.765759,-111.909561,1269.0,-9999.0,-9999.0,-9999.0,13.57,26.01,23.37,8.3,5.0,2.0,24.61,10.0,870.1,0.0,42.9,2.19,37.6,820.1,3.2,-1.1,2.1,23.0,794.7,1.95,113.9,0.0,0,1,"time.struct_time(tm_year=2022, tm_mon=4, tm_mday=26, tm_hour=20, tm_min=49, tm_sec=45, tm_wday=1, tm_yday=116, tm_isdst=-1)",2022-04-26,2022,4,116,26,49,20,BUS01
2022-04-26 20:52:15,40.765804,-111.909584,1267.3,-9999.0,-9999.0,-9999.0,13.56,26.08,23.3,8.04,5.0,2.0,25.0,10.0,870.0,0.0,48.5,2.19,37.7,819.6,3.2,6.5,9.7,23.2,794.6,1.95,113.7,0.0,0,1,"time.struct_time(tm_year=2022, tm_mon=4, tm_mday=26, tm_hour=20, tm_min=52, tm_sec=15, tm_wday=1, tm_yday=116, tm_isdst=-1)",2022-04-26,2022,4,116,26,52,20,BUS01
2022-04-26 20:54:45,40.765587,-111.909592,1269.1,-9999.0,-9999.0,-9999.0,13.56,26.17,23.27,8.12,4.0,2.0,25.22,9.0,869.8,0.0,36.3,2.19,37.9,820.0,18.7,-14.6,4.1,23.4,794.5,1.95,114.0,0.0,0,1,"time.struct_time(tm_year=2022, tm_mon=4, tm_mday=26, tm_hour=20, tm_min=54, tm_sec=45, tm_wday=1, tm_yday=116, tm_isdst=-1)",2022-04-26,2022,4,116,26,54,20,BUS01
2022-04-26 20:58:20,40.765732,-111.909576,1257.6,-9999.0,-9999.0,-9999.0,13.56,26.31,23.25,8.16,3.0,2.0,25.5,10.0,869.8,0.0,39.1,2.19,38.1,819.9,-7.5,-3.8,-11.3,23.7,794.4,1.95,115.3,0.0,0,1,"time.struct_time(tm_year=2022, tm_mon=4, tm_mday=26, tm_hour=20, tm_min=58, tm_sec=20, tm_wday=1, tm_yday=116, tm_isdst=-1)",2022-04-26,2022,4,116,26,58,20,BUS01
2022-04-26 21:00:50,40.765762,-111.909676,1265.9,-9999.0,-9999.0,-9999.0,13.57,26.41,23.18,8.16,4.0,2.0,25.61,9.0,869.8,0.0,34.9,2.2,38.2,819.5,5.0,-1.0,4.0,23.9,794.5,1.95,115.2,0.0,0,1,"time.struct_time(tm_year=2022, tm_mon=4, tm_mday=26, tm_hour=21, tm_min=0, tm_sec=50, tm_wday=1, tm_yday=116, tm_isdst=-1)",2022-04-26,2022,4,116,26,0,21,BUS01
2022-04-26 21:03:20,40.765568,-111.90947,1272.7,-9999.0,-9999.0,-9999.0,13.56,26.51,23.25,8.22,4.0,2.0,25.72,10.0,870.0,0.0,38.7,2.19,38.4,819.9,0.0,11.7,11.7,24.1,794.4,1.95,115.3,0.0,0,1,"time.struct_time(tm_year=2022, tm_mon=4, tm_mday=26, tm_hour=21, tm_min=3, tm_sec=20, tm_wday=1, tm_yday=116, tm_isdst=-1)",2022-04-26,2022,4,116,26,3,21,BUS01
2022-04-26 21:05:50,40.765594,-111.909416,1275.7,-9999.0,-9999.0,-9999.0,13.56,26.61,23.33,8.08,4.0,2.0,25.89,10.0,870.0,0.0,35.0,2.19,38.6,819.5,1.2,5.8,7.0,24.3,794.5,1.95,115.0,0.0,0,1,"time.struct_time(tm_year=2022, tm_mon=4, tm_mday=26, tm_hour=21, tm_min=5, tm_sec=50, tm_wday=1, tm_yday=116, tm_isdst=-1)",2022-04-26,2022,4,116,26,5,21,BUS01
2022-04-26 21:08:20,40.765587,-111.909615,1274.4,-9999.0,-9999.0,-9999.0,13.56,26.71,23.47,7.9,4.0,2.0,26.0,9.0,869.9,0.0,28.4,2.19,38.7,819.8,1.5,8.4,9.9,24.5,794.3,1.95,115.4,0.0,0,1,"time.struct_time(tm_year=2022, tm_mon=4, tm_mday=26, tm_hour=21, tm_min=8, tm_sec=20, tm_wday=1, tm_yday=116, tm_isdst=-1)",2022-04-26,2022,4,116,26,8,21,BUS01
2022-04-26 21:10:50,40.765675,-111.909576,1277.7,-9999.0,-9999.0,-9999.0,13.56,26.81,23.53,7.92,5.0,2.0,26.22,9.0,869.9,0.0,33.3,2.19,38.8,819.3,-0.1,14.3,14.2,24.7,794.4,1.95,115.3,0.0,0,1,"time.struct_time(tm_year=2022, tm_mon=4, tm_mday=26, tm_hour=21, tm_min=10, tm_sec=50, tm_wday=1, tm_yday=116, tm_isdst=-1)",2022-04-26,2022,4,116,26,10,21,BUS01
2022-04-26 21:13:20,40.7658,-111.909546,1287.7,-9999.0,-9999.0,-9999.0,13.56,26.91,23.59,8.06,3.0,2.0,26.28,10.0,869.9,0.0,35.3,2.21,39.0,819.7,2.6,16.7,19.3,24.9,794.4,1.95,115.4,0.0,0,1,"time.struct_time(tm_year=2022, tm_mon=4, tm_mday=26, tm_hour=21, tm_min=13, tm_sec=20, tm_wday=1, tm_yday=116, tm_isdst=-1)",2022-04-26,2022,4,116,26,13,21,BUS01
2022-04-26 21:15:50,40.765755,-111.909752,1275.3,-9999.0,-9999.0,-9999.0,13.57,27.01,23.65,8.0,5.0,2.0,26.39,9.0,869.9,0.0,40.8,2.22,39.1,819.3,1.4,15.5,16.9,25.1,794.3,1.95,115.4,0.0,0,1,"time.struct_time(tm_year=2022, tm_mon=4, tm_mday=26, tm_hour=21, tm_min=15, tm_sec=50, tm_wday=1, tm_yday=116, tm_isdst=-1)",2022-04-26,2022,4,116,26,15,21,BUS01
2022-04-26 21:18:20,40.765797,-111.90963,1269.7,-9999.0,-9999.0,-9999.0,13.56,27.11,23.67,7.76,4.0,2.0,26.5,9.0,869.9,0.0,44.8,2.21,39.3,819.6,1.4,-1.1,0.3,25.2,794.4,1.95,115.4,0.0,0,1,"time.struct_time(tm_year=2022, tm_mon=4, tm_mday=26, tm_hour=21, tm_min=18, tm_sec=20, tm_wday=1, tm_yday=116, tm_isdst=-1)",2022-04-26,2022,4,116,26,18,21,BUS01
2022-04-26 21:20:50,40.765774,-111.909676,1267.4,-9999.0,-9999.0,-9999.0,13.56,27.21,23.69,7.88,5.0,2.0,26.61,9.0,869.7,0.0,40.7,2.21,39.4,819.2,5.7,3.7,9.4,25.4,794.3,1.95,115.3,0.0,0,1,"time.struct_time(tm_year=2022, tm_mon=4, tm_mday=26, tm_hour=21, tm_min=20, tm_sec=50, tm_wday=1, tm_yday=116, tm_isdst=-1)",2022-04-26,2022,4,116,26,20,21,BUS01
2022-04-26 21:23:20,40.765694,-111.909615,1275.2,-9999.0,-9999.0,-9999.0,13.56,27.31,23.77,7.78,5.0,2.0,26.72,9.0,870.0,0.0,28.4,2.21,39.6,819.6,5.9,13.2,19.1,25.6,794.4,1.95,115.3,0.0,0,1,"time.struct_time(tm_year=2022, tm_mon=4, tm_mday=26, tm_hour=21, tm_min=23, tm_sec=20, tm_wday=1, tm_yday=116, tm_isdst=-1)",2022-04-26,2022,4,116,26,23,21,BUS01
2022-04-26 21:25:50,40.765732,-111.909554,1291.3,-9999.0,-9999.0,-9999.0,13.57,27.41,23.81,7.56,5.0,2.0,26.78,9.0,869.9,0.0,35.9,2.22,39.7,819.1,6.7,-1.3,5.4,25.8,794.2,1.95,115.4,0.0,0,1,"time.struct_time(tm_year=2022, tm_mon=4, tm_mday=26, tm_hour=21, tm_min=25, tm_sec=50, tm_wday=1, tm_yday=116, tm_isdst=-1)",2022-04-26,2022,4,116,26,25,21,BUS01
2022-04-26 21:28:20,40.765736,-111.909462,1288.2,-9999.0,-9999.0,-9999.0,13.56,27.5,23.97,7.46,4.0,2.0,26.89,9.0,869.5,0.0,31.5,2.21,39.8,819.4,5.1,12.7,17.8,25.9,794.0,1.95,115.4,0.0,0,1,"time.struct_time(tm_year=2022, tm_mon=4, tm_mday=26, tm_hour=21, tm_min=28, tm_sec=20, tm_wday=1, tm_yday=116, tm_isdst=-1)",2022-04-26,2022,4,116,26,28,21,BUS01
2022-04-26 21:30:50,40.76564,-111.909737,1288.2,-9999.0,-9999.0,-9999.0,13.57,27.6,24.11,8.49,4.0,2.0,27.0,9.0,869.9,0.0,29.7,2.2,40.0,819.0,15.5,11.5,27.0,26.1,794.2,1.95,115.7,0.0,0,1,"time.struct_time(tm_year=2022, tm_mon=4, tm_mday=26, tm_hour=21, tm_min=30, tm_sec=50, tm_wday=1, tm_yday=116, tm_isdst=-1)",2022-04-26,2022,4,116,26,30,21,BUS01
2022-04-26 21:33:20,40.765499,-111.909538,1285.3,-9999.0,-9999.0,-9999.0,13.53,27.69,24.15,8.71,5.0,2.0,27.22,9.0,869.9,0.0,45.3,2.21,40.1,819.5,5.2,15.1,20.3,26.3,794.2,1.95,115.6,0.0,0,1,"time.struct_time(tm_year=2022, tm_mon=4, tm_mday=26, tm_hour=21, tm_min=33, tm_sec=20, tm_wday=1, tm_yday=116, tm_isdst=-1)",2022-04-26,2022,4,116,26,33,21,BUS01
2022-04-26 21:35:50,40.765636,-111.909836,1276.2,-9999.0,-9999.0,-9999.0,13.53,27.79,23.69,8.01,5.0,2.0,27.22,8.0,869.9,0.0,38.9,2.21,40.2,819.1,7.2,3.3,10.5,26.4,794.3,1.95,115.0,0.0,0,1,"time.struct_time(tm_year=2022, tm_mon=4, tm_mday=26, tm_hour=21, tm_min=35, tm_sec=50, tm_wday=1, tm_yday=116, tm_isdst=-1)",2022-04-26,2022,4,116,26,35,21,BUS01
2022-04-26 21:38:20,40.76572,-111.909821,1280.3,-9999.0,-9999.0,-9999.0,13.53,27.87,23.63,7.64,5.0,2.0,27.28,8.0,869.8,0.0,43.5,2.21,40.3,819.4,6.1,5.1,11.2,26.6,794.2,1.95,115.4,0.0,0,1,"time.struct_time(tm_year=2022, tm_mon=4, tm_mday=26, tm_hour=21, tm_min=38, tm_sec=20, tm_wday=1, tm_yday=116, tm_isdst=-1)",2022-04-26,2022,4,116,26,38,21,BUS01
2022-04-26 21:40:50,40.765579,-111.909546,1271.8,-9999.0,-9999.0,-9999.0,13.53,27.95,23.35,8.37,4.0,2.0,27.39,8.0,869.6,0.0,44.1,2.2,40.5,818.9,1.2,-7.4,-6.2,26.8,794.1,1.95,115.4,0.0,0,1,"time.struct_time(tm_year=2022, tm_mon=4, tm_mday=26, tm_hour=21, tm_min=40, tm_sec=50, tm_wday=1, tm_yday=116, tm_isdst=-1)",2022-04-26,2022,4,116,26,40,21,BUS01
2022-04-26 21:43:20,40.765778,-111.909714,1267.6,-9999.0,-9999.0,-9999.0,13.53,28.03,23.47,8.88,5.0,2.0,27.5,9.0,869.7,0.0,44.1,2.21,40.6,819.3,-0.4,9.0,8.6,26.9,794.1,1.95,115.5,0.0,0,1,"time.struct_time(tm_year=2022, tm_mon=4, tm_mday=26, tm_hour=21, tm_min=43, tm_sec=20, tm_wday=1, tm_yday=116, tm_isdst=-1)",2022-04-26,2022,4,116,26,43,21,BUS01
2022-04-26 21:45:50,40.765785,-111.909714,1269.3,-9999.0,-9999.0,-9999.0,13.53,28.11,23.49,8.51,5.0,2.0,27.61,8.0,869.7,0.0,39.2,2.21,40.7,818.9,9.4,-4.5,4.9,27.1,794.2,1.95,115.4,0.0,0,1,"time.struct_time(tm_year=2022, tm_mon=4, tm_mday=26, tm_hour=21, tm_min=45, tm_sec=50, tm_wday=1, tm_yday=116, tm_isdst=-1)",2022-04-26,2022,4,116,26,45,21,BUS01
2022-04-26 21:48:20,40.765854,-111.909904,1287.8,-9999.0,-9999.0,-9999.0,13.53,28.2,23.91,8.75,7.0,2.0,27.72,9.0,869.7,0.0,27.3,2.22,40.8,819.2,34.5,31.9,66.4,27.2,794.0,1.95,115.4,0.0,0,1,"time.struct_time(tm_year=2022, tm_mon=4, tm_mday=26, tm_hour=21, tm_min=48, tm_sec=20, tm_wday=1, tm_yday=116, tm_isdst=-1)",2022-04-26,2022,4,116,26,48,21,BUS01
2022-04-26 21:50:50,40.765942,-111.909904,1310.1,-9999.0,-9999.0,-9999.0,13.53,28.29,24.09,8.45,5.0,2.0,27.78,9.0,869.6,0.0,39.0,2.22,40.9,818.8,3.0,3.2,6.2,27.4,794.1,1.95,115.2,0.0,0,1,"time.struct_time(tm_year=2022, tm_mon=4, tm_mday=26, tm_hour=21, tm_min=50, tm_sec=50, tm_wday=1, tm_yday=116, tm_isdst=-1)",2022-04-26,2022,4,116,26,50,21,BUS01
2022-04-26 21:53:20,40.765705,-111.909843,1295.0,-9999.0,-9999.0,-9999.0,13.53,28.38,23.85,8.57,6.0,2.0,27.89,8.0,869.6,0.0,38.3,2.23,41.0,819.2,6.0,0.7,6.7,27.5,794.3,1.95,115.2,0.0,0,1,"time.struct_time(tm_year=2022, tm_mon=4, tm_mday=26, tm_hour=21, tm_min=53, tm_sec=20, tm_wday=1, tm_yday=116, tm_isdst=-1)",2022-04-26,2022,4,116,26,53,21,BUS01
2022-04-26 21:55:50,40.765671,-111.909798,1275.8,-9999.0,-9999.0,-9999.0,13.53,28.46,23.55,8.4,5.0,2.0,27.89,8.0,869.5,0.0,40.7,2.23,41.1,818.7,-3.4,1.6,-1.8,27.7,794.1,1.95,115.4,0.0,0,1,"time.struct_time(tm_year=2022, tm_mon=4, tm_mday=26, tm_hour=21, tm_min=55, tm_sec=50, tm_wday=1, tm_yday=116, tm_isdst=-1)",2022-04-26,2022,4,116,26,55,21,BUS01
2022-04-26 21:59:25,40.765709,-111.909721,1266.5,-9999.0,-9999.0,-9999.0,13.53,28.56,23.27,8.6,5.0,2.0,27.89,8.0,869.6,0.0,6.4,2.22,41.2,819.1,204.7,42.0,246.7,27.9,794.2,2.01,114.5,0.0,0,1,"time.struct_time(tm_year=2022, tm_mon=4, tm_mday=26, tm_hour=21, tm_min=59, tm_sec=25, tm_wday=1, tm_yday=116, tm_isdst=-1)",2022-04-26,2022,4,116,26,59,21,BUS01
2022-04-26 22:01:55,40.765598,-111.909714,1254.7,-9999.0,-9999.0,-9999.0,13.53,28.62,23.11,8.89,5.0,2.0,28.0,8.0,869.6,0.0,9.3,2.23,41.3,818.7,186.8,42.3,229.1,28.0,794.2,2.01,114.6,0.0,0,1,"time.struct_time(tm_year=2022, tm_mon=4, tm_mday=26, tm_hour=22, tm_min=1, tm_sec=55, tm_wday=1, tm_yday=116, tm_isdst=-1)",2022-04-26,2022,4,116,26,1,22,BUS01
2022-04-26 22:04:25,40.765697,-111.909668,1247.7,-9999.0,-9999.0,-9999.0,13.53,28.67,22.99,8.87,4.0,2.0,28.0,8.0,870.0,0.0,21.9,2.22,41.4,819.2,20.8,15.5,36.3,28.2,794.3,2.01,114.5,0.0,0,1,"time.struct_time(tm_year=2022, tm_mon=4, tm_mday=26, tm_hour=22, tm_min=4, tm_sec=25, tm_wday=1, tm_yday=116, tm_isdst=-1)",2022-04-26,2022,4,116,26,4,22,BUS01
2022-04-26 22:06:55,40.765617,-111.909767,1244.9,-9999.0,-9999.0,-9999.0,13.53,28.71,22.95,9.13,5.0,2.0,28.11,8.0,870.0,0.0,33.7,2.23,41.5,818.6,14.8,11.2,26.0,28.3,794.0,2.01,114.8,0.0,0,1,"time.struct_time(tm_year=2022, tm_mon=4, tm_mday=26, tm_hour=22, tm_min=6, tm_sec=55, tm_wday=1, tm_yday=116, tm_isdst=-1)",2022-04-26,2022,4,116,26,6,22,BUS01
2022-04-26 22:09:25,40.765591,-111.909782,1268.9,-9999.0,-9999.0,-9999.0,13.53,28.75,22.94,9.51,6.0,2.0,28.11,8.0,869.6,0.0,32.4,2.24,41.5,819.1,12.0,11.2,23.2,28.4,794.1,2.01,114.8,0.0,0,1,"time.struct_time(tm_year=2022, tm_mon=4, tm_mday=26, tm_hour=22, tm_min=9, tm_sec=25, tm_wday=1, tm_yday=116, tm_isdst=-1)",2022-04-26,2022,4,116,26,9,22,BUS01
2022-04-26 22:11:55,40.765606,-111.909706,1247.2,-9999.0,-9999.0,-9999.0,13.53,28.79,22.99,8.89,5.0,2.0,28.11,8.0,869.9,0.0,39.0,2.23,41.6,818.7,4.0,1.9,5.9,28.6,794.3,2.01,114.4,0.0,0,1,"time.struct_time(tm_year=2022, tm_mon=4, tm_mday=26, tm_hour=22, tm_min=11, tm_sec=55, tm_wday=1, tm_yday=116, tm_isdst=-1)",2022-04-26,2022,4,116,26,11,22,BUS01
2022-04-26 22:14:25,40.765671,-111.90976,1265.1,-9999.0,-9999.0,-9999.0,13.53,28.83,22.8,8.85,6.0,2.0,28.22,8.0,870.0,0.0,47.1,2.23,41.7,819.1,11.0,-2.7,8.3,28.7,794.2,2.01,114.7,0.0,0,1,"time.struct_time(tm_year=2022, tm_mon=4, tm_mday=26, tm_hour=22, tm_min=14, tm_sec=25, tm_wday=1, tm_yday=116, tm_isdst=-1)",2022-04-26,2022,4,116,26,14,22,BUS01
2022-04-26 22:16:55,40.765656,-111.909683,1292.7,-9999.0,-9999.0,-9999.0,13.53,28.87,22.66,9.27,5.0,2.0,28.22,8.0,869.7,0.0,39.8,2.23,41.7,818.6,5.6,2.1,7.7,28.8,794.2,2.01,114.6,0.0,0,1,"time.struct_time(tm_year=2022, tm_mon=4, tm_mday=26, tm_hour=22, tm_min=16, tm_sec=55, tm_wday=1, tm_yday=116, tm_isdst=-1)",2022-04-26,2022,4,116,26,16,22,BUS01
2022-04-26 22:19:25,40.765759,-111.90963,1286.1,-9999.0,-9999.0,-9999.0,13.53,28.89,22.46,9.45,6.0,2.0,28.22,8.0,869.7,0.0,40.0,2.23,41.8,819.1,-7.6,3.3,-4.3,28.9,794.2,2.01,114.7,0.0,0,1,"time.struct_time(tm_year=2022, tm_mon=4, tm_mday=26, tm_hour=22, tm_min=19, tm_sec=25, tm_wday=1, tm_yday=116, tm_isdst=-1)",2022-04-26,2022,4,116,26,19,22,BUS01
2022-04-26 22:21:55,40.765743,-111.909714,1281.8,-9999.0,-9999.0,-9999.0,13.53,28.91,22.49,9.39,5.0,2.0,28.22,8.0,870.0,0.0,43.0,2.22,41.9,818.6,-5.4,13.9,8.5,29.1,794.2,2.01,114.8,0.0,0,1,"time.struct_time(tm_year=2022, tm_mon=4, tm_mday=26, tm_hour=22, tm_min=21, tm_sec=55, tm_wday=1, tm_yday=116, tm_isdst=-1)",2022-04-26,2022,4,116,26,21,22,BUS01
2022-04-26 22:24:25,40.765697,-111.90976,1277.0,-9999.0,-9999.0,-9999.0,13.53,28.92,22.37,9.33,4.0,2.0,28.22,8.0,869.7,0.0,38.8,2.23,41.9,819.1,-0.8,-1.3,-2.1,29.2,794.2,2.01,114.8,0.0,0,1,"time.struct_time(tm_year=2022, tm_mon=4, tm_mday=26, tm_hour=22, tm_min=24, tm_sec=25, tm_wday=1, tm_yday=116, tm_isdst=-1)",2022-04-26,2022,4,116,26,24,22,BUS01
2022-04-26 22:26:55,40.765659,-111.90979,1276.8,-9999.0,-9999.0,-9999.0,13.53,28.94,22.34,9.71,21.0,2.0,28.11,8.0,869.8,0.0,4.3,2.23,41.9,818.5,86.1,44.4,130.5,29.3,794.1,2.01,114.6,0.0,0,1,"time.struct_time(tm_year=2022, tm_mon=4, tm_mday=26, tm_hour=22, tm_min=26, tm_sec=55, tm_wday=1, tm_yday=116, tm_isdst=-1)",2022-04-26,2022,4,116,26,26,22,BUS01
2022-04-26 22:29:25,40.765694,-111.909706,1275.6,-9999.0,-9999.0,-9999.0,13.53,28.95,22.28,9.79,7.0,2.0,28.11,8.0,869.7,0.0,30.1,2.23,42.0,819.0,10.0,7.9,17.9,29.4,794.1,2.01,114.7,0.0,0,1,"time.struct_time(tm_year=2022, tm_mon=4, tm_mday=26, tm_hour=22, tm_min=29, tm_sec=25, tm_wday=1, tm_yday=116, tm_isdst=-1)",2022-04-26,2022,4,116,26,29,22,BUS01
2022-04-26 22:31:55,40.765667,-111.909569,1266.1,-9999.0,-9999.0,-9999.0,13.53,28.96,22.2,9.65,6.0,2.0,28.11,8.0,870.1,0.0,51.3,2.23,42.0,818.7,4.6,2.5,7.1,29.5,794.3,2.01,114.6,0.0,0,1,"time.struct_time(tm_year=2022, tm_mon=4, tm_mday=26, tm_hour=22, tm_min=31, tm_sec=55, tm_wday=1, tm_yday=116, tm_isdst=-1)",2022-04-26,2022,4,116,26,31,22,BUS01
2022-04-26 22:34:25,40.76564,-111.909615,1264.4,-9999.0,-9999.0,-9999.0,13.53,28.96,22.07,9.61,5.0,2.0,28.11,8.0,869.9,0.0,39.6,2.23,42.1,819.1,-0.6,8.8,8.2,29.6,794.3,2.01,115.1,0.0,0,1,"time.struct_time(tm_year=2022, tm_mon=4, tm_mday=26, tm_hour=22, tm_min=34, tm_sec=25, tm_wday=1, tm_yday=116, tm_isdst=-1)",2022-04-26,2022,4,116,26,34,22,BUS01
2022-04-26 22:36:55,40.765579,-111.909714,1258.0,-9999.0,-9999.0,-9999.0,13.53,28.95,21.92,9.93,4.0,2.0,28.11,8.0,870.0,0.0,41.3,2.24,42.1,818.7,3.4,14.3,17.7,29.7,794.3,2.01,115.3,0.0,0,1,"time.struct_time(tm_year=2022, tm_mon=4, tm_mday=26, tm_hour=22, tm_min=36, tm_sec=55, tm_wday=1, tm_yday=116, tm_isdst=-1)",2022-04-26,2022,4,116,26,36,22,BUS01
2022-04-26 22:39:25,40.76569,-111.909691,1252.6,-9999.0,-9999.0,-9999.0,13.53,28.94,21.8,9.97,5.0,2.0,28.0,8.0,870.0,0.0,42.3,2.24,42.1,819.1,1.0,0.8,1.8,29.8,794.2,2.01,114.9,0.0,0,1,"time.struct_time(tm_year=2022, tm_mon=4, tm_mday=26, tm_hour=22, tm_min=39, tm_sec=25, tm_wday=1, tm_yday=116, tm_isdst=-1)",2022-04-26,2022,4,116,26,39,22,BUS01
2022-04-26 22:41:55,40.765617,-111.909744,1266.6,-9999.0,-9999.0,-9999.0,13.53,28.93,21.74,10.05,4.0,2.0,27.89,8.0,870.1,0.0,36.1,2.24,42.1,818.7,6.2,-3.9,2.3,29.9,794.2,2.01,115.0,0.0,0,1,"time.struct_time(tm_year=2022, tm_mon=4, tm_mday=26, tm_hour=22, tm_min=41, tm_sec=55, tm_wday=1, tm_yday=116, tm_isdst=-1)",2022-04-26,2022,4,116,26,41,22,BUS01
2022-04-26 22:44:25,40.765659,-111.909821,1281.9,-9999.0,-9999.0,-9999.0,13.53,28.91,21.68,9.89,5.0,2.0,27.78,8.0,870.0,0.0,38.0,2.23,42.1,819.1,1.0,-2.8,-1.8,30.0,794.2,2.01,115.0,0.0,0,1,"time.struct_time(tm_year=2022, tm_mon=4, tm_mday=26, tm_hour=22, tm_min=44, tm_sec=25, tm_wday=1, tm_yday=116, tm_isdst=-1)",2022-04-26,2022,4,116,26,44,22,BUS01
2022-04-26 22:46:55,40.765293,-111.908188,1285.2,-9999.0,-9999.0,-9999.0,13.53,28.89,21.78,9.63,9.0,2.0,27.78,8.0,869.9,0.0,47.2,2.24,42.2,817.6,67.8,308.1,375.9,30.1,794.2,2.01,114.9,0.0,0,1,"time.struct_time(tm_year=2022, tm_mon=4, tm_mday=26, tm_hour=22, tm_min=46, tm_sec=55, tm_wday=1, tm_yday=116, tm_isdst=-1)",2022-04-26,2022,4,116,26,46,22,BUS01
2022-04-26 22:49:25,40.761124,-111.905418,1283.4,-9999.0,-9999.0,-9999.0,13.53,28.87,22.06,9.39,9.0,2.0,27.61,7.0,869.7,0.0,48.1,2.24,42.2,817.5,30.5,-13.2,17.3,30.2,794.1,2.02,114.9,0.0,0,1,"time.struct_time(tm_year=2022, tm_mon=4, tm_mday=26, tm_hour=22, tm_min=49, tm_sec=25, tm_wday=1, tm_yday=116, tm_isdst=-1)",2022-04-26,2022,4,116,26,49,22,BUS01
2022-04-26 22:51:55,40.758419,-111.905914,1289.8,-9999.0,-9999.0,-9999.0,13.53,28.84,22.22,10.11,6.0,2.0,27.5,8.0,869.7,0.0,39.5,2.22,42.2,817.8,-69.6,6.1,-63.5,30.2,794.1,2.01,115.7,0.0,0,0,"time.struct_time(tm_year=2022, tm_mon=4, tm_mday=26, tm_hour=22, tm_min=51, tm_sec=55, tm_wday=1, tm_yday=116, tm_isdst=-1)",2022-04-26,2022,4,116,26,51,22,BUS01
2022-04-26 22:54:25,40.735146,-111.905113,1302.1,-9999.0,-9999.0,-9999.0,13.53,28.76,22.6,9.57,6.0,2.0,27.28,7.0,868.5,0.0,46.2,2.22,42.2,816.1,60.8,-3.2,57.6,30.3,793.2,2.02,117.1,0.0,0,0,"time.struct_time(tm_year=2022, tm_mon=4, tm_mday=26, tm_hour=22, tm_min=54, tm_sec=25, tm_wday=1, tm_yday=116, tm_isdst=-1)",2022-04-26,2022,4,116,26,54,22,BUS01
2022-04-26 22:56:55,40.700668,-111.903046,1298.1,-9999.0,-9999.0,-9999.0,13.52,28.58,22.58,9.69,8.0,2.0,27.0,7.0,869.4,0.0,48.9,2.24,42.1,817.0,-3.7,47.3,43.6,30.4,794.0,2.02,115.0,0.0,0,0,"time.struct_time(tm_year=2022, tm_mon=4, tm_mday=26, tm_hour=22, tm_min=56, tm_sec=55, tm_wday=1, tm_yday=116, tm_isdst=-1)",2022-04-26,2022,4,116,26,56,22,BUS01
2022-04-26 23:00:30,40.693165,-111.912148,1299.8,-9999.0,-9999.0,-9999.0,13.53,28.48,22.96,11.01,4.0,2.0,26.89,8.0,869.1,0.0,45.0,2.23,42.1,816.1,169.6,-0.3,169.3,30.5,793.5,1.96,114.7,0.0,0,0,"time.struct_time(tm_year=2022, tm_mon=4, tm_mday=26, tm_hour=23, tm_min=0, tm_sec=30, tm_wday=1, tm_yday=116, tm_isdst=-1)",2022-04-26,2022,4,116,26,0,23,BUS01
2022-04-26 23:03:00,40.694283,-111.914543,1301.8,-9999.0,-9999.0,-9999.0,13.53,28.47,23.75,8.89,5.0,2.0,26.89,8.0,869.2,0.0,55.0,2.22,42.1,816.8,3.1,0.3,3.4,30.5,793.4,1.96,114.7,0.0,0,0,"time.struct_time(tm_year=2022, tm_mon=4, tm_mday=26, tm_hour=23, tm_min=3, tm_sec=0, tm_wday=1, tm_yday=116, tm_isdst=-1)",2022-04-26,2022,4,116,26,3,23,BUS01
