Timestamp_UTC,Latitude_ddeg,Longitude_ddeg,Elevation_m,GPS_Speed_m/s,GPS_Direction_deg,GPS_RMC_Valid_binary,Battery_Voltage_volts,Bus_Box_Temperature_degC,Bus_Top_Temperature_degC,Bus_Top_Relative_Humidity_%,ES642_PM2.5_Concentration_ug/m3,ES642_Air_Flow_Rate_L/min,ES642_Internal_Air_Temperature_degC,ES642_Internal_Relative_Humidity_%,ES642_Internal_Air_Pressure_hpa,ES642_Error_Code_code,2B_Ozone_Concentration_ppbv,2B_Air_Flow_Rate_L/min,2B_Internal_Air_Temperature_degC,2B_Internal_Air_Pressure_hpa,2B405_NO_Concentration_ppbv,2B405_NO2_Concentration_ppbv,2B405_NOX_Concentration_ppbv,2B405_Internal_Air_Temperature_degC,2B405_Internal_Air_Pressure_hpa,2B405_Air_Flow_Rate_L/min,2B405_Cell_O3_Flow_Rate_mL/min,PM2.5_Data_Flagged_binary,Ozone_Data_Flagged_binary,GPS_Data_Flagged_binary,Time_Tuple,Date,Year,Month,Day_of_Year,Day_of_Month,Minute,Hour
2023-09-01 04:27:05,40.760002,-111.910454,1320.9,0.0,254.4,1.0,13.52,32.74,30.68,17.81,11.0,2.0,33.0,16.0,865.8,0.0,29.1,2.5,34.7,803.3,-9999.0,-9999.0,-9999.0,-9999.0,-9999.0,-9999.0,-9999.0,0.0,0,1,"time.struct_time(tm_year=2023, tm_mon=9, tm_mday=1, tm_hour=4, tm_min=27, tm_sec=5, tm_wday=4, tm_yday=244, tm_isdst=-1)",2023-09-01,2023,9,244,1,27,4
2023-09-01 04:29:35,40.7617,-111.910797,1296.8,0.0,132.6,1.0,13.53,32.69,30.54,18.19,7.0,2.0,32.89,17.0,865.7,0.0,30.3,2.51,36.1,803.3,-9999.0,-9999.0,-9999.0,-9999.0,-9999.0,-9999.0,-9999.0,0.0,0,1,"time.struct_time(tm_year=2023, tm_mon=9, tm_mday=1, tm_hour=4, tm_min=29, tm_sec=35, tm_wday=4, tm_yday=244, tm_isdst=-1)",2023-09-01,2023,9,244,1,29,4
2023-09-01 04:32:05,40.7617,-111.910797,1296.8,0.0,132.6,1.0,13.52,32.64,30.48,18.27,3.0,2.0,32.78,17.0,865.6,0.0,18.9,2.52,37.2,803.3,-9999.0,-9999.0,-9999.0,-9999.0,-9999.0,-9999.0,-9999.0,0.0,0,1,"time.struct_time(tm_year=2023, tm_mon=9, tm_mday=1, tm_hour=4, tm_min=32, tm_sec=5, tm_wday=4, tm_yday=244, tm_isdst=-1)",2023-09-01,2023,9,244,1,32,4
2023-09-01 04:34:35,40.761688,-111.910789,1294.1,0.0,132.6,1.0,13.53,32.63,30.3,18.19,3.0,2.0,32.78,16.0,865.6,0.0,15.0,2.52,38.1,803.3,0.0,0.0,0.0,34.0,786.5,2.1,144.8,0.0,0,1,"time.struct_time(tm_year=2023, tm_mon=9, tm_mday=1, tm_hour=4, tm_min=34, tm_sec=35, tm_wday=4, tm_yday=244, tm_isdst=-1)",2023-09-01,2023,9,244,1,34,4
2023-09-01 04:37:05,40.761757,-111.910866,1294.4,0.0,132.6,1.0,13.53,32.62,30.35,18.24,3.0,2.0,32.89,16.0,865.9,0.0,17.3,2.53,38.9,803.3,15.3,27.8,43.1,34.0,786.5,2.09,144.9,0.0,0,1,"time.struct_time(tm_year=2023, tm_mon=9, tm_mday=1, tm_hour=4, tm_min=37, tm_sec=5, tm_wday=4, tm_yday=244, tm_isdst=-1)",2023-09-01,2023,9,244,1,37,4
2023-09-01 04:39:35,40.761688,-111.910973,1292.9,0.0,132.6,1.0,13.02,32.63,30.36,18.22,3.0,2.0,33.0,16.0,865.7,0.0,13.7,2.54,39.6,803.3,22.8,32.0,54.8,34.1,786.4,2.09,145.1,0.0,0,1,"time.struct_time(tm_year=2023, tm_mon=9, tm_mday=1, tm_hour=4, tm_min=39, tm_sec=35, tm_wday=4, tm_yday=244, tm_isdst=-1)",2023-09-01,2023,9,244,1,39,4
2023-09-01 04:42:05,40.761688,-111.910805,1291.3,0.0,51.8,1.0,13.52,32.66,30.44,18.14,2.0,2.0,33.11,16.0,865.7,0.0,19.5,2.54,40.2,803.3,20.2,33.4,53.6,34.1,786.4,2.09,145.1,0.0,0,1,"time.struct_time(tm_year=2023, tm_mon=9, tm_mday=1, tm_hour=4, tm_min=42, tm_sec=5, tm_wday=4, tm_yday=244, tm_isdst=-1)",2023-09-01,2023,9,244,1,42,4
2023-09-01 04:44:35,40.76178,-111.910873,1290.6,0.0,51.8,1.0,13.53,32.69,30.4,18.17,4.0,2.0,33.22,16.0,865.8,0.0,17.9,2.54,40.7,803.4,12.9,19.5,32.3,34.1,786.3,2.09,145.2,0.0,0,1,"time.struct_time(tm_year=2023, tm_mon=9, tm_mday=1, tm_hour=4, tm_min=44, tm_sec=35, tm_wday=4, tm_yday=244, tm_isdst=-1)",2023-09-01,2023,9,244,1,44,4
2023-09-01 04:47:05,40.761822,-111.910728,1292.3,0.0,64.2,1.0,13.53,32.74,30.4,18.17,3.0,2.0,33.28,16.0,865.9,0.0,25.8,2.55,41.2,803.4,12.0,17.8,29.9,34.2,786.2,2.09,145.3,0.0,0,1,"time.struct_time(tm_year=2023, tm_mon=9, tm_mday=1, tm_hour=4, tm_min=47, tm_sec=5, tm_wday=4, tm_yday=244, tm_isdst=-1)",2023-09-01,2023,9,244,1,47,4
2023-09-01 04:49:35,40.761791,-111.910759,1293.4,0.0,299.8,1.0,13.53,32.79,30.41,18.21,2.0,2.0,33.39,16.0,865.9,0.0,22.4,2.56,41.6,803.4,6.4,14.6,21.0,34.3,786.3,2.09,145.2,0.0,0,1,"time.struct_time(tm_year=2023, tm_mon=9, tm_mday=1, tm_hour=4, tm_min=49, tm_sec=35, tm_wday=4, tm_yday=244, tm_isdst=-1)",2023-09-01,2023,9,244,1,49,4
2023-09-01 04:52:05,40.761822,-111.910805,1293.1,0.0,299.8,1.0,13.52,32.85,30.42,18.17,2.0,2.0,33.39,16.0,865.9,0.0,25.6,2.56,42.0,803.4,21.2,20.1,41.3,34.3,786.4,2.09,145.2,0.0,0,1,"time.struct_time(tm_year=2023, tm_mon=9, tm_mday=1, tm_hour=4, tm_min=52, tm_sec=5, tm_wday=4, tm_yday=244, tm_isdst=-1)",2023-09-01,2023,9,244,1,52,4
2023-09-01 04:54:35,40.761696,-111.91082,1292.3,0.0,299.8,1.0,13.52,32.91,30.42,18.23,3.0,2.0,33.5,16.0,865.7,0.0,19.7,2.56,42.4,803.4,25.3,21.8,47.2,34.4,786.2,2.09,145.2,0.0,0,1,"time.struct_time(tm_year=2023, tm_mon=9, tm_mday=1, tm_hour=4, tm_min=54, tm_sec=35, tm_wday=4, tm_yday=244, tm_isdst=-1)",2023-09-01,2023,9,244,1,54,4
2023-09-01 04:57:05,40.7617,-111.910774,1292.3,0.0,299.8,1.0,13.52,32.97,30.4,18.27,2.0,2.0,33.61,16.0,865.8,0.0,17.5,2.55,42.7,803.4,20.9,23.8,44.7,34.5,786.3,2.09,145.2,0.0,0,1,"time.struct_time(tm_year=2023, tm_mon=9, tm_mday=1, tm_hour=4, tm_min=57, tm_sec=5, tm_wday=4, tm_yday=244, tm_isdst=-1)",2023-09-01,2023,9,244,1,57,4
2023-09-01 04:59:35,40.761742,-111.910713,1290.8,0.0,299.8,1.0,13.52,33.04,30.42,18.19,2.0,2.0,33.72,16.0,865.7,0.0,21.2,2.56,43.0,803.4,21.7,23.4,45.0,34.5,786.3,2.09,145.1,0.0,0,1,"time.struct_time(tm_year=2023, tm_mon=9, tm_mday=1, tm_hour=4, tm_min=59, tm_sec=35, tm_wday=4, tm_yday=244, tm_isdst=-1)",2023-09-01,2023,9,244,1,59,4
2023-09-01 05:02:05,40.761723,-111.910721,1289.5,0.0,299.8,1.0,13.53,33.1,30.4,18.23,2.0,2.0,33.78,16.0,866.0,0.0,25.9,2.56,43.2,803.5,21.0,16.3,37.4,34.6,786.2,2.09,145.2,0.0,0,1,"time.struct_time(tm_year=2023, tm_mon=9, tm_mday=1, tm_hour=5, tm_min=2, tm_sec=5, tm_wday=4, tm_yday=244, tm_isdst=-1)",2023-09-01,2023,9,244,1,2,5
2023-09-01 05:04:35,40.761696,-111.910713,1287.8,0.0,299.8,1.0,13.53,33.16,30.4,18.21,2.0,2.0,33.89,15.0,865.7,0.0,18.5,2.56,43.5,803.4,22.2,22.1,44.3,34.7,786.2,2.08,145.3,0.0,0,1,"time.struct_time(tm_year=2023, tm_mon=9, tm_mday=1, tm_hour=5, tm_min=4, tm_sec=35, tm_wday=4, tm_yday=244, tm_isdst=-1)",2023-09-01,2023,9,244,1,4,5
2023-09-01 05:07:05,40.761715,-111.91069,1253.3,0.0,299.8,1.0,13.52,33.22,30.41,18.2,3.0,2.0,34.0,15.0,865.8,0.0,16.4,2.58,43.7,803.4,24.4,22.4,46.9,34.8,786.1,2.09,145.3,0.0,0,1,"time.struct_time(tm_year=2023, tm_mon=9, tm_mday=1, tm_hour=5, tm_min=7, tm_sec=5, tm_wday=4, tm_yday=244, tm_isdst=-1)",2023-09-01,2023,9,244,1,7,5
2023-09-01 05:09:35,40.761597,-111.91069,1259.8,0.0,299.8,1.0,13.52,33.27,30.45,18.13,2.0,2.0,34.11,15.0,865.8,0.0,16.8,2.57,43.9,803.5,23.1,24.3,47.4,34.9,786.1,2.09,145.4,0.0,0,1,"time.struct_time(tm_year=2023, tm_mon=9, tm_mday=1, tm_hour=5, tm_min=9, tm_sec=35, tm_wday=4, tm_yday=244, tm_isdst=-1)",2023-09-01,2023,9,244,1,9,5
2023-09-01 05:12:05,40.761593,-111.91069,1260.1,0.0,299.8,1.0,13.52,33.33,30.4,18.06,3.0,2.0,34.11,15.0,865.9,0.0,14.3,2.56,44.1,803.5,15.1,23.6,38.7,35.0,786.1,2.08,145.3,0.0,0,1,"time.struct_time(tm_year=2023, tm_mon=9, tm_mday=1, tm_hour=5, tm_min=12, tm_sec=5, tm_wday=4, tm_yday=244, tm_isdst=-1)",2023-09-01,2023,9,244,1,12,5
2023-09-01 05:14:35,40.761581,-111.910698,1255.7,0.0,299.8,1.0,13.52,33.38,30.38,18.09,3.0,2.0,34.22,15.0,865.9,0.0,5.8,2.56,44.3,803.5,26.3,31.6,57.9,35.1,786.1,2.08,145.3,0.0,0,1,"time.struct_time(tm_year=2023, tm_mon=9, tm_mday=1, tm_hour=5, tm_min=14, tm_sec=35, tm_wday=4, tm_yday=244, tm_isdst=-1)",2023-09-01,2023,9,244,1,14,5
2023-09-01 05:17:05,40.761581,-111.910698,1255.3,0.0,299.8,1.0,13.53,33.44,30.38,17.92,3.0,2.0,34.28,15.0,866.0,0.0,13.0,2.56,44.5,803.6,33.0,36.5,69.4,35.2,786.1,2.09,145.5,0.0,0,1,"time.struct_time(tm_year=2023, tm_mon=9, tm_mday=1, tm_hour=5, tm_min=17, tm_sec=5, tm_wday=4, tm_yday=244, tm_isdst=-1)",2023-09-01,2023,9,244,1,17,5
2023-09-01 05:19:35,40.761581,-111.910698,1255.5,0.0,299.8,1.0,13.52,33.49,30.4,17.71,3.0,2.0,34.28,15.0,865.9,0.0,19.8,2.57,44.7,803.6,10.9,24.8,35.7,35.3,786.1,2.09,145.3,0.0,0,1,"time.struct_time(tm_year=2023, tm_mon=9, tm_mday=1, tm_hour=5, tm_min=19, tm_sec=35, tm_wday=4, tm_yday=244, tm_isdst=-1)",2023-09-01,2023,9,244,1,19,5
2023-09-01 05:22:05,40.761574,-111.91069,1256.0,0.0,299.8,1.0,13.53,33.55,30.4,17.57,2.0,2.0,34.39,15.0,866.2,0.0,20.3,2.57,44.9,803.5,15.7,20.2,35.8,35.4,786.1,2.08,145.4,0.0,0,1,"time.struct_time(tm_year=2023, tm_mon=9, tm_mday=1, tm_hour=5, tm_min=22, tm_sec=5, tm_wday=4, tm_yday=244, tm_isdst=-1)",2023-09-01,2023,9,244,1,22,5
2023-09-01 05:24:35,40.761608,-111.910797,1254.2,0.0,299.8,1.0,13.49,33.6,30.47,17.57,3.0,2.0,34.5,14.0,866.2,0.0,22.9,2.56,45.0,803.7,14.8,22.3,37.1,35.5,786.1,2.08,145.4,0.0,0,1,"time.struct_time(tm_year=2023, tm_mon=9, tm_mday=1, tm_hour=5, tm_min=24, tm_sec=35, tm_wday=4, tm_yday=244, tm_isdst=-1)",2023-09-01,2023,9,244,1,24,5
2023-09-01 05:28:10,40.761703,-111.910744,1251.0,0.0,299.8,1.0,13.49,33.69,30.45,17.11,2.0,2.0,34.61,14.0,866.0,0.0,14.5,2.57,45.2,803.6,9.4,17.6,27.0,35.6,786.2,2.07,146.9,0.0,0,1,"time.struct_time(tm_year=2023, tm_mon=9, tm_mday=1, tm_hour=5, tm_min=28, tm_sec=10, tm_wday=4, tm_yday=244, tm_isdst=-1)",2023-09-01,2023,9,244,1,28,5
2023-09-01 05:30:40,40.761681,-111.910728,1253.3,0.0,299.8,1.0,13.49,33.75,30.47,16.71,3.0,2.0,34.61,14.0,865.9,0.0,30.2,2.58,45.3,803.6,10.6,19.8,30.4,35.7,786.0,2.08,147.1,0.0,0,1,"time.struct_time(tm_year=2023, tm_mon=9, tm_mday=1, tm_hour=5, tm_min=30, tm_sec=40, tm_wday=4, tm_yday=244, tm_isdst=-1)",2023-09-01,2023,9,244,1,30,5
2023-09-01 05:33:10,40.761673,-111.910728,1254.3,0.0,299.8,1.0,13.49,33.8,30.58,16.49,3.0,2.0,34.72,14.0,866.3,0.0,31.3,2.58,45.5,803.6,10.6,15.0,25.6,35.8,786.2,2.07,147.1,0.0,0,1,"time.struct_time(tm_year=2023, tm_mon=9, tm_mday=1, tm_hour=5, tm_min=33, tm_sec=10, tm_wday=4, tm_yday=244, tm_isdst=-1)",2023-09-01,2023,9,244,1,33,5
2023-09-01 05:35:40,40.761681,-111.910744,1258.7,0.0,299.8,1.0,13.49,33.86,30.55,16.39,2.0,2.0,34.78,14.0,866.0,0.0,32.1,2.57,45.6,803.7,6.4,11.6,18.0,35.9,786.0,2.08,147.3,0.0,0,1,"time.struct_time(tm_year=2023, tm_mon=9, tm_mday=1, tm_hour=5, tm_min=35, tm_sec=40, tm_wday=4, tm_yday=244, tm_isdst=-1)",2023-09-01,2023,9,244,1,35,5
2023-09-01 05:38:10,40.7616,-111.910683,1296.6,0.0,174.6,1.0,13.49,33.96,30.57,16.53,3.0,2.0,34.78,14.0,866.1,0.0,27.4,2.56,45.7,803.6,15.3,21.4,36.7,36.0,786.0,2.07,147.2,0.0,0,1,"time.struct_time(tm_year=2023, tm_mon=9, tm_mday=1, tm_hour=5, tm_min=38, tm_sec=10, tm_wday=4, tm_yday=244, tm_isdst=-1)",2023-09-01,2023,9,244,1,38,5
2023-09-01 05:40:40,40.761528,-111.91069,1284.4,0.0,173.7,1.0,13.49,34.05,30.63,16.43,3.0,2.0,34.89,13.0,866.1,0.0,14.1,2.57,45.8,803.6,19.8,14.1,33.9,36.1,786.0,2.07,147.2,0.0,0,1,"time.struct_time(tm_year=2023, tm_mon=9, tm_mday=1, tm_hour=5, tm_min=40, tm_sec=40, tm_wday=4, tm_yday=244, tm_isdst=-1)",2023-09-01,2023,9,244,1,40,5
2023-09-01 05:43:10,40.761883,-111.910469,1286.2,0.0,33.4,1.0,13.49,34.12,30.69,16.39,2.0,2.0,35.0,13.0,866.1,0.0,19.0,2.58,45.9,803.6,31.4,27.0,58.4,36.2,786.0,2.07,147.3,0.0,0,1,"time.struct_time(tm_year=2023, tm_mon=9, tm_mday=1, tm_hour=5, tm_min=43, tm_sec=10, tm_wday=4, tm_yday=244, tm_isdst=-1)",2023-09-01,2023,9,244,1,43,5
2023-09-01 05:45:40,40.761646,-111.910706,1279.9,0.36,195.4,1.0,13.49,34.18,30.75,16.37,2.0,2.0,35.11,13.0,866.2,0.0,25.3,2.59,46.0,803.5,10.2,22.1,32.3,36.3,786.0,2.07,147.3,0.0,0,1,"time.struct_time(tm_year=2023, tm_mon=9, tm_mday=1, tm_hour=5, tm_min=45, tm_sec=40, tm_wday=4, tm_yday=244, tm_isdst=-1)",2023-09-01,2023,9,244,1,45,5
2023-09-01 05:48:10,40.761703,-111.910789,1233.8,0.0,195.4,1.0,13.48,34.22,30.82,16.37,2.0,2.0,35.22,13.0,866.1,0.0,27.6,2.58,46.1,803.5,10.0,14.7,24.8,36.4,785.9,2.07,147.2,0.0,0,1,"time.struct_time(tm_year=2023, tm_mon=9, tm_mday=1, tm_hour=5, tm_min=48, tm_sec=10, tm_wday=4, tm_yday=244, tm_isdst=-1)",2023-09-01,2023,9,244,1,48,5
2023-09-01 05:50:40,40.761726,-111.91069,1281.3,0.0,195.4,1.0,13.49,34.26,30.79,16.37,1.0,2.0,35.22,13.0,865.9,0.0,26.0,2.57,46.2,803.5,13.7,14.1,27.8,36.5,785.8,2.07,147.3,0.0,0,1,"time.struct_time(tm_year=2023, tm_mon=9, tm_mday=1, tm_hour=5, tm_min=50, tm_sec=40, tm_wday=4, tm_yday=244, tm_isdst=-1)",2023-09-01,2023,9,244,1,50,5
2023-09-01 05:53:10,40.761372,-111.910622,1299.7,0.0,171.1,1.0,13.49,34.3,30.79,16.37,2.0,2.0,35.28,13.0,866.0,0.0,37.0,2.6,46.3,803.5,1.8,9.1,10.9,36.6,785.9,2.07,147.3,0.0,0,1,"time.struct_time(tm_year=2023, tm_mon=9, tm_mday=1, tm_hour=5, tm_min=53, tm_sec=10, tm_wday=4, tm_yday=244, tm_isdst=-1)",2023-09-01,2023,9,244,1,53,5
2023-09-01 05:55:40,40.761414,-111.910645,1299.3,0.0,171.1,1.0,13.49,34.33,30.77,16.45,2.0,2.0,35.39,13.0,865.9,0.0,30.2,2.57,46.4,803.5,3.7,3.5,7.3,36.7,785.8,2.08,147.4,0.0,0,1,"time.struct_time(tm_year=2023, tm_mon=9, tm_mday=1, tm_hour=5, tm_min=55, tm_sec=40, tm_wday=4, tm_yday=244, tm_isdst=-1)",2023-09-01,2023,9,244,1,55,5
2023-09-01 05:58:10,40.761497,-111.910728,1295.8,0.0,171.1,1.0,13.49,34.36,30.79,16.52,2.0,2.0,35.39,13.0,866.0,0.0,33.3,2.58,46.5,803.5,4.1,3.8,7.9,36.8,785.9,2.08,147.4,0.0,0,1,"time.struct_time(tm_year=2023, tm_mon=9, tm_mday=1, tm_hour=5, tm_min=58, tm_sec=10, tm_wday=4, tm_yday=244, tm_isdst=-1)",2023-09-01,2023,9,244,1,58,5
2023-09-01 06:00:40,40.761539,-111.910759,1296.5,0.0,171.1,1.0,13.49,34.39,30.79,16.55,2.0,2.0,35.5,13.0,866.0,0.0,35.3,2.59,46.6,803.5,1.7,6.8,8.4,36.9,785.8,2.08,147.6,0.0,0,1,"time.struct_time(tm_year=2023, tm_mon=9, tm_mday=1, tm_hour=6, tm_min=0, tm_sec=40, tm_wday=4, tm_yday=244, tm_isdst=-1)",2023-09-01,2023,9,244,1,0,6
2023-09-01 06:03:10,40.761581,-111.910751,1295.7,0.0,171.1,1.0,13.49,34.43,30.71,16.59,2.0,2.0,35.5,13.0,866.1,0.0,36.0,2.59,46.7,803.5,1.0,5.2,6.2,37.0,785.9,2.07,147.6,0.0,0,1,"time.struct_time(tm_year=2023, tm_mon=9, tm_mday=1, tm_hour=6, tm_min=3, tm_sec=10, tm_wday=4, tm_yday=244, tm_isdst=-1)",2023-09-01,2023,9,244,1,3,6
2023-09-01 06:05:40,40.761597,-111.910767,1294.9,0.0,171.1,1.0,13.49,34.48,30.69,16.65,2.0,2.0,35.61,13.0,866.2,0.0,36.0,2.58,46.8,803.6,1.9,4.7,6.6,37.1,785.8,2.08,147.5,0.0,0,1,"time.struct_time(tm_year=2023, tm_mon=9, tm_mday=1, tm_hour=6, tm_min=5, tm_sec=40, tm_wday=4, tm_yday=244, tm_isdst=-1)",2023-09-01,2023,9,244,1,5,6
2023-09-01 06:08:10,40.761765,-111.910767,1296.0,0.0,171.1,1.0,13.49,34.51,30.69,16.65,3.0,2.0,35.61,13.0,866.3,0.0,36.8,2.58,46.8,803.6,1.3,2.4,3.8,37.2,786.0,2.07,147.6,0.0,0,1,"time.struct_time(tm_year=2023, tm_mon=9, tm_mday=1, tm_hour=6, tm_min=8, tm_sec=10, tm_wday=4, tm_yday=244, tm_isdst=-1)",2023-09-01,2023,9,244,1,8,6
2023-09-01 06:10:40,40.761814,-111.910698,1303.2,0.0,171.1,1.0,13.49,34.57,30.71,16.69,1.0,2.0,35.61,13.0,866.1,0.0,37.0,2.59,46.9,803.6,2.0,1.9,3.9,37.3,785.8,2.08,147.7,0.0,0,1,"time.struct_time(tm_year=2023, tm_mon=9, tm_mday=1, tm_hour=6, tm_min=10, tm_sec=40, tm_wday=4, tm_yday=244, tm_isdst=-1)",2023-09-01,2023,9,244,1,10,6
2023-09-01 06:13:10,40.761826,-111.91069,1321.1,0.0,171.1,1.0,13.49,34.63,30.71,16.75,1.0,2.0,35.72,13.0,866.2,0.0,31.3,2.59,47.0,803.6,2.2,3.0,5.2,37.3,785.8,2.08,147.8,0.0,0,1,"time.struct_time(tm_year=2023, tm_mon=9, tm_mday=1, tm_hour=6, tm_min=13, tm_sec=10, tm_wday=4, tm_yday=244, tm_isdst=-1)",2023-09-01,2023,9,244,1,13,6
2023-09-01 06:15:40,40.762032,-111.910645,1317.1,0.0,9.1,1.0,13.49,34.66,30.76,16.84,1.0,2.0,35.72,13.0,866.3,0.0,38.1,2.6,47.0,803.7,2.0,4.1,6.2,37.4,786.0,2.08,147.6,0.0,0,1,"time.struct_time(tm_year=2023, tm_mon=9, tm_mday=1, tm_hour=6, tm_min=15, tm_sec=40, tm_wday=4, tm_yday=244, tm_isdst=-1)",2023-09-01,2023,9,244,1,15,6
2023-09-01 06:18:10,40.761776,-111.910683,1317.9,0.0,181.1,1.0,13.49,34.68,30.68,16.87,2.0,2.0,35.78,13.0,866.5,0.0,28.7,2.57,47.1,803.7,2.6,2.3,5.0,37.5,786.0,2.08,147.7,0.0,0,1,"time.struct_time(tm_year=2023, tm_mon=9, tm_mday=1, tm_hour=6, tm_min=18, tm_sec=10, tm_wday=4, tm_yday=244, tm_isdst=-1)",2023-09-01,2023,9,244,1,18,6
2023-09-01 06:20:40,40.76186,-111.910622,1320.1,0.0,181.1,1.0,13.49,34.7,30.66,16.86,2.0,2.0,35.78,13.0,866.3,0.0,36.8,2.58,47.2,803.8,1.8,4.1,6.0,37.6,786.0,2.08,147.8,0.0,0,1,"time.struct_time(tm_year=2023, tm_mon=9, tm_mday=1, tm_hour=6, tm_min=20, tm_sec=40, tm_wday=4, tm_yday=244, tm_isdst=-1)",2023-09-01,2023,9,244,1,20,6
2023-09-01 06:23:10,40.76173,-111.91069,1284.9,0.0,23.7,1.0,13.49,34.71,30.62,17.01,3.0,2.0,35.78,13.0,866.5,0.0,35.9,2.59,47.2,803.8,2.0,5.4,7.4,37.7,786.0,2.08,147.7,0.0,0,1,"time.struct_time(tm_year=2023, tm_mon=9, tm_mday=1, tm_hour=6, tm_min=23, tm_sec=10, tm_wday=4, tm_yday=244, tm_isdst=-1)",2023-09-01,2023,9,244,1,23,6
2023-09-01 06:25:40,40.761887,-111.910622,1277.9,0.0,37.9,1.0,13.49,34.73,30.57,17.15,2.0,2.0,35.89,13.0,866.5,0.0,36.1,2.58,47.3,803.9,1.0,5.2,6.2,37.8,786.1,2.08,147.8,0.0,0,1,"time.struct_time(tm_year=2023, tm_mon=9, tm_mday=1, tm_hour=6, tm_min=25, tm_sec=40, tm_wday=4, tm_yday=244, tm_isdst=-1)",2023-09-01,2023,9,244,1,25,6
2023-09-01 06:29:15,40.761818,-111.910431,1278.7,0.0,37.9,1.0,13.49,34.74,30.52,17.28,2.0,2.0,35.89,13.0,866.4,0.0,34.5,2.59,47.4,803.9,-0.2,7.6,7.5,37.9,786.2,2.13,146.6,0.0,0,1,"time.struct_time(tm_year=2023, tm_mon=9, tm_mday=1, tm_hour=6, tm_min=29, tm_sec=15, tm_wday=4, tm_yday=244, tm_isdst=-1)",2023-09-01,2023,9,244,1,29,6
2023-09-01 06:31:45,40.761677,-111.91082,1289.4,0.0,294.7,1.0,13.49,34.76,30.46,17.41,3.0,2.0,35.89,13.0,866.7,0.0,32.2,2.6,47.4,804.0,1.8,5.6,7.4,38.0,786.2,2.13,146.7,0.0,0,1,"time.struct_time(tm_year=2023, tm_mon=9, tm_mday=1, tm_hour=6, tm_min=31, tm_sec=45, tm_wday=4, tm_yday=244, tm_isdst=-1)",2023-09-01,2023,9,244,1,31,6
2023-09-01 06:34:15,40.76202,-111.910568,1327.2,0.0,353.8,1.0,13.49,34.82,30.43,17.59,3.0,2.0,35.89,13.0,866.6,0.0,30.2,2.59,47.4,804.0,2.2,7.3,9.5,38.1,786.4,2.13,146.7,0.0,0,1,"time.struct_time(tm_year=2023, tm_mon=9, tm_mday=1, tm_hour=6, tm_min=34, tm_sec=15, tm_wday=4, tm_yday=244, tm_isdst=-1)",2023-09-01,2023,9,244,1,34,6
2023-09-01 06:36:45,40.761898,-111.910553,1348.6,0.0,166.5,1.0,13.49,34.89,30.38,17.74,2.0,2.0,35.89,13.0,866.8,0.0,35.0,2.58,47.5,804.0,2.3,7.0,9.3,38.1,786.4,2.13,146.5,0.0,0,1,"time.struct_time(tm_year=2023, tm_mon=9, tm_mday=1, tm_hour=6, tm_min=36, tm_sec=45, tm_wday=4, tm_yday=244, tm_isdst=-1)",2023-09-01,2023,9,244,1,36,6
2023-09-01 06:39:15,40.761791,-111.910477,1349.4,0.0,166.5,1.0,13.49,34.95,30.37,17.88,3.0,2.0,36.0,13.0,866.8,0.0,31.7,2.58,47.5,804.0,2.2,5.5,7.7,38.2,786.3,2.13,146.7,0.0,0,1,"time.struct_time(tm_year=2023, tm_mon=9, tm_mday=1, tm_hour=6, tm_min=39, tm_sec=15, tm_wday=4, tm_yday=244, tm_isdst=-1)",2023-09-01,2023,9,244,1,39,6
2023-09-01 06:41:45,40.761814,-111.910667,1308.2,0.41,196.4,1.0,13.49,35.02,30.32,17.91,3.0,2.0,36.0,13.0,866.7,0.0,36.9,2.57,47.6,804.1,0.8,5.0,5.7,38.3,786.3,2.13,146.9,0.0,0,1,"time.struct_time(tm_year=2023, tm_mon=9, tm_mday=1, tm_hour=6, tm_min=41, tm_sec=45, tm_wday=4, tm_yday=244, tm_isdst=-1)",2023-09-01,2023,9,244,1,41,6
2023-09-01 06:44:15,40.761616,-111.910667,1289.8,0.0,179.8,1.0,13.49,35.06,30.3,18.09,3.0,2.0,36.0,13.0,867.0,0.0,34.3,2.59,47.6,804.1,0.4,5.4,5.8,38.4,786.5,2.13,146.7,0.0,0,1,"time.struct_time(tm_year=2023, tm_mon=9, tm_mday=1, tm_hour=6, tm_min=44, tm_sec=15, tm_wday=4, tm_yday=244, tm_isdst=-1)",2023-09-01,2023,9,244,1,44,6
2023-09-01 06:46:45,40.761871,-111.910736,1288.6,0.0,351.1,1.0,13.49,35.06,30.28,18.25,2.0,2.0,36.0,13.0,867.0,0.0,33.6,2.59,47.6,804.1,-0.0,6.1,6.0,38.4,786.5,2.13,146.7,0.0,0,1,"time.struct_time(tm_year=2023, tm_mon=9, tm_mday=1, tm_hour=6, tm_min=46, tm_sec=45, tm_wday=4, tm_yday=244, tm_isdst=-1)",2023-09-01,2023,9,244,1,46,6
2023-09-01 06:49:15,40.761738,-111.910835,1289.0,0.0,130.5,1.0,13.49,35.07,30.21,18.57,3.0,2.0,36.0,13.0,866.9,0.0,34.6,2.59,47.7,804.2,1.0,4.1,5.1,38.5,786.4,2.13,147.0,0.0,0,1,"time.struct_time(tm_year=2023, tm_mon=9, tm_mday=1, tm_hour=6, tm_min=49, tm_sec=15, tm_wday=4, tm_yday=244, tm_isdst=-1)",2023-09-01,2023,9,244,1,49,6
2023-09-01 06:51:45,40.7617,-111.910667,1279.3,0.0,64.3,1.0,13.49,35.1,30.12,18.76,3.0,2.0,36.0,13.0,866.9,0.0,34.5,2.59,47.7,804.1,2.9,3.2,6.1,38.6,786.5,2.13,147.0,0.0,0,1,"time.struct_time(tm_year=2023, tm_mon=9, tm_mday=1, tm_hour=6, tm_min=51, tm_sec=45, tm_wday=4, tm_yday=244, tm_isdst=-1)",2023-09-01,2023,9,244,1,51,6
2023-09-01 06:54:15,40.76178,-111.91066,1285.4,0.0,327.7,1.0,13.49,35.13,30.05,18.84,3.0,2.0,36.0,13.0,866.8,0.0,37.0,2.6,47.7,804.2,0.9,5.4,6.2,38.6,786.5,2.13,146.9,0.0,0,1,"time.struct_time(tm_year=2023, tm_mon=9, tm_mday=1, tm_hour=6, tm_min=54, tm_sec=15, tm_wday=4, tm_yday=244, tm_isdst=-1)",2023-09-01,2023,9,244,1,54,6
2023-09-01 06:56:45,40.761673,-111.910759,1276.2,0.0,195.8,1.0,13.49,35.13,30.0,18.89,3.0,2.0,36.0,13.0,866.8,0.0,39.6,2.6,47.7,804.1,1.7,4.5,6.2,38.7,786.5,2.13,147.0,0.0,0,1,"time.struct_time(tm_year=2023, tm_mon=9, tm_mday=1, tm_hour=6, tm_min=56, tm_sec=45, tm_wday=4, tm_yday=244, tm_isdst=-1)",2023-09-01,2023,9,244,1,56,6
2023-09-01 06:59:15,40.761703,-111.910744,1332.0,0.0,189.5,1.0,13.49,35.12,29.94,18.87,2.0,2.0,36.11,13.0,866.9,0.0,35.2,2.58,47.7,804.2,2.5,0.9,3.4,38.8,786.5,2.13,147.0,0.0,0,1,"time.struct_time(tm_year=2023, tm_mon=9, tm_mday=1, tm_hour=6, tm_min=59, tm_sec=15, tm_wday=4, tm_yday=244, tm_isdst=-1)",2023-09-01,2023,9,244,1,59,6
2023-09-01 07:01:45,40.761696,-111.910744,1310.4,0.0,311.9,1.0,13.49,35.14,29.9,18.89,3.0,2.0,36.0,13.0,866.9,0.0,36.6,2.59,47.8,804.2,1.6,4.2,5.8,38.8,786.4,2.13,147.0,0.0,0,1,"time.struct_time(tm_year=2023, tm_mon=9, tm_mday=1, tm_hour=7, tm_min=1, tm_sec=45, tm_wday=4, tm_yday=244, tm_isdst=-1)",2023-09-01,2023,9,244,1,1,7
2023-09-01 07:04:15,40.761696,-111.910606,1306.9,0.0,190.8,1.0,13.49,35.16,29.79,18.99,4.0,2.0,36.0,13.0,866.9,0.0,41.8,2.59,47.8,804.3,2.6,2.3,4.9,38.9,786.6,2.13,147.0,0.0,0,1,"time.struct_time(tm_year=2023, tm_mon=9, tm_mday=1, tm_hour=7, tm_min=4, tm_sec=15, tm_wday=4, tm_yday=244, tm_isdst=-1)",2023-09-01,2023,9,244,1,4,7
2023-09-01 07:06:45,40.761734,-111.910599,1306.5,0.0,190.8,1.0,13.49,35.16,29.75,19.05,2.0,2.0,36.0,13.0,866.9,0.0,36.6,2.59,47.8,804.2,2.0,3.0,5.0,39.0,786.5,2.13,147.0,0.0,0,1,"time.struct_time(tm_year=2023, tm_mon=9, tm_mday=1, tm_hour=7, tm_min=6, tm_sec=45, tm_wday=4, tm_yday=244, tm_isdst=-1)",2023-09-01,2023,9,244,1,6,7
2023-09-01 07:09:15,40.761684,-111.910744,1305.6,0.0,281.1,1.0,13.49,35.11,29.74,19.09,2.0,2.0,36.0,13.0,866.9,0.0,37.0,2.59,47.8,804.2,2.7,2.9,5.6,39.0,786.5,2.13,147.1,0.0,0,1,"time.struct_time(tm_year=2023, tm_mon=9, tm_mday=1, tm_hour=7, tm_min=9, tm_sec=15, tm_wday=4, tm_yday=244, tm_isdst=-1)",2023-09-01,2023,9,244,1,9,7
2023-09-01 07:11:45,40.761703,-111.91069,1301.8,0.0,12.2,1.0,13.49,35.05,29.71,19.13,3.0,2.0,36.0,13.0,867.1,0.0,36.7,2.59,47.8,804.3,6.2,-2.2,4.0,39.1,786.7,2.13,147.0,0.0,0,1,"time.struct_time(tm_year=2023, tm_mon=9, tm_mday=1, tm_hour=7, tm_min=11, tm_sec=45, tm_wday=4, tm_yday=244, tm_isdst=-1)",2023-09-01,2023,9,244,1,11,7
2023-09-01 07:14:15,40.761658,-111.910683,1301.3,0.0,12.2,1.0,13.49,35.03,29.65,19.27,3.0,2.0,36.0,13.0,867.2,0.0,38.4,2.58,47.8,804.3,4.5,-0.8,3.7,39.1,786.5,2.13,147.2,0.0,0,1,"time.struct_time(tm_year=2023, tm_mon=9, tm_mday=1, tm_hour=7, tm_min=14, tm_sec=15, tm_wday=4, tm_yday=244, tm_isdst=-1)",2023-09-01,2023,9,244,1,14,7
2023-09-01 07:16:45,40.761593,-111.910706,1300.4,0.0,12.2,1.0,13.49,35.04,29.61,19.29,2.0,2.0,36.0,13.0,867.2,0.0,32.4,2.59,47.8,804.3,0.4,4.5,4.8,39.2,786.8,2.13,146.9,0.0,0,1,"time.struct_time(tm_year=2023, tm_mon=9, tm_mday=1, tm_hour=7, tm_min=16, tm_sec=45, tm_wday=4, tm_yday=244, tm_isdst=-1)",2023-09-01,2023,9,244,1,16,7
2023-09-01 07:19:15,40.76144,-111.910912,1292.6,0.0,233.1,1.0,13.49,35.07,29.59,19.38,2.0,2.0,35.89,13.0,867.1,0.0,30.7,2.59,47.8,804.4,-1.2,10.7,9.5,39.2,786.5,2.13,147.3,0.0,0,1,"time.struct_time(tm_year=2023, tm_mon=9, tm_mday=1, tm_hour=7, tm_min=19, tm_sec=15, tm_wday=4, tm_yday=244, tm_isdst=-1)",2023-09-01,2023,9,244,1,19,7
2023-09-01 07:21:45,40.761604,-111.910667,1288.3,0.0,32.2,1.0,13.49,35.09,29.57,19.49,3.0,2.0,35.89,13.0,867.0,0.0,28.2,2.59,47.8,804.4,1.3,11.9,13.2,39.3,786.6,2.13,147.3,0.0,0,1,"time.struct_time(tm_year=2023, tm_mon=9, tm_mday=1, tm_hour=7, tm_min=21, tm_sec=45, tm_wday=4, tm_yday=244, tm_isdst=-1)",2023-09-01,2023,9,244,1,21,7
2023-09-01 07:24:15,40.761772,-111.910736,1290.5,0.0,32.2,1.0,13.49,35.08,29.52,19.58,2.0,2.0,35.89,13.0,867.0,0.0,29.7,2.58,47.8,804.4,3.4,11.8,15.2,39.3,786.6,2.13,147.2,0.0,0,1,"time.struct_time(tm_year=2023, tm_mon=9, tm_mday=1, tm_hour=7, tm_min=24, tm_sec=15, tm_wday=4, tm_yday=244, tm_isdst=-1)",2023-09-01,2023,9,244,1,24,7
2023-09-01 07:26:45,40.761845,-111.910797,1291.5,0.0,32.2,1.0,13.49,35.1,29.49,19.62,3.0,2.0,35.89,13.0,867.2,0.0,35.1,2.57,47.8,804.3,-0.3,7.2,6.9,39.4,786.6,2.14,147.2,0.0,0,1,"time.struct_time(tm_year=2023, tm_mon=9, tm_mday=1, tm_hour=7, tm_min=26, tm_sec=45, tm_wday=4, tm_yday=244, tm_isdst=-1)",2023-09-01,2023,9,244,1,26,7
2023-09-01 07:30:20,40.761738,-111.91082,1290.2,0.0,32.2,1.0,13.49,35.12,29.49,19.79,2.0,2.0,35.89,13.0,867.1,0.0,39.1,2.56,47.8,804.4,-0.9,1.6,0.7,39.4,786.6,2.1,146.9,0.0,0,1,"time.struct_time(tm_year=2023, tm_mon=9, tm_mday=1, tm_hour=7, tm_min=30, tm_sec=20, tm_wday=4, tm_yday=244, tm_isdst=-1)",2023-09-01,2023,9,244,1,30,7
2023-09-01 07:32:50,40.761772,-111.910789,1290.6,0.0,32.2,1.0,13.49,35.12,29.47,19.97,1.0,2.0,35.89,13.0,867.2,0.0,37.2,2.58,47.8,804.3,0.6,3.0,3.6,39.5,786.6,2.1,146.9,0.0,0,1,"time.struct_time(tm_year=2023, tm_mon=9, tm_mday=1, tm_hour=7, tm_min=32, tm_sec=50, tm_wday=4, tm_yday=244, tm_isdst=-1)",2023-09-01,2023,9,244,1,32,7
2023-09-01 07:35:20,40.761703,-111.910797,1290.6,0.0,32.2,1.0,13.49,35.13,29.43,20.17,2.0,2.0,35.89,13.0,867.1,0.0,37.3,2.59,47.8,804.4,-0.1,-0.8,-0.9,39.5,786.8,2.09,146.8,0.0,0,1,"time.struct_time(tm_year=2023, tm_mon=9, tm_mday=1, tm_hour=7, tm_min=35, tm_sec=20, tm_wday=4, tm_yday=244, tm_isdst=-1)",2023-09-01,2023,9,244,1,35,7
2023-09-01 07:37:50,40.761761,-111.910736,1291.1,0.0,32.2,1.0,13.49,35.14,29.39,20.35,2.0,2.0,36.0,13.0,867.3,0.0,37.4,2.6,47.8,804.4,2.9,-0.2,2.7,39.6,786.7,2.1,146.9,0.0,0,1,"time.struct_time(tm_year=2023, tm_mon=9, tm_mday=1, tm_hour=7, tm_min=37, tm_sec=50, tm_wday=4, tm_yday=244, tm_isdst=-1)",2023-09-01,2023,9,244,1,37,7
2023-09-01 07:40:20,40.761772,-111.910721,1291.5,0.0,32.2,1.0,13.49,35.12,29.39,20.52,1.0,2.0,35.89,13.0,867.3,0.0,37.0,2.58,47.8,804.4,-0.1,-1.2,-1.3,39.6,786.7,2.1,146.9,0.0,0,1,"time.struct_time(tm_year=2023, tm_mon=9, tm_mday=1, tm_hour=7, tm_min=40, tm_sec=20, tm_wday=4, tm_yday=244, tm_isdst=-1)",2023-09-01,2023,9,244,1,40,7
2023-09-01 07:42:50,40.761738,-111.910698,1291.9,0.0,32.2,1.0,13.49,35.05,29.35,20.7,2.0,2.0,35.89,13.0,867.3,0.0,39.6,2.58,47.8,804.4,0.9,-1.0,-0.1,39.6,786.7,2.09,147.0,0.0,0,1,"time.struct_time(tm_year=2023, tm_mon=9, tm_mday=1, tm_hour=7, tm_min=42, tm_sec=50, tm_wday=4, tm_yday=244, tm_isdst=-1)",2023-09-01,2023,9,244,1,42,7
2023-09-01 07:45:20,40.761776,-111.910744,1292.7,0.0,32.2,1.0,13.49,34.97,29.31,20.84,1.0,2.0,35.89,13.0,867.2,0.0,37.1,2.58,47.8,804.5,-0.3,-0.6,-0.9,39.7,786.6,2.1,146.9,0.0,0,1,"time.struct_time(tm_year=2023, tm_mon=9, tm_mday=1, tm_hour=7, tm_min=45, tm_sec=20, tm_wday=4, tm_yday=244, tm_isdst=-1)",2023-09-01,2023,9,244,1,45,7
2023-09-01 07:47:50,40.761765,-111.910744,1292.1,0.0,32.2,1.0,13.49,34.93,29.34,21.0,2.0,2.0,35.89,13.0,867.2,0.0,40.1,2.57,47.8,804.4,3.9,0.7,4.6,39.7,786.7,2.1,147.1,0.0,0,1,"time.struct_time(tm_year=2023, tm_mon=9, tm_mday=1, tm_hour=7, tm_min=47, tm_sec=50, tm_wday=4, tm_yday=244, tm_isdst=-1)",2023-09-01,2023,9,244,1,47,7
2023-09-01 07:50:20,40.761677,-111.910713,1291.8,0.0,32.2,1.0,13.49,34.93,29.19,21.19,4.0,2.0,36.0,13.0,867.2,0.0,38.5,2.58,47.8,804.4,2.1,-0.6,1.5,39.7,786.6,2.1,147.0,0.0,0,1,"time.struct_time(tm_year=2023, tm_mon=9, tm_mday=1, tm_hour=7, tm_min=50, tm_sec=20, tm_wday=4, tm_yday=244, tm_isdst=-1)",2023-09-01,2023,9,244,1,50,7
2023-09-01 07:52:50,40.761761,-111.910751,1290.4,0.0,32.2,1.0,13.49,34.93,29.15,21.32,1.0,2.0,36.0,13.0,867.0,0.0,33.5,2.59,47.7,804.4,1.5,4.0,5.5,39.8,786.8,2.09,146.9,0.0,0,1,"time.struct_time(tm_year=2023, tm_mon=9, tm_mday=1, tm_hour=7, tm_min=52, tm_sec=50, tm_wday=4, tm_yday=244, tm_isdst=-1)",2023-09-01,2023,9,244,1,52,7
2023-09-01 07:55:20,40.761833,-111.910728,1291.0,0.0,32.2,1.0,13.49,34.94,29.15,21.49,1.0,2.0,36.0,13.0,867.3,0.0,33.9,2.58,47.7,804.5,0.3,7.0,7.3,39.8,786.7,2.1,147.1,0.0,0,1,"time.struct_time(tm_year=2023, tm_mon=9, tm_mday=1, tm_hour=7, tm_min=55, tm_sec=20, tm_wday=4, tm_yday=244, tm_isdst=-1)",2023-09-01,2023,9,244,1,55,7
2023-09-01 07:57:50,40.761772,-111.910713,1291.5,0.0,32.2,1.0,13.49,34.97,29.13,21.59,1.0,2.0,35.89,13.0,867.4,0.0,33.2,2.6,47.7,804.5,-0.4,6.2,5.8,39.8,786.8,2.1,147.0,0.0,0,1,"time.struct_time(tm_year=2023, tm_mon=9, tm_mday=1, tm_hour=7, tm_min=57, tm_sec=50, tm_wday=4, tm_yday=244, tm_isdst=-1)",2023-09-01,2023,9,244,1,57,7
2023-09-01 08:00:20,40.761719,-111.910721,1291.2,0.0,32.2,1.0,13.49,34.98,29.13,21.77,2.0,2.0,35.89,13.0,867.3,0.0,35.4,2.6,47.7,804.5,2.6,3.2,5.8,39.9,786.7,2.1,147.1,0.0,0,1,"time.struct_time(tm_year=2023, tm_mon=9, tm_mday=1, tm_hour=8, tm_min=0, tm_sec=20, tm_wday=4, tm_yday=244, tm_isdst=-1)",2023-09-01,2023,9,244,1,0,8
2023-09-01 08:02:50,40.761734,-111.910728,1291.0,0.0,32.2,1.0,13.49,34.93,29.08,21.87,1.0,2.0,35.89,13.0,867.4,0.0,36.8,2.57,47.7,804.5,2.2,3.8,6.0,39.9,786.8,2.1,147.2,0.0,0,1,"time.struct_time(tm_year=2023, tm_mon=9, tm_mday=1, tm_hour=8, tm_min=2, tm_sec=50, tm_wday=4, tm_yday=244, tm_isdst=-1)",2023-09-01,2023,9,244,1,2,8
2023-09-01 08:05:20,40.7617,-111.910736,1291.2,0.0,32.2,1.0,13.49,34.85,29.09,21.94,1.0,2.0,35.89,13.0,867.1,0.0,34.3,2.59,47.7,804.6,0.7,3.0,3.7,39.9,786.7,2.1,147.1,0.0,0,1,"time.struct_time(tm_year=2023, tm_mon=9, tm_mday=1, tm_hour=8, tm_min=5, tm_sec=20, tm_wday=4, tm_yday=244, tm_isdst=-1)",2023-09-01,2023,9,244,1,5,8
2023-09-01 08:07:50,40.761703,-111.910736,1291.0,0.0,32.2,1.0,13.49,34.76,29.09,21.96,2.0,2.0,35.78,13.0,867.1,0.0,34.8,2.58,47.7,804.5,2.9,1.8,4.7,39.9,786.7,2.1,147.1,0.0,0,1,"time.struct_time(tm_year=2023, tm_mon=9, tm_mday=1, tm_hour=8, tm_min=7, tm_sec=50, tm_wday=4, tm_yday=244, tm_isdst=-1)",2023-09-01,2023,9,244,1,7,8
2023-09-01 08:10:20,40.761806,-111.910843,1289.2,0.0,32.2,1.0,13.49,34.68,29.07,22.02,1.0,2.0,35.78,13.0,867.4,0.0,34.6,2.6,47.7,804.6,1.6,0.7,2.3,40.0,786.7,2.1,147.2,0.0,0,1,"time.struct_time(tm_year=2023, tm_mon=9, tm_mday=1, tm_hour=8, tm_min=10, tm_sec=20, tm_wday=4, tm_yday=244, tm_isdst=-1)",2023-09-01,2023,9,244,1,10,8
2023-09-01 08:12:50,40.761795,-111.910866,1289.4,0.0,32.2,1.0,13.49,34.62,29.04,22.07,2.0,2.0,35.78,13.0,867.3,0.0,32.6,2.59,47.7,804.5,1.6,3.8,5.3,40.0,786.8,2.1,147.1,0.0,0,1,"time.struct_time(tm_year=2023, tm_mon=9, tm_mday=1, tm_hour=8, tm_min=12, tm_sec=50, tm_wday=4, tm_yday=244, tm_isdst=-1)",2023-09-01,2023,9,244,1,12,8
2023-09-01 08:15:20,40.761532,-111.910698,1287.9,0.0,141.4,1.0,13.49,34.57,29.05,22.06,2.0,2.0,35.78,13.0,867.2,0.0,33.5,2.58,47.7,804.5,3.2,8.3,11.5,40.0,786.7,2.1,147.1,0.0,0,1,"time.struct_time(tm_year=2023, tm_mon=9, tm_mday=1, tm_hour=8, tm_min=15, tm_sec=20, tm_wday=4, tm_yday=244, tm_isdst=-1)",2023-09-01,2023,9,244,1,15,8
2023-09-01 08:17:50,40.761612,-111.910759,1290.0,0.0,141.4,1.0,13.49,34.51,29.05,22.11,1.0,2.0,35.78,13.0,867.3,0.0,31.1,2.6,47.7,804.6,3.1,11.1,14.2,40.0,786.7,2.1,147.2,0.0,0,1,"time.struct_time(tm_year=2023, tm_mon=9, tm_mday=1, tm_hour=8, tm_min=17, tm_sec=50, tm_wday=4, tm_yday=244, tm_isdst=-1)",2023-09-01,2023,9,244,1,17,8
2023-09-01 08:20:20,40.761581,-111.910759,1291.6,0.0,141.4,1.0,13.49,34.45,29.04,22.13,2.0,2.0,35.78,13.0,867.4,0.0,29.0,2.59,47.7,804.7,2.6,12.9,15.5,40.1,786.8,2.1,147.2,0.0,0,1,"time.struct_time(tm_year=2023, tm_mon=9, tm_mday=1, tm_hour=8, tm_min=20, tm_sec=20, tm_wday=4, tm_yday=244, tm_isdst=-1)",2023-09-01,2023,9,244,1,20,8
2023-09-01 08:22:50,40.761608,-111.910805,1292.6,0.0,141.4,1.0,13.49,34.4,29.04,22.27,2.0,2.0,35.78,13.0,867.5,0.0,23.4,2.58,47.6,804.6,3.0,15.8,18.9,40.1,786.8,2.1,147.2,0.0,0,1,"time.struct_time(tm_year=2023, tm_mon=9, tm_mday=1, tm_hour=8, tm_min=22, tm_sec=50, tm_wday=4, tm_yday=244, tm_isdst=-1)",2023-09-01,2023,9,244,1,22,8
2023-09-01 08:25:20,40.761768,-111.910728,1293.2,0.0,141.4,1.0,13.49,34.36,29.04,22.41,2.0,2.0,35.78,14.0,867.3,0.0,30.6,2.57,47.6,804.7,5.9,14.7,20.7,40.1,786.8,2.1,147.2,0.0,0,1,"time.struct_time(tm_year=2023, tm_mon=9, tm_mday=1, tm_hour=8, tm_min=25, tm_sec=20, tm_wday=4, tm_yday=244, tm_isdst=-1)",2023-09-01,2023,9,244,1,25,8
2023-09-01 08:27:50,40.761829,-111.910629,1294.6,0.0,141.4,1.0,13.49,34.3,29.05,22.48,2.0,2.0,35.78,14.0,867.5,0.0,26.1,2.58,47.6,804.7,5.3,12.3,17.6,40.1,786.8,2.1,147.2,0.0,0,1,"time.struct_time(tm_year=2023, tm_mon=9, tm_mday=1, tm_hour=8, tm_min=27, tm_sec=50, tm_wday=4, tm_yday=244, tm_isdst=-1)",2023-09-01,2023,9,244,1,27,8
2023-09-01 08:31:25,40.761757,-111.910599,1296.4,0.0,145.3,1.0,13.49,34.24,29.0,22.59,2.0,2.0,35.78,14.0,867.4,0.0,23.7,2.59,47.6,804.7,7.1,21.3,28.3,40.2,786.8,2.08,149.0,0.0,0,1,"time.struct_time(tm_year=2023, tm_mon=9, tm_mday=1, tm_hour=8, tm_min=31, tm_sec=25, tm_wday=4, tm_yday=244, tm_isdst=-1)",2023-09-01,2023,9,244,1,31,8
2023-09-01 08:33:55,40.761738,-111.910683,1296.0,0.0,145.3,1.0,13.49,34.19,28.93,22.71,18.0,2.0,35.72,14.0,867.3,0.0,20.1,2.58,47.6,804.8,9.7,23.7,33.4,40.2,786.9,2.08,148.8,0.0,0,1,"time.struct_time(tm_year=2023, tm_mon=9, tm_mday=1, tm_hour=8, tm_min=33, tm_sec=55, tm_wday=4, tm_yday=244, tm_isdst=-1)",2023-09-01,2023,9,244,1,33,8
2023-09-01 08:36:25,40.761677,-111.910751,1295.9,0.0,145.3,1.0,13.49,34.15,28.88,22.69,5.0,2.0,35.72,14.0,867.6,0.0,27.6,2.58,47.6,804.8,5.3,22.5,27.9,40.2,787.1,2.08,148.7,0.0,0,1,"time.struct_time(tm_year=2023, tm_mon=9, tm_mday=1, tm_hour=8, tm_min=36, tm_sec=25, tm_wday=4, tm_yday=244, tm_isdst=-1)",2023-09-01,2023,9,244,1,36,8
2023-09-01 08:38:55,40.761711,-111.910728,1295.9,0.0,145.3,1.0,13.49,34.12,28.87,22.2,2.0,2.0,35.72,13.0,867.7,0.0,37.7,2.57,47.6,805.0,0.3,6.4,6.7,40.2,787.1,2.08,148.7,0.0,0,1,"time.struct_time(tm_year=2023, tm_mon=9, tm_mday=1, tm_hour=8, tm_min=38, tm_sec=55, tm_wday=4, tm_yday=244, tm_isdst=-1)",2023-09-01,2023,9,244,1,38,8
2023-09-01 08:41:25,40.761879,-111.910835,1295.0,0.0,354.9,1.0,13.49,34.1,28.83,21.82,3.0,2.0,35.72,13.0,867.7,0.0,40.3,2.59,47.6,804.9,0.5,2.7,3.2,40.2,787.1,2.08,148.7,0.0,0,1,"time.struct_time(tm_year=2023, tm_mon=9, tm_mday=1, tm_hour=8, tm_min=41, tm_sec=25, tm_wday=4, tm_yday=244, tm_isdst=-1)",2023-09-01,2023,9,244,1,41,8
2023-09-01 08:43:55,40.761822,-111.910774,1293.9,0.0,354.9,1.0,13.49,34.11,28.84,21.74,2.0,2.0,35.72,13.0,867.5,0.0,36.7,2.59,47.6,805.0,2.9,0.3,3.2,40.2,787.0,2.09,149.0,0.0,0,1,"time.struct_time(tm_year=2023, tm_mon=9, tm_mday=1, tm_hour=8, tm_min=43, tm_sec=55, tm_wday=4, tm_yday=244, tm_isdst=-1)",2023-09-01,2023,9,244,1,43,8
2023-09-01 08:46:25,40.761742,-111.910782,1291.2,0.0,354.9,1.0,13.49,34.1,28.84,21.86,3.0,2.0,35.72,13.0,867.5,0.0,42.2,2.58,47.5,804.9,1.8,1.7,3.5,40.2,787.1,2.09,149.0,0.0,0,1,"time.struct_time(tm_year=2023, tm_mon=9, tm_mday=1, tm_hour=8, tm_min=46, tm_sec=25, tm_wday=4, tm_yday=244, tm_isdst=-1)",2023-09-01,2023,9,244,1,46,8
2023-09-01 08:48:55,40.761658,-111.910797,1291.8,0.0,354.9,1.0,13.49,34.11,28.79,21.9,3.0,2.0,35.72,13.0,867.7,0.0,42.0,2.58,47.5,805.1,1.0,-2.5,-1.6,40.3,787.2,2.08,148.8,0.0,0,1,"time.struct_time(tm_year=2023, tm_mon=9, tm_mday=1, tm_hour=8, tm_min=48, tm_sec=55, tm_wday=4, tm_yday=244, tm_isdst=-1)",2023-09-01,2023,9,244,1,48,8
2023-09-01 08:51:25,40.761665,-111.910782,1292.1,0.0,354.9,1.0,13.49,34.16,28.75,21.97,4.0,2.0,35.61,13.0,867.8,0.0,40.6,2.57,47.5,804.9,-0.2,-0.2,-0.4,40.3,787.1,2.08,148.8,0.0,0,1,"time.struct_time(tm_year=2023, tm_mon=9, tm_mday=1, tm_hour=8, tm_min=51, tm_sec=25, tm_wday=4, tm_yday=244, tm_isdst=-1)",2023-09-01,2023,9,244,1,51,8
2023-09-01 08:53:55,40.761677,-111.910812,1291.7,0.0,354.9,1.0,13.49,34.21,28.69,21.99,3.0,2.0,35.61,13.0,867.7,0.0,35.4,2.59,47.5,805.0,2.3,0.4,2.7,40.3,787.0,2.09,149.2,0.0,0,1,"time.struct_time(tm_year=2023, tm_mon=9, tm_mday=1, tm_hour=8, tm_min=53, tm_sec=55, tm_wday=4, tm_yday=244, tm_isdst=-1)",2023-09-01,2023,9,244,1,53,8
2023-09-01 12:36:35,40.761654,-111.910637,1276.3,0.0,352.5,1.0,13.6,28.24,25.19,33.41,2.0,2.0,28.11,21.0,868.9,0.0,31.5,2.46,30.9,806.5,-9999.0,-9999.0,-9999.0,-9999.0,-9999.0,-9999.0,-9999.0,0.0,0,1,"time.struct_time(tm_year=2023, tm_mon=9, tm_mday=1, tm_hour=12, tm_min=36, tm_sec=35, tm_wday=4, tm_yday=244, tm_isdst=-1)",2023-09-01,2023,9,244,1,36,12
2023-09-01 12:39:05,40.7617,-111.910675,1269.6,0.0,352.5,1.0,13.6,28.19,25.21,33.33,2.0,2.0,28.11,23.0,868.9,0.0,29.1,2.46,32.2,806.7,-9999.0,-9999.0,-9999.0,-9999.0,-9999.0,-9999.0,-9999.0,0.0,0,1,"time.struct_time(tm_year=2023, tm_mon=9, tm_mday=1, tm_hour=12, tm_min=39, tm_sec=5, tm_wday=4, tm_yday=244, tm_isdst=-1)",2023-09-01,2023,9,244,1,39,12
2023-09-01 12:41:35,40.761784,-111.910645,1271.0,0.0,352.5,1.0,13.59,28.16,25.19,33.27,2.0,2.0,28.11,23.0,869.1,0.0,32.8,2.47,33.2,806.7,-9999.0,-9999.0,-9999.0,-9999.0,-9999.0,-9999.0,-9999.0,0.0,0,1,"time.struct_time(tm_year=2023, tm_mon=9, tm_mday=1, tm_hour=12, tm_min=41, tm_sec=35, tm_wday=4, tm_yday=244, tm_isdst=-1)",2023-09-01,2023,9,244,1,41,12
2023-09-01 12:44:05,40.761692,-111.910667,1269.2,0.0,211.7,1.0,13.59,28.16,25.01,32.99,2.0,2.0,28.22,23.0,868.8,0.0,33.5,2.48,34.1,806.8,-9999.0,-9999.0,-9999.0,31.5,789.5,2.12,146.7,0.0,0,1,"time.struct_time(tm_year=2023, tm_mon=9, tm_mday=1, tm_hour=12, tm_min=44, tm_sec=5, tm_wday=4, tm_yday=244, tm_isdst=-1)",2023-09-01,2023,9,244,1,44,12
2023-09-01 12:46:35,40.761681,-111.910591,1266.3,0.0,187.5,1.0,13.59,28.18,25.0,32.87,2.0,2.0,28.22,23.0,869.0,0.0,30.5,2.49,34.9,806.6,0.4,4.2,4.6,31.4,789.7,2.12,146.6,0.0,0,1,"time.struct_time(tm_year=2023, tm_mon=9, tm_mday=1, tm_hour=12, tm_min=46, tm_sec=35, tm_wday=4, tm_yday=244, tm_isdst=-1)",2023-09-01,2023,9,244,1,46,12
2023-09-01 12:49:05,40.761475,-111.91053,1264.3,0.0,175.5,1.0,14.11,28.21,25.01,32.64,2.0,2.0,28.28,23.0,868.8,0.0,32.0,2.49,35.6,806.8,14.7,9.7,24.4,31.4,789.8,2.12,146.5,0.0,0,1,"time.struct_time(tm_year=2023, tm_mon=9, tm_mday=1, tm_hour=12, tm_min=49, tm_sec=5, tm_wday=4, tm_yday=244, tm_isdst=-1)",2023-09-01,2023,9,244,1,49,12
2023-09-01 12:51:35,40.761711,-111.910599,1268.9,0.0,173.7,1.0,13.6,28.26,25.03,32.19,1.0,2.0,28.39,23.0,869.1,0.0,32.0,2.5,36.1,806.8,3.6,10.8,14.4,31.4,789.8,2.12,146.5,0.0,0,1,"time.struct_time(tm_year=2023, tm_mon=9, tm_mday=1, tm_hour=12, tm_min=51, tm_sec=35, tm_wday=4, tm_yday=244, tm_isdst=-1)",2023-09-01,2023,9,244,1,51,12
2023-09-01 12:54:05,40.761787,-111.910606,1272.1,0.0,173.7,1.0,13.59,28.33,25.0,32.2,2.0,2.0,28.5,23.0,869.0,0.0,37.2,2.49,36.6,807.0,2.9,7.1,10.0,31.4,789.8,2.12,146.5,0.0,0,1,"time.struct_time(tm_year=2023, tm_mon=9, tm_mday=1, tm_hour=12, tm_min=54, tm_sec=5, tm_wday=4, tm_yday=244, tm_isdst=-1)",2023-09-01,2023,9,244,1,54,12
2023-09-01 12:56:35,40.761887,-111.910774,1273.0,0.0,19.6,1.0,13.59,28.4,24.96,32.56,2.0,2.0,28.5,23.0,868.9,0.0,37.0,2.49,37.1,806.9,3.2,4.2,7.5,31.4,789.8,2.12,146.5,0.0,0,1,"time.struct_time(tm_year=2023, tm_mon=9, tm_mday=1, tm_hour=12, tm_min=56, tm_sec=35, tm_wday=4, tm_yday=244, tm_isdst=-1)",2023-09-01,2023,9,244,1,56,12
2023-09-01 12:59:05,40.76189,-111.910706,1271.3,0.0,16.3,1.0,13.59,28.47,24.98,32.52,1.0,2.0,28.61,23.0,869.2,0.0,33.4,2.49,37.5,807.0,1.2,4.3,5.5,31.4,789.7,2.12,146.6,0.0,0,1,"time.struct_time(tm_year=2023, tm_mon=9, tm_mday=1, tm_hour=12, tm_min=59, tm_sec=5, tm_wday=4, tm_yday=244, tm_isdst=-1)",2023-09-01,2023,9,244,1,59,12
2023-09-01 13:01:35,40.76181,-111.910751,1266.3,0.0,16.3,1.0,13.6,28.54,24.9,32.65,2.0,2.0,28.72,23.0,869.0,0.0,32.1,2.5,37.9,807.0,9.1,8.3,17.4,31.5,789.8,2.12,146.4,0.0,0,1,"time.struct_time(tm_year=2023, tm_mon=9, tm_mday=1, tm_hour=13, tm_min=1, tm_sec=35, tm_wday=4, tm_yday=244, tm_isdst=-1)",2023-09-01,2023,9,244,1,1,13
2023-09-01 13:04:05,40.761806,-111.910835,1266.9,0.0,16.3,1.0,13.59,28.61,24.87,32.95,2.0,2.0,28.72,23.0,869.0,0.0,36.6,2.52,38.2,807.0,5.3,6.9,12.1,31.5,789.8,2.12,146.4,0.0,0,1,"time.struct_time(tm_year=2023, tm_mon=9, tm_mday=1, tm_hour=13, tm_min=4, tm_sec=5, tm_wday=4, tm_yday=244, tm_isdst=-1)",2023-09-01,2023,9,244,1,4,13
2023-09-01 13:06:35,40.762012,-111.910728,1274.5,0.46,350.5,1.0,13.59,28.65,24.84,33.32,2.0,2.0,28.78,23.0,869.1,0.0,36.2,2.51,38.5,807.0,5.4,-0.3,5.1,31.5,789.8,2.12,146.6,0.0,0,1,"time.struct_time(tm_year=2023, tm_mon=9, tm_mday=1, tm_hour=13, tm_min=6, tm_sec=35, tm_wday=4, tm_yday=244, tm_isdst=-1)",2023-09-01,2023,9,244,1,6,13
2023-09-01 13:09:05,40.762093,-111.910721,1281.6,0.51,338.5,1.0,13.59,28.67,24.83,33.59,1.0,2.0,28.89,23.0,869.0,0.0,35.7,2.5,38.8,807.1,1.9,-1.0,1.0,31.6,789.8,2.12,146.4,0.0,0,1,"time.struct_time(tm_year=2023, tm_mon=9, tm_mday=1, tm_hour=13, tm_min=9, tm_sec=5, tm_wday=4, tm_yday=244, tm_isdst=-1)",2023-09-01,2023,9,244,1,9,13
2023-09-01 13:11:35,40.761745,-111.910759,1290.2,0.0,172.4,1.0,13.59,28.72,24.73,33.8,2.0,2.0,29.0,23.0,869.3,0.0,31.0,2.52,39.0,807.1,-0.1,6.9,6.8,31.6,789.8,2.12,146.5,0.0,0,1,"time.struct_time(tm_year=2023, tm_mon=9, tm_mday=1, tm_hour=13, tm_min=11, tm_sec=35, tm_wday=4, tm_yday=244, tm_isdst=-1)",2023-09-01,2023,9,244,1,11,13
2023-09-01 13:14:05,40.761616,-111.910675,1282.6,0.0,170.9,1.0,13.59,28.78,24.71,34.04,1.0,2.0,29.0,23.0,869.3,0.0,34.5,2.51,39.3,807.1,1.2,6.7,7.9,31.7,789.7,2.12,146.5,0.0,0,1,"time.struct_time(tm_year=2023, tm_mon=9, tm_mday=1, tm_hour=13, tm_min=14, tm_sec=5, tm_wday=4, tm_yday=244, tm_isdst=-1)",2023-09-01,2023,9,244,1,14,13
2023-09-01 13:16:35,40.761536,-111.910629,1276.0,0.0,170.9,1.0,13.6,28.85,24.63,34.4,2.0,2.0,29.11,23.0,869.0,0.0,34.4,2.52,39.5,807.1,5.1,-1.3,3.7,31.7,789.8,2.11,146.4,0.0,0,1,"time.struct_time(tm_year=2023, tm_mon=9, tm_mday=1, tm_hour=13, tm_min=16, tm_sec=35, tm_wday=4, tm_yday=244, tm_isdst=-1)",2023-09-01,2023,9,244,1,16,13
2023-09-01 13:19:05,40.761711,-111.910629,1276.4,0.0,313.3,1.0,13.59,28.92,24.61,34.56,1.0,2.0,29.11,23.0,869.2,0.0,39.7,2.51,39.7,807.0,0.5,3.2,3.7,31.8,789.6,2.12,146.5,0.0,0,1,"time.struct_time(tm_year=2023, tm_mon=9, tm_mday=1, tm_hour=13, tm_min=19, tm_sec=5, tm_wday=4, tm_yday=244, tm_isdst=-1)",2023-09-01,2023,9,244,1,19,13
2023-09-01 13:21:35,40.761436,-111.91053,1268.1,0.46,344.4,1.0,13.59,28.99,24.62,34.51,2.0,2.0,29.11,23.0,869.0,0.0,34.8,2.52,39.9,806.9,3.1,4.1,7.2,31.8,789.6,2.11,146.5,0.0,0,1,"time.struct_time(tm_year=2023, tm_mon=9, tm_mday=1, tm_hour=13, tm_min=21, tm_sec=35, tm_wday=4, tm_yday=244, tm_isdst=-1)",2023-09-01,2023,9,244,1,21,13
2023-09-01 13:24:05,40.762001,-111.91069,1266.9,0.0,336.6,1.0,13.59,29.05,24.62,34.45,2.0,2.0,29.22,23.0,869.1,0.0,38.1,2.52,40.0,807.0,4.1,2.6,6.7,31.9,789.5,2.12,146.4,0.0,0,1,"time.struct_time(tm_year=2023, tm_mon=9, tm_mday=1, tm_hour=13, tm_min=24, tm_sec=5, tm_wday=4, tm_yday=244, tm_isdst=-1)",2023-09-01,2023,9,244,1,24,13
2023-09-01 13:26:35,40.761612,-111.910645,1262.9,0.0,278.8,1.0,13.59,29.11,24.63,34.02,3.0,2.0,29.22,23.0,869.0,0.0,38.3,2.52,40.2,806.9,0.3,3.8,4.2,32.0,789.5,2.12,146.3,0.0,0,1,"time.struct_time(tm_year=2023, tm_mon=9, tm_mday=1, tm_hour=13, tm_min=26, tm_sec=35, tm_wday=4, tm_yday=244, tm_isdst=-1)",2023-09-01,2023,9,244,1,26,13
2023-09-01 13:29:05,40.7617,-111.910545,1257.1,0.0,278.8,1.0,13.59,29.17,24.65,33.36,2.0,2.0,29.28,23.0,869.1,0.0,35.0,2.53,40.3,806.9,1.0,3.4,4.4,32.0,789.5,2.12,146.4,0.0,0,1,"time.struct_time(tm_year=2023, tm_mon=9, tm_mday=1, tm_hour=13, tm_min=29, tm_sec=5, tm_wday=4, tm_yday=244, tm_isdst=-1)",2023-09-01,2023,9,244,1,29,13
2023-09-01 13:31:35,40.761688,-111.910469,1257.4,0.0,199.7,1.0,13.59,29.23,24.71,33.22,2.0,2.0,29.39,22.0,869.0,0.0,38.5,2.52,40.5,806.9,2.2,1.1,3.3,32.1,789.5,2.12,146.2,0.0,0,1,"time.struct_time(tm_year=2023, tm_mon=9, tm_mday=1, tm_hour=13, tm_min=31, tm_sec=35, tm_wday=4, tm_yday=244, tm_isdst=-1)",2023-09-01,2023,9,244,1,31,13
2023-09-01 13:34:05,40.761536,-111.910515,1247.6,0.0,179.8,1.0,13.6,29.26,24.73,33.03,1.0,2.0,29.39,22.0,869.0,0.0,36.2,2.53,40.6,807.0,0.3,4.9,5.2,32.1,789.4,2.12,146.3,0.0,0,1,"time.struct_time(tm_year=2023, tm_mon=9, tm_mday=1, tm_hour=13, tm_min=34, tm_sec=5, tm_wday=4, tm_yday=244, tm_isdst=-1)",2023-09-01,2023,9,244,1,34,13
2023-09-02 01:42:40,40.76165,-111.910614,1264.5,0.0,0.0,1.0,13.67,24.44,23.48,45.18,1.0,2.0,24.28,36.0,872.4,0.0,32.6,2.41,27.6,810.3,-9999.0,-9999.0,-9999.0,-9999.0,-9999.0,-9999.0,-9999.0,0.0,0,1,"time.struct_time(tm_year=2023, tm_mon=9, tm_mday=2, tm_hour=1, tm_min=42, tm_sec=40, tm_wday=5, tm_yday=245, tm_isdst=-1)",2023-09-02,2023,9,245,2,42,1
2023-09-02 01:45:10,40.761532,-111.910576,1265.3,0.0,167.7,1.0,13.67,24.46,23.53,44.83,0.0,2.0,24.28,36.0,872.6,0.0,32.0,2.43,28.8,810.4,-9999.0,-9999.0,-9999.0,-9999.0,-9999.0,-9999.0,-9999.0,0.0,0,1,"time.struct_time(tm_year=2023, tm_mon=9, tm_mday=2, tm_hour=1, tm_min=45, tm_sec=10, tm_wday=5, tm_yday=245, tm_isdst=-1)",2023-09-02,2023,9,245,2,45,1
2023-09-02 01:47:40,40.761639,-111.910629,1263.7,0.0,167.7,1.0,13.66,24.51,23.55,44.84,0.0,2.0,24.39,36.0,872.3,0.0,33.8,2.44,29.8,810.3,-9999.0,-9999.0,-9999.0,-9999.0,-9999.0,-9999.0,-9999.0,0.0,0,1,"time.struct_time(tm_year=2023, tm_mon=9, tm_mday=2, tm_hour=1, tm_min=47, tm_sec=40, tm_wday=5, tm_yday=245, tm_isdst=-1)",2023-09-02,2023,9,245,2,47,1
2023-09-02 01:50:10,40.761642,-111.910645,1263.5,0.0,167.7,1.0,13.67,24.59,23.43,44.57,0.0,2.0,24.5,35.0,872.4,0.0,34.8,2.43,30.7,810.5,-1.5,-2.3,-3.8,25.1,794.5,2.05,144.6,0.0,0,1,"time.struct_time(tm_year=2023, tm_mon=9, tm_mday=2, tm_hour=1, tm_min=50, tm_sec=10, tm_wday=5, tm_yday=245, tm_isdst=-1)",2023-09-02,2023,9,245,2,50,1
2023-09-02 01:52:40,40.761677,-111.910622,1264.9,0.0,167.7,1.0,13.15,24.68,23.44,44.64,0.0,2.0,24.61,35.0,872.6,0.0,35.7,2.45,31.4,810.4,2.2,2.1,4.3,25.1,794.3,2.05,144.6,0.0,0,1,"time.struct_time(tm_year=2023, tm_mon=9, tm_mday=2, tm_hour=1, tm_min=52, tm_sec=40, tm_wday=5, tm_yday=245, tm_isdst=-1)",2023-09-02,2023,9,245,2,52,1
2023-09-02 01:55:10,40.761631,-111.910637,1264.4,0.0,167.7,1.0,13.66,24.79,23.39,44.61,0.0,2.0,24.78,34.0,872.6,0.0,35.9,2.45,32.1,810.6,1.2,1.7,3.0,25.2,794.4,2.05,144.6,0.0,0,1,"time.struct_time(tm_year=2023, tm_mon=9, tm_mday=2, tm_hour=1, tm_min=55, tm_sec=10, tm_wday=5, tm_yday=245, tm_isdst=-1)",2023-09-02,2023,9,245,2,55,1
2023-09-02 01:57:40,40.761478,-111.910706,1265.4,0.0,189.1,1.0,13.67,24.9,23.37,44.53,0.0,2.0,25.0,33.0,872.3,0.0,18.1,2.45,32.7,810.4,202.5,15.2,217.6,25.3,794.3,2.05,144.5,0.0,0,1,"time.struct_time(tm_year=2023, tm_mon=9, tm_mday=2, tm_hour=1, tm_min=57, tm_sec=40, tm_wday=5, tm_yday=245, tm_isdst=-1)",2023-09-02,2023,9,245,2,57,1
2023-09-02 02:00:10,40.761608,-111.910652,1265.5,0.0,189.1,1.0,13.67,25.02,23.39,44.45,1.0,2.0,25.22,32.0,872.4,0.0,34.0,2.46,33.2,810.6,-1.0,16.5,15.5,25.4,794.1,2.05,144.7,0.0,0,1,"time.struct_time(tm_year=2023, tm_mon=9, tm_mday=2, tm_hour=2, tm_min=0, tm_sec=10, tm_wday=5, tm_yday=245, tm_isdst=-1)",2023-09-02,2023,9,245,2,0,2
2023-09-02 02:02:40,40.761711,-111.910629,1261.6,0.0,189.1,1.0,13.67,25.14,23.41,44.01,0.0,2.0,25.39,31.0,872.5,0.0,29.8,2.46,33.7,810.5,43.0,15.2,58.1,25.5,794.3,2.05,144.6,0.0,0,1,"time.struct_time(tm_year=2023, tm_mon=9, tm_mday=2, tm_hour=2, tm_min=2, tm_sec=40, tm_wday=5, tm_yday=245, tm_isdst=-1)",2023-09-02,2023,9,245,2,2,2
2023-09-02 02:05:10,40.761623,-111.910645,1257.6,0.0,189.1,1.0,13.67,25.26,23.43,43.73,0.0,2.0,25.61,30.0,872.4,0.0,18.5,2.46,34.2,810.6,68.2,15.8,84.0,25.6,794.2,2.05,144.7,0.0,0,1,"time.struct_time(tm_year=2023, tm_mon=9, tm_mday=2, tm_hour=2, tm_min=5, tm_sec=10, tm_wday=5, tm_yday=245, tm_isdst=-1)",2023-09-02,2023,9,245,2,5,2
2023-09-02 02:07:40,40.761654,-111.910645,1260.1,0.0,189.1,1.0,13.63,25.38,23.45,43.58,0.0,2.0,25.78,29.0,872.4,0.0,32.3,2.46,34.6,810.6,37.7,14.0,51.6,25.7,794.1,2.05,144.6,0.0,0,1,"time.struct_time(tm_year=2023, tm_mon=9, tm_mday=2, tm_hour=2, tm_min=7, tm_sec=40, tm_wday=5, tm_yday=245, tm_isdst=-1)",2023-09-02,2023,9,245,2,7,2
2023-09-02 02:10:10,40.761791,-111.910774,1270.0,0.0,189.1,1.0,13.63,25.5,23.44,43.25,0.0,2.0,26.0,28.0,872.7,0.0,31.2,2.47,35.0,810.7,23.6,18.2,41.8,25.8,794.1,2.05,144.8,0.0,0,1,"time.struct_time(tm_year=2023, tm_mon=9, tm_mday=2, tm_hour=2, tm_min=10, tm_sec=10, tm_wday=5, tm_yday=245, tm_isdst=-1)",2023-09-02,2023,9,245,2,10,2
2023-09-02 02:12:40,40.761749,-111.910545,1264.1,0.0,189.1,1.0,13.63,25.62,23.47,43.4,0.0,2.0,26.22,28.0,872.7,0.0,34.3,2.47,35.3,810.8,6.3,5.8,12.0,25.9,794.1,2.05,144.7,0.0,0,1,"time.struct_time(tm_year=2023, tm_mon=9, tm_mday=2, tm_hour=2, tm_min=12, tm_sec=40, tm_wday=5, tm_yday=245, tm_isdst=-1)",2023-09-02,2023,9,245,2,12,2
2023-09-02 02:15:10,40.761551,-111.91066,1290.0,0.0,189.1,1.0,13.63,25.73,23.48,43.96,0.0,2.0,26.5,28.0,872.8,0.0,33.5,2.48,35.7,810.9,1.6,1.5,3.1,26.0,794.1,2.05,144.9,0.0,0,1,"time.struct_time(tm_year=2023, tm_mon=9, tm_mday=2, tm_hour=2, tm_min=15, tm_sec=10, tm_wday=5, tm_yday=245, tm_isdst=-1)",2023-09-02,2023,9,245,2,15,2
2023-09-02 02:17:40,40.761707,-111.910645,1288.4,0.0,189.1,1.0,13.63,25.84,23.47,44.06,0.0,2.0,26.72,28.0,872.8,0.0,30.4,2.47,36.0,810.7,0.1,3.2,3.3,26.2,794.0,2.05,145.0,0.0,0,1,"time.struct_time(tm_year=2023, tm_mon=9, tm_mday=2, tm_hour=2, tm_min=17, tm_sec=40, tm_wday=5, tm_yday=245, tm_isdst=-1)",2023-09-02,2023,9,245,2,17,2
2023-09-02 02:20:10,40.761608,-111.910606,1282.7,0.0,189.1,1.0,13.63,25.94,23.48,44.2,0.0,2.0,26.78,28.0,872.7,0.0,33.5,2.48,36.3,810.9,2.7,3.1,5.8,26.3,794.0,2.05,144.9,0.0,0,1,"time.struct_time(tm_year=2023, tm_mon=9, tm_mday=2, tm_hour=2, tm_min=20, tm_sec=10, tm_wday=5, tm_yday=245, tm_isdst=-1)",2023-09-02,2023,9,245,2,20,2
2023-09-02 02:22:40,40.761677,-111.910667,1281.8,0.0,189.1,1.0,13.63,26.03,23.45,43.94,6.0,2.0,27.0,28.0,872.7,0.0,12.0,2.48,36.6,810.8,52.3,26.9,79.2,26.4,794.0,2.05,144.9,0.0,0,1,"time.struct_time(tm_year=2023, tm_mon=9, tm_mday=2, tm_hour=2, tm_min=22, tm_sec=40, tm_wday=5, tm_yday=245, tm_isdst=-1)",2023-09-02,2023,9,245,2,22,2
2023-09-02 02:25:10,40.761688,-111.910728,1274.9,0.0,189.1,1.0,13.63,26.12,23.46,44.07,0.0,2.0,27.22,28.0,872.7,0.0,30.1,2.48,36.8,810.9,34.2,22.5,56.7,26.6,794.0,2.05,145.0,0.0,0,1,"time.struct_time(tm_year=2023, tm_mon=9, tm_mday=2, tm_hour=2, tm_min=25, tm_sec=10, tm_wday=5, tm_yday=245, tm_isdst=-1)",2023-09-02,2023,9,245,2,25,2
2023-09-02 02:27:40,40.761627,-111.910767,1274.4,0.0,189.1,1.0,13.63,26.2,23.46,43.9,2.0,2.0,27.28,28.0,872.7,0.0,26.8,2.48,37.1,810.8,9.4,11.8,21.3,26.7,793.9,2.05,145.0,0.0,0,1,"time.struct_time(tm_year=2023, tm_mon=9, tm_mday=2, tm_hour=2, tm_min=27, tm_sec=40, tm_wday=5, tm_yday=245, tm_isdst=-1)",2023-09-02,2023,9,245,2,27,2
2023-09-02 02:30:10,40.761688,-111.910789,1281.7,0.0,189.1,1.0,13.63,26.28,23.47,43.54,0.0,2.0,27.39,27.0,872.7,0.0,29.9,2.48,37.3,811.0,4.7,8.2,12.9,26.9,794.0,2.05,145.1,0.0,0,1,"time.struct_time(tm_year=2023, tm_mon=9, tm_mday=2, tm_hour=2, tm_min=30, tm_sec=10, tm_wday=5, tm_yday=245, tm_isdst=-1)",2023-09-02,2023,9,245,2,30,2
2023-09-02 02:32:40,40.761703,-111.910667,1289.0,0.0,189.1,1.0,13.63,26.35,23.49,43.61,0.0,2.0,27.5,27.0,872.9,0.0,29.8,2.49,37.5,810.9,4.7,5.2,9.9,27.0,794.0,2.05,144.9,0.0,0,1,"time.struct_time(tm_year=2023, tm_mon=9, tm_mday=2, tm_hour=2, tm_min=32, tm_sec=40, tm_wday=5, tm_yday=245, tm_isdst=-1)",2023-09-02,2023,9,245,2,32,2
2023-09-02 02:35:10,40.761784,-111.910622,1275.1,0.0,189.1,1.0,13.63,26.43,23.49,43.4,1.0,2.0,27.61,27.0,872.9,0.0,31.0,2.5,37.7,811.1,2.4,4.2,6.6,27.1,794.1,2.05,145.1,0.0,0,1,"time.struct_time(tm_year=2023, tm_mon=9, tm_mday=2, tm_hour=2, tm_min=35, tm_sec=10, tm_wday=5, tm_yday=245, tm_isdst=-1)",2023-09-02,2023,9,245,2,35,2
2023-09-02 02:37:40,40.761604,-111.910767,1300.7,0.0,189.1,1.0,13.63,26.49,23.55,43.16,0.0,2.0,27.72,27.0,873.2,0.0,31.4,2.49,37.9,811.1,3.2,7.2,10.4,27.3,794.1,2.05,145.3,0.0,0,1,"time.struct_time(tm_year=2023, tm_mon=9, tm_mday=2, tm_hour=2, tm_min=37, tm_sec=40, tm_wday=5, tm_yday=245, tm_isdst=-1)",2023-09-02,2023,9,245,2,37,2
2023-09-02 02:41:15,40.761559,-111.910789,1308.1,0.0,189.1,1.0,13.63,26.59,23.5,43.0,2.0,2.0,27.78,27.0,873.2,0.0,31.4,2.49,38.2,811.2,0.8,8.0,8.7,27.5,794.1,2.09,144.8,0.0,0,1,"time.struct_time(tm_year=2023, tm_mon=9, tm_mday=2, tm_hour=2, tm_min=41, tm_sec=15, tm_wday=5, tm_yday=245, tm_isdst=-1)",2023-09-02,2023,9,245,2,41,2
2023-09-02 02:43:45,40.762287,-111.912834,1291.0,10.34,179.9,1.0,13.63,26.66,23.5,43.37,4.0,2.0,27.78,27.0,873.1,0.0,30.8,2.49,38.3,811.2,146.9,-73.8,73.1,27.6,794.1,2.09,144.7,0.0,0,1,"time.struct_time(tm_year=2023, tm_mon=9, tm_mday=2, tm_hour=2, tm_min=43, tm_sec=45, tm_wday=5, tm_yday=245, tm_isdst=-1)",2023-09-02,2023,9,245,2,43,2
2023-09-02 02:46:15,40.764927,-111.910652,1298.5,5.86,88.5,1.0,13.63,26.73,23.28,44.17,23.0,2.0,27.78,27.0,873.1,0.0,29.6,2.5,38.5,811.2,-31.1,5.7,-25.3,27.7,794.2,2.09,144.7,0.0,0,1,"time.struct_time(tm_year=2023, tm_mon=9, tm_mday=2, tm_hour=2, tm_min=46, tm_sec=15, tm_wday=5, tm_yday=245, tm_isdst=-1)",2023-09-02,2023,9,245,2,46,2
2023-09-02 02:48:45,40.766087,-111.902428,1304.5,8.85,3.5,1.0,13.63,26.8,23.13,43.85,1.0,2.0,27.78,27.0,872.4,0.0,35.3,2.5,38.7,810.7,11.6,-4.9,6.6,27.9,793.6,2.09,144.4,0.0,0,1,"time.struct_time(tm_year=2023, tm_mon=9, tm_mday=2, tm_hour=2, tm_min=48, tm_sec=45, tm_wday=5, tm_yday=245, tm_isdst=-1)",2023-09-02,2023,9,245,2,48,2
2023-09-02 02:51:15,40.769283,-111.89724,1315.1,0.0,89.9,1.0,13.63,26.86,23.01,44.02,3.0,2.0,27.72,27.0,871.2,0.0,31.5,2.5,38.8,809.4,1.1,6.9,8.0,28.0,792.4,2.09,144.6,0.0,0,0,"time.struct_time(tm_year=2023, tm_mon=9, tm_mday=2, tm_hour=2, tm_min=51, tm_sec=15, tm_wday=5, tm_yday=245, tm_isdst=-1)",2023-09-02,2023,9,245,2,51,2
2023-09-02 02:53:45,40.769318,-111.89167,1333.1,0.0,86.0,1.0,13.63,26.92,22.91,44.07,1.0,2.0,27.61,27.0,870.2,0.0,30.2,2.5,38.9,808.5,1.6,7.6,9.3,28.1,791.3,2.1,144.7,0.0,0,0,"time.struct_time(tm_year=2023, tm_mon=9, tm_mday=2, tm_hour=2, tm_min=53, tm_sec=45, tm_wday=5, tm_yday=245, tm_isdst=-1)",2023-09-02,2023,9,245,2,53,2
2023-09-02 02:56:15,40.767208,-111.882858,1318.5,0.0,91.0,1.0,13.63,26.96,22.89,43.63,2.0,2.0,27.61,27.0,870.8,0.0,32.7,2.5,39.0,809.1,-14.8,2.0,-12.9,28.3,792.1,2.09,144.7,0.0,0,0,"time.struct_time(tm_year=2023, tm_mon=9, tm_mday=2, tm_hour=2, tm_min=56, tm_sec=15, tm_wday=5, tm_yday=245, tm_isdst=-1)",2023-09-02,2023,9,245,2,56,2
2023-09-02 02:58:45,40.767231,-111.87236,1337.8,12.35,90.0,1.0,13.63,26.98,22.83,43.05,1.0,2.0,27.61,26.0,868.6,0.0,35.9,2.52,39.1,807.1,8.8,-18.5,-9.7,28.4,789.8,2.1,145.8,0.0,0,0,"time.struct_time(tm_year=2023, tm_mon=9, tm_mday=2, tm_hour=2, tm_min=58, tm_sec=45, tm_wday=5, tm_yday=245, tm_isdst=-1)",2023-09-02,2023,9,245,2,58,2
2023-09-02 03:01:15,40.767242,-111.86525,1356.1,8.9,89.5,1.0,13.63,27.0,22.76,43.87,1.0,2.0,27.61,26.0,867.3,0.0,32.2,2.51,39.2,805.7,13.5,-0.9,12.7,28.5,788.7,2.1,144.1,0.0,0,0,"time.struct_time(tm_year=2023, tm_mon=9, tm_mday=2, tm_hour=3, tm_min=1, tm_sec=15, tm_wday=5, tm_yday=245, tm_isdst=-1)",2023-09-02,2023,9,245,2,1,3
2023-09-02 03:03:45,40.764076,-111.852371,1415.8,10.13,179.6,1.0,13.63,27.0,22.41,47.11,2.0,2.0,27.61,26.0,861.5,0.0,26.3,2.54,39.3,800.1,-21.2,19.1,-2.2,28.7,782.7,2.1,144.5,0.0,0,0,"time.struct_time(tm_year=2023, tm_mon=9, tm_mday=2, tm_hour=3, tm_min=3, tm_sec=45, tm_wday=5, tm_yday=245, tm_isdst=-1)",2023-09-02,2023,9,245,2,3,3
2023-09-02 03:06:15,40.758816,-111.854019,1398.4,0.0,178.9,1.0,13.63,26.98,22.13,45.24,2.0,2.0,27.5,26.0,863.0,0.0,32.7,2.52,39.4,801.5,-0.1,18.5,18.4,28.8,784.4,2.1,144.7,0.0,0,0,"time.struct_time(tm_year=2023, tm_mon=9, tm_mday=2, tm_hour=3, tm_min=6, tm_sec=15, tm_wday=5, tm_yday=245, tm_isdst=-1)",2023-09-02,2023,9,245,2,6,3
2023-09-02 03:08:45,40.750534,-111.85675,1365.8,11.68,359.9,1.0,13.63,26.95,21.99,44.93,2.0,2.0,27.39,26.0,866.1,0.0,39.2,2.51,39.5,804.7,9.4,-44.6,-35.2,28.9,787.7,2.1,144.7,0.0,0,0,"time.struct_time(tm_year=2023, tm_mon=9, tm_mday=2, tm_hour=3, tm_min=8, tm_sec=45, tm_wday=5, tm_yday=245, tm_isdst=-1)",2023-09-02,2023,9,245,2,8,3
2023-09-02 03:11:15,40.749821,-111.85363,1383.0,7.05,92.0,1.0,13.63,26.91,21.93,45.54,1.0,2.0,27.28,26.0,864.8,0.0,31.9,2.52,39.6,803.4,7.1,-16.5,-9.4,29.0,786.2,2.1,145.5,0.0,0,0,"time.struct_time(tm_year=2023, tm_mon=9, tm_mday=2, tm_hour=3, tm_min=11, tm_sec=15, tm_wday=5, tm_yday=245, tm_isdst=-1)",2023-09-02,2023,9,245,2,11,3
2023-09-02 03:13:45,40.749844,-111.836998,1433.9,6.64,90.6,1.0,13.63,26.88,21.89,44.1,1.0,2.0,27.28,26.0,859.9,0.0,37.3,2.54,39.6,798.6,7.5,12.5,20.0,29.1,781.1,2.1,144.2,0.0,0,0,"time.struct_time(tm_year=2023, tm_mon=9, tm_mday=2, tm_hour=3, tm_min=13, tm_sec=45, tm_wday=5, tm_yday=245, tm_isdst=-1)",2023-09-02,2023,9,245,2,13,3
2023-09-02 03:16:15,40.74168,-111.838455,1420.8,9.98,270.9,1.0,13.63,26.84,21.74,46.03,1.0,2.0,27.22,26.0,861.5,0.0,38.3,2.53,39.6,800.2,100.7,-10.6,90.1,29.2,783.0,2.1,144.5,0.0,0,0,"time.struct_time(tm_year=2023, tm_mon=9, tm_mday=2, tm_hour=3, tm_min=16, tm_sec=15, tm_wday=5, tm_yday=245, tm_isdst=-1)",2023-09-02,2023,9,245,2,16,3
2023-09-02 03:18:45,40.741676,-111.833549,1421.0,10.08,88.4,1.0,13.63,26.79,21.52,46.6,1.0,2.0,27.11,26.0,860.8,0.0,34.8,2.54,39.7,799.7,178.3,-75.9,102.5,29.3,782.5,2.1,144.9,0.0,0,0,"time.struct_time(tm_year=2023, tm_mon=9, tm_mday=2, tm_hour=3, tm_min=18, tm_sec=45, tm_wday=5, tm_yday=245, tm_isdst=-1)",2023-09-02,2023,9,245,2,18,3
2023-09-02 03:21:15,40.733952,-111.825096,1426.6,2.42,180.0,1.0,13.63,26.73,21.32,48.51,1.0,2.0,27.0,26.0,861.1,0.0,30.0,2.55,39.7,799.4,44.7,10.2,54.9,29.4,782.3,2.1,144.7,0.0,0,0,"time.struct_time(tm_year=2023, tm_mon=9, tm_mday=2, tm_hour=3, tm_min=21, tm_sec=15, tm_wday=5, tm_yday=245, tm_isdst=-1)",2023-09-02,2023,9,245,2,21,3
2023-09-02 03:23:45,40.721226,-111.818199,1446.1,13.89,125.8,1.0,13.63,26.65,21.24,48.25,1.0,2.0,27.0,26.0,859.2,0.0,29.5,2.54,39.8,797.9,-8.7,19.3,10.6,29.5,780.6,2.11,144.0,0.0,0,0,"time.struct_time(tm_year=2023, tm_mon=9, tm_mday=2, tm_hour=3, tm_min=23, tm_sec=45, tm_wday=5, tm_yday=245, tm_isdst=-1)",2023-09-02,2023,9,245,2,23,3
2023-09-02 03:26:15,40.713688,-111.805412,1470.4,15.33,116.2,1.0,13.63,26.58,21.21,47.38,2.0,2.0,27.0,26.0,856.2,0.0,13.3,2.55,39.8,795.0,53.1,23.1,76.2,29.6,778.0,2.11,142.8,0.0,0,0,"time.struct_time(tm_year=2023, tm_mon=9, tm_mday=2, tm_hour=3, tm_min=26, tm_sec=15, tm_wday=5, tm_yday=245, tm_isdst=-1)",2023-09-02,2023,9,245,2,26,3
2023-09-02 03:28:45,40.725914,-111.819458,1439.8,10.65,270.8,1.0,13.63,26.51,21.21,48.45,2.0,2.0,26.89,26.0,859.9,0.0,31.1,2.53,39.7,798.4,113.8,17.1,130.9,29.7,781.5,2.11,144.1,0.0,0,0,"time.struct_time(tm_year=2023, tm_mon=9, tm_mday=2, tm_hour=3, tm_min=28, tm_sec=45, tm_wday=5, tm_yday=245, tm_isdst=-1)",2023-09-02,2023,9,245,2,28,3
2023-09-02 03:31:15,40.725681,-111.836578,1390.3,6.48,346.1,1.0,13.63,26.46,21.21,47.49,2.0,2.0,26.89,26.0,865.3,0.0,22.3,2.52,39.8,803.9,48.4,0.8,49.2,29.8,787.1,2.1,143.7,0.0,0,0,"time.struct_time(tm_year=2023, tm_mon=9, tm_mday=2, tm_hour=3, tm_min=31, tm_sec=15, tm_wday=5, tm_yday=245, tm_isdst=-1)",2023-09-02,2023,9,245,2,31,3
2023-09-02 03:33:45,40.736847,-111.836433,1411.2,9.0,359.5,1.0,13.63,26.44,21.24,47.59,1.0,2.0,26.78,26.0,862.6,0.0,33.6,2.53,39.8,801.1,19.1,-7.1,12.0,29.9,784.2,2.11,143.1,0.0,0,0,"time.struct_time(tm_year=2023, tm_mon=9, tm_mday=2, tm_hour=3, tm_min=33, tm_sec=45, tm_wday=5, tm_yday=245, tm_isdst=-1)",2023-09-02,2023,9,245,2,33,3
2023-09-02 03:36:15,40.747791,-111.836502,1429.8,2.11,357.6,1.0,13.63,26.44,21.27,45.96,1.0,2.0,26.78,26.0,860.5,0.0,37.1,2.53,39.8,799.3,9.8,6.2,16.0,30.0,782.6,2.11,143.5,0.0,0,0,"time.struct_time(tm_year=2023, tm_mon=9, tm_mday=2, tm_hour=3, tm_min=36, tm_sec=15, tm_wday=5, tm_yday=245, tm_isdst=-1)",2023-09-02,2023,9,245,2,36,3
2023-09-02 03:38:45,40.749786,-111.847816,1414.2,9.77,271.5,1.0,13.63,26.46,21.42,45.15,1.0,2.0,26.72,26.0,862.1,0.0,34.6,2.54,39.8,800.7,48.2,-56.1,-7.9,30.0,783.8,2.11,143.9,0.0,0,0,"time.struct_time(tm_year=2023, tm_mon=9, tm_mday=2, tm_hour=3, tm_min=38, tm_sec=45, tm_wday=5, tm_yday=245, tm_isdst=-1)",2023-09-02,2023,9,245,2,38,3
2023-09-02 03:43:00,40.753941,-111.859566,1362.6,8.95,184.0,1.0,13.63,26.47,21.78,43.55,3.0,2.0,26.72,25.0,867.0,0.0,35.2,2.52,39.8,805.3,-36.4,1.2,-35.2,30.2,788.5,2.11,143.6,0.0,0,0,"time.struct_time(tm_year=2023, tm_mon=9, tm_mday=2, tm_hour=3, tm_min=43, tm_sec=0, tm_wday=5, tm_yday=245, tm_isdst=-1)",2023-09-02,2023,9,245,2,43,3
2023-09-02 03:45:30,40.752048,-111.871689,1303.0,15.74,269.8,1.0,13.63,26.46,22.12,42.46,1.0,2.0,26.78,25.0,871.9,0.0,38.7,2.49,39.8,810.3,-15.2,13.9,-1.3,30.2,793.2,2.1,142.7,0.0,0,0,"time.struct_time(tm_year=2023, tm_mon=9, tm_mday=2, tm_hour=3, tm_min=45, tm_sec=30, tm_wday=5, tm_yday=245, tm_isdst=-1)",2023-09-02,2023,9,245,2,45,3
2023-09-02 03:48:00,40.752064,-111.889267,1298.2,12.4,270.2,1.0,13.63,26.46,22.57,40.91,2.0,2.0,26.78,25.0,873.4,0.0,39.1,2.5,39.8,811.3,8.6,-8.6,0.0,30.3,794.2,2.1,144.7,0.0,0,0,"time.struct_time(tm_year=2023, tm_mon=9, tm_mday=2, tm_hour=3, tm_min=48, tm_sec=0, tm_wday=5, tm_yday=245, tm_isdst=-1)",2023-09-02,2023,9,245,2,48,3
2023-09-02 03:50:30,40.752014,-111.898361,1294.0,9.05,271.1,1.0,13.63,26.48,22.95,40.68,1.0,2.0,26.89,25.0,873.7,0.0,36.8,2.49,39.8,811.8,7.7,-3.4,4.3,30.4,794.6,2.1,145.4,0.0,0,0,"time.struct_time(tm_year=2023, tm_mon=9, tm_mday=2, tm_hour=3, tm_min=50, tm_sec=30, tm_wday=5, tm_yday=245, tm_isdst=-1)",2023-09-02,2023,9,245,2,50,3
2023-09-02 03:53:00,40.756947,-111.908142,1294.4,0.0,2.4,1.0,13.63,26.52,23.24,40.38,1.0,2.0,27.0,26.0,874.1,0.0,38.1,2.48,39.8,812.0,26.1,17.0,43.2,30.4,794.7,2.11,145.7,0.0,0,1,"time.struct_time(tm_year=2023, tm_mon=9, tm_mday=2, tm_hour=3, tm_min=53, tm_sec=0, tm_wday=5, tm_yday=245, tm_isdst=-1)",2023-09-02,2023,9,245,2,53,3
2023-09-02 03:55:30,40.760765,-111.909531,1304.5,16.51,272.5,1.0,13.63,26.58,23.46,39.52,1.0,2.0,27.22,26.0,872.6,0.0,38.1,2.5,39.8,810.8,-35.6,87.9,52.3,30.5,793.4,2.11,145.5,0.0,0,1,"time.struct_time(tm_year=2023, tm_mon=9, tm_mday=2, tm_hour=3, tm_min=55, tm_sec=30, tm_wday=5, tm_yday=245, tm_isdst=-1)",2023-09-02,2023,9,245,2,55,3
2023-09-02 03:58:00,40.761593,-111.910843,1298.1,0.0,252.7,1.0,13.63,26.63,23.52,39.8,2.0,2.0,27.28,26.0,874.1,0.0,32.5,2.5,39.8,812.0,-6.1,13.2,7.2,30.6,794.9,2.11,145.0,0.0,0,1,"time.struct_time(tm_year=2023, tm_mon=9, tm_mday=2, tm_hour=3, tm_min=58, tm_sec=0, tm_wday=5, tm_yday=245, tm_isdst=-1)",2023-09-02,2023,9,245,2,58,3
2023-09-02 04:00:30,40.761639,-111.910866,1294.7,0.0,252.7,1.0,13.63,26.69,23.59,39.6,1.0,2.0,27.39,26.0,873.9,0.0,35.9,2.5,39.8,812.0,2.2,2.6,4.8,30.7,795.0,2.1,145.1,0.0,0,1,"time.struct_time(tm_year=2023, tm_mon=9, tm_mday=2, tm_hour=4, tm_min=0, tm_sec=30, tm_wday=5, tm_yday=245, tm_isdst=-1)",2023-09-02,2023,9,245,2,0,4
2023-09-02 04:03:00,40.761646,-111.91082,1294.2,0.0,252.7,1.0,13.63,26.75,23.66,39.47,1.0,2.0,27.5,26.0,873.9,0.0,34.2,2.48,39.8,811.9,14.1,6.1,20.1,30.7,794.9,2.11,144.9,0.0,0,1,"time.struct_time(tm_year=2023, tm_mon=9, tm_mday=2, tm_hour=4, tm_min=3, tm_sec=0, tm_wday=5, tm_yday=245, tm_isdst=-1)",2023-09-02,2023,9,245,2,3,4
2023-09-02 04:05:30,40.761646,-111.910812,1293.8,0.0,252.7,1.0,13.63,26.81,23.74,38.72,1.0,2.0,27.61,25.0,873.8,0.0,34.6,2.49,39.9,812.0,-1.0,3.0,2.0,30.8,794.8,2.11,145.1,0.0,0,1,"time.struct_time(tm_year=2023, tm_mon=9, tm_mday=2, tm_hour=4, tm_min=5, tm_sec=30, tm_wday=5, tm_yday=245, tm_isdst=-1)",2023-09-02,2023,9,245,2,5,4
2023-09-02 04:08:00,40.761658,-111.910797,1292.3,0.0,252.7,1.0,13.63,26.88,23.98,38.12,1.0,2.0,27.72,25.0,874.1,0.0,35.8,2.49,39.9,812.0,2.5,1.8,4.3,30.9,795.0,2.11,145.0,0.0,0,1,"time.struct_time(tm_year=2023, tm_mon=9, tm_mday=2, tm_hour=4, tm_min=8, tm_sec=0, tm_wday=5, tm_yday=245, tm_isdst=-1)",2023-09-02,2023,9,245,2,8,4
2023-09-02 04:10:30,40.761662,-111.910789,1290.9,0.0,252.7,1.0,13.63,26.94,24.18,37.69,1.0,2.0,27.78,25.0,873.9,0.0,30.6,2.5,40.0,812.0,2.8,5.0,7.8,30.9,794.7,2.11,145.2,0.0,0,1,"time.struct_time(tm_year=2023, tm_mon=9, tm_mday=2, tm_hour=4, tm_min=10, tm_sec=30, tm_wday=5, tm_yday=245, tm_isdst=-1)",2023-09-02,2023,9,245,2,10,4
2023-09-02 04:13:00,40.761665,-111.910789,1289.8,0.0,252.7,1.0,13.63,27.01,24.35,37.37,1.0,2.0,28.0,25.0,873.9,0.0,16.1,2.49,40.0,811.9,16.5,11.5,28.0,31.0,794.7,2.11,145.2,0.0,0,1,"time.struct_time(tm_year=2023, tm_mon=9, tm_mday=2, tm_hour=4, tm_min=13, tm_sec=0, tm_wday=5, tm_yday=245, tm_isdst=-1)",2023-09-02,2023,9,245,2,13,4
2023-09-02 04:15:30,40.761662,-111.910774,1289.5,0.0,252.7,1.0,13.63,27.09,24.52,37.01,2.0,2.0,28.11,25.0,873.9,0.0,22.3,2.5,40.0,811.9,19.0,23.7,42.7,31.1,794.8,2.11,145.1,0.0,0,1,"time.struct_time(tm_year=2023, tm_mon=9, tm_mday=2, tm_hour=4, tm_min=15, tm_sec=30, tm_wday=5, tm_yday=245, tm_isdst=-1)",2023-09-02,2023,9,245,2,15,4
2023-09-02 04:18:00,40.761658,-111.910774,1289.2,0.0,252.7,1.0,13.63,27.18,24.61,36.75,1.0,2.0,28.22,25.0,873.7,0.0,31.9,2.49,40.1,811.8,5.3,13.7,19.0,31.1,794.6,2.11,145.2,0.0,0,1,"time.struct_time(tm_year=2023, tm_mon=9, tm_mday=2, tm_hour=4, tm_min=18, tm_sec=0, tm_wday=5, tm_yday=245, tm_isdst=-1)",2023-09-02,2023,9,245,2,18,4
2023-09-02 04:20:30,40.761658,-111.910774,1289.1,0.0,252.7,1.0,13.63,27.27,24.69,36.34,1.0,2.0,28.39,25.0,874.0,0.0,33.1,2.49,40.2,812.0,-2.5,7.9,5.5,31.2,794.9,2.11,145.1,0.0,0,1,"time.struct_time(tm_year=2023, tm_mon=9, tm_mday=2, tm_hour=4, tm_min=20, tm_sec=30, tm_wday=5, tm_yday=245, tm_isdst=-1)",2023-09-02,2023,9,245,2,20,4
2023-09-02 04:23:00,40.761658,-111.910767,1288.0,0.0,252.7,1.0,13.63,27.36,24.75,36.13,1.0,2.0,28.5,25.0,873.8,0.0,38.6,2.51,40.2,811.9,0.9,2.1,3.0,31.3,794.7,2.11,145.2,0.0,0,1,"time.struct_time(tm_year=2023, tm_mon=9, tm_mday=2, tm_hour=4, tm_min=23, tm_sec=0, tm_wday=5, tm_yday=245, tm_isdst=-1)",2023-09-02,2023,9,245,2,23,4
2023-09-02 04:25:30,40.761646,-111.910759,1287.4,0.0,252.7,1.0,13.63,27.46,24.7,36.72,1.0,2.0,28.61,25.0,873.9,0.0,34.6,2.51,40.3,811.9,-0.6,2.1,1.5,31.3,794.7,2.11,145.3,0.0,0,1,"time.struct_time(tm_year=2023, tm_mon=9, tm_mday=2, tm_hour=4, tm_min=25, tm_sec=30, tm_wday=5, tm_yday=245, tm_isdst=-1)",2023-09-02,2023,9,245,2,25,4
2023-09-02 04:28:00,40.761658,-111.910759,1287.0,0.0,252.7,1.0,13.63,27.57,24.65,36.35,1.0,2.0,28.72,25.0,873.8,0.0,34.5,2.5,40.3,811.9,2.1,2.7,4.8,31.4,794.6,2.11,145.3,0.0,0,1,"time.struct_time(tm_year=2023, tm_mon=9, tm_mday=2, tm_hour=4, tm_min=28, tm_sec=0, tm_wday=5, tm_yday=245, tm_isdst=-1)",2023-09-02,2023,9,245,2,28,4
2023-09-02 04:30:30,40.761654,-111.910751,1285.9,0.0,252.7,1.0,13.63,27.65,24.73,36.04,1.0,2.0,28.72,25.0,873.9,0.0,38.2,2.49,40.4,811.9,5.9,0.7,6.6,31.5,794.6,2.11,145.4,0.0,0,1,"time.struct_time(tm_year=2023, tm_mon=9, tm_mday=2, tm_hour=4, tm_min=30, tm_sec=30, tm_wday=5, tm_yday=245, tm_isdst=-1)",2023-09-02,2023,9,245,2,30,4
2023-09-02 04:33:00,40.761654,-111.910759,1285.6,0.0,252.7,1.0,13.63,27.71,24.76,36.09,1.0,2.0,28.78,25.0,873.8,0.0,34.0,2.49,40.5,811.8,2.8,0.0,2.8,31.6,794.6,2.11,145.3,0.0,0,1,"time.struct_time(tm_year=2023, tm_mon=9, tm_mday=2, tm_hour=4, tm_min=33, tm_sec=0, tm_wday=5, tm_yday=245, tm_isdst=-1)",2023-09-02,2023,9,245,2,33,4
2023-09-02 04:35:30,40.761646,-111.910759,1284.8,0.0,252.7,1.0,13.63,27.77,24.78,36.07,1.0,2.0,28.89,25.0,873.7,0.0,39.5,2.5,40.5,811.8,11.2,5.4,16.6,31.6,794.5,2.11,145.3,0.0,0,1,"time.struct_time(tm_year=2023, tm_mon=9, tm_mday=2, tm_hour=4, tm_min=35, tm_sec=30, tm_wday=5, tm_yday=245, tm_isdst=-1)",2023-09-02,2023,9,245,2,35,4
2023-09-02 04:38:00,40.761642,-111.910751,1284.1,0.0,252.7,1.0,13.59,27.82,24.8,36.31,1.0,2.0,28.89,25.0,873.7,0.0,37.9,2.5,40.6,811.7,1.8,0.3,2.1,31.7,794.5,2.11,145.4,0.0,0,1,"time.struct_time(tm_year=2023, tm_mon=9, tm_mday=2, tm_hour=4, tm_min=38, tm_sec=0, tm_wday=5, tm_yday=245, tm_isdst=-1)",2023-09-02,2023,9,245,2,38,4
2023-09-02 04:40:30,40.761642,-111.910744,1283.6,0.0,252.7,1.0,13.59,27.87,24.79,36.57,1.0,2.0,29.0,25.0,873.7,0.0,37.1,2.52,40.7,811.7,0.2,-0.2,0.0,31.8,794.5,2.11,145.3,0.0,0,1,"time.struct_time(tm_year=2023, tm_mon=9, tm_mday=2, tm_hour=4, tm_min=40, tm_sec=30, tm_wday=5, tm_yday=245, tm_isdst=-1)",2023-09-02,2023,9,245,2,40,4
2023-09-02 04:44:05,40.761642,-111.910759,1283.3,0.0,252.7,1.0,13.59,27.95,24.7,37.16,1.0,2.0,29.11,25.0,873.8,0.0,38.1,2.5,40.8,811.8,0.7,2.6,3.3,31.9,794.5,2.07,144.8,0.0,0,1,"time.struct_time(tm_year=2023, tm_mon=9, tm_mday=2, tm_hour=4, tm_min=44, tm_sec=5, tm_wday=5, tm_yday=245, tm_isdst=-1)",2023-09-02,2023,9,245,2,44,4
2023-09-02 04:46:35,40.761658,-111.910759,1283.2,0.0,252.7,1.0,13.59,28.0,24.7,37.21,1.0,2.0,29.11,25.0,873.7,0.0,38.4,2.51,40.8,811.7,0.8,2.5,3.2,32.0,794.5,2.07,144.8,0.0,0,1,"time.struct_time(tm_year=2023, tm_mon=9, tm_mday=2, tm_hour=4, tm_min=46, tm_sec=35, tm_wday=5, tm_yday=245, tm_isdst=-1)",2023-09-02,2023,9,245,2,46,4
2023-09-02 04:49:05,40.761662,-111.910759,1282.2,0.0,252.7,1.0,13.59,28.04,24.75,37.2,2.0,2.0,29.22,25.0,873.7,0.0,39.8,2.51,40.9,811.8,3.6,-1.3,2.3,32.0,794.5,2.07,144.8,0.0,0,1,"time.struct_time(tm_year=2023, tm_mon=9, tm_mday=2, tm_hour=4, tm_min=49, tm_sec=5, tm_wday=5, tm_yday=245, tm_isdst=-1)",2023-09-02,2023,9,245,2,49,4
2023-09-02 04:51:35,40.761677,-111.910751,1281.9,0.0,252.7,1.0,13.59,28.08,24.8,37.25,1.0,2.0,29.22,25.0,873.7,0.0,37.9,2.51,40.9,811.7,1.8,-1.1,0.8,32.1,794.4,2.08,144.9,0.0,0,1,"time.struct_time(tm_year=2023, tm_mon=9, tm_mday=2, tm_hour=4, tm_min=51, tm_sec=35, tm_wday=5, tm_yday=245, tm_isdst=-1)",2023-09-02,2023,9,245,2,51,4
2023-09-02 04:54:05,40.761669,-111.910759,1281.3,0.0,252.7,1.0,13.59,28.13,24.77,37.46,1.0,2.0,29.28,25.0,873.6,0.0,40.7,2.51,41.0,811.8,1.4,-1.0,0.4,32.2,794.4,2.08,145.0,0.0,0,1,"time.struct_time(tm_year=2023, tm_mon=9, tm_mday=2, tm_hour=4, tm_min=54, tm_sec=5, tm_wday=5, tm_yday=245, tm_isdst=-1)",2023-09-02,2023,9,245,2,54,4
2023-09-02 04:56:35,40.761673,-111.910751,1281.0,0.0,252.7,1.0,13.6,28.2,24.74,37.58,1.0,2.0,29.28,25.0,873.8,0.0,40.0,2.5,41.1,811.7,0.9,1.3,2.2,32.3,794.4,2.08,145.0,0.0,0,1,"time.struct_time(tm_year=2023, tm_mon=9, tm_mday=2, tm_hour=4, tm_min=56, tm_sec=35, tm_wday=5, tm_yday=245, tm_isdst=-1)",2023-09-02,2023,9,245,2,56,4
2023-09-02 04:59:05,40.761669,-111.910751,1280.6,0.0,252.7,1.0,13.59,28.26,24.7,37.73,1.0,2.0,29.28,25.0,873.6,0.0,36.9,2.52,41.1,811.8,1.3,-0.5,0.8,32.3,794.4,2.08,145.0,0.0,0,1,"time.struct_time(tm_year=2023, tm_mon=9, tm_mday=2, tm_hour=4, tm_min=59, tm_sec=5, tm_wday=5, tm_yday=245, tm_isdst=-1)",2023-09-02,2023,9,245,2,59,4
2023-09-02 05:01:35,40.761673,-111.910728,1280.1,0.0,252.7,1.0,13.59,28.29,24.67,37.78,1.0,2.0,29.39,25.0,873.7,0.0,41.7,2.51,41.2,811.7,3.1,1.2,4.3,32.4,794.3,2.08,144.9,0.0,0,1,"time.struct_time(tm_year=2023, tm_mon=9, tm_mday=2, tm_hour=5, tm_min=1, tm_sec=35, tm_wday=5, tm_yday=245, tm_isdst=-1)",2023-09-02,2023,9,245,2,1,5
2023-09-02 05:04:05,40.761677,-111.910721,1279.2,0.0,252.7,1.0,13.59,28.33,24.64,37.82,1.0,2.0,29.39,25.0,873.9,0.0,30.0,2.52,41.2,811.7,13.1,7.2,20.2,32.5,794.4,2.08,144.9,0.0,0,1,"time.struct_time(tm_year=2023, tm_mon=9, tm_mday=2, tm_hour=5, tm_min=4, tm_sec=5, tm_wday=5, tm_yday=245, tm_isdst=-1)",2023-09-02,2023,9,245,2,4,5
2023-09-02 05:06:35,40.761669,-111.910713,1278.9,0.0,252.7,1.0,13.59,28.38,24.64,37.7,1.0,2.0,29.39,24.0,873.6,0.0,35.6,2.5,41.3,811.6,4.1,3.5,7.6,32.5,794.3,2.08,145.0,0.0,0,1,"time.struct_time(tm_year=2023, tm_mon=9, tm_mday=2, tm_hour=5, tm_min=6, tm_sec=35, tm_wday=5, tm_yday=245, tm_isdst=-1)",2023-09-02,2023,9,245,2,6,5
2023-09-02 05:09:05,40.761658,-111.910698,1278.6,0.0,252.7,1.0,13.59,28.41,24.61,37.68,1.0,2.0,29.5,24.0,873.7,0.0,35.3,2.5,41.3,811.8,4.9,0.8,5.7,32.6,794.5,2.08,145.0,0.0,0,1,"time.struct_time(tm_year=2023, tm_mon=9, tm_mday=2, tm_hour=5, tm_min=9, tm_sec=5, tm_wday=5, tm_yday=245, tm_isdst=-1)",2023-09-02,2023,9,245,2,9,5
2023-09-02 05:11:35,40.761646,-111.91069,1278.2,0.0,252.7,1.0,13.6,28.43,24.61,37.94,1.0,2.0,29.5,24.0,873.8,0.0,37.2,2.5,41.4,811.7,-1.4,2.3,0.9,32.7,794.5,2.08,145.1,0.0,0,1,"time.struct_time(tm_year=2023, tm_mon=9, tm_mday=2, tm_hour=5, tm_min=11, tm_sec=35, tm_wday=5, tm_yday=245, tm_isdst=-1)",2023-09-02,2023,9,245,2,11,5
2023-09-02 05:14:05,40.761646,-111.910667,1277.7,0.0,252.7,1.0,13.6,28.45,24.57,38.06,1.0,2.0,29.5,24.0,873.8,0.0,37.1,2.5,41.4,811.9,-0.3,1.3,1.0,32.7,794.5,2.08,145.1,0.0,0,1,"time.struct_time(tm_year=2023, tm_mon=9, tm_mday=2, tm_hour=5, tm_min=14, tm_sec=5, tm_wday=5, tm_yday=245, tm_isdst=-1)",2023-09-02,2023,9,245,2,14,5
2023-09-02 05:16:35,40.761639,-111.910667,1277.1,0.0,252.7,1.0,13.6,28.47,24.55,38.48,1.0,2.0,29.5,24.0,873.9,0.0,35.8,2.51,41.5,811.8,1.5,-0.3,1.2,32.8,794.5,2.08,145.0,0.0,0,1,"time.struct_time(tm_year=2023, tm_mon=9, tm_mday=2, tm_hour=5, tm_min=16, tm_sec=35, tm_wday=5, tm_yday=245, tm_isdst=-1)",2023-09-02,2023,9,245,2,16,5
2023-09-02 05:19:05,40.761631,-111.910667,1277.6,0.0,252.7,1.0,13.6,28.48,24.55,38.38,1.0,2.0,29.61,24.0,874.1,0.0,38.0,2.5,41.5,811.9,1.3,3.1,4.4,32.9,794.5,2.08,145.2,0.0,0,1,"time.struct_time(tm_year=2023, tm_mon=9, tm_mday=2, tm_hour=5, tm_min=19, tm_sec=5, tm_wday=5, tm_yday=245, tm_isdst=-1)",2023-09-02,2023,9,245,2,19,5
2023-09-02 05:21:35,40.761631,-111.91066,1277.4,0.0,252.7,1.0,13.6,28.5,24.53,38.62,1.0,2.0,29.61,24.0,873.9,0.0,34.1,2.51,41.6,811.9,4.4,0.6,5.1,32.9,794.5,2.08,145.1,0.0,0,1,"time.struct_time(tm_year=2023, tm_mon=9, tm_mday=2, tm_hour=5, tm_min=21, tm_sec=35, tm_wday=5, tm_yday=245, tm_isdst=-1)",2023-09-02,2023,9,245,2,21,5
2023-09-02 05:24:05,40.761635,-111.91066,1276.8,0.0,252.7,1.0,13.6,28.52,24.53,38.54,1.0,2.0,29.61,24.0,874.0,0.0,30.5,2.51,41.6,812.0,2.7,1.1,3.9,33.0,794.6,2.08,145.2,0.0,0,1,"time.struct_time(tm_year=2023, tm_mon=9, tm_mday=2, tm_hour=5, tm_min=24, tm_sec=5, tm_wday=5, tm_yday=245, tm_isdst=-1)",2023-09-02,2023,9,245,2,24,5
2023-09-02 05:26:35,40.761635,-111.91066,1276.6,0.0,252.7,1.0,13.6,28.53,24.53,38.44,1.0,2.0,29.61,24.0,873.9,0.0,33.2,2.51,41.6,811.9,5.1,0.3,5.4,33.1,794.6,2.08,145.2,0.0,0,1,"time.struct_time(tm_year=2023, tm_mon=9, tm_mday=2, tm_hour=5, tm_min=26, tm_sec=35, tm_wday=5, tm_yday=245, tm_isdst=-1)",2023-09-02,2023,9,245,2,26,5
2023-09-02 05:29:05,40.761635,-111.910667,1275.0,0.0,252.7,1.0,13.59,28.54,24.55,38.18,1.0,2.0,29.72,24.0,874.0,0.0,35.1,2.5,41.7,812.0,2.1,1.5,3.6,33.1,794.7,2.08,145.1,0.0,0,1,"time.struct_time(tm_year=2023, tm_mon=9, tm_mday=2, tm_hour=5, tm_min=29, tm_sec=5, tm_wday=5, tm_yday=245, tm_isdst=-1)",2023-09-02,2023,9,245,2,29,5
2023-09-02 05:31:35,40.761631,-111.910675,1275.3,0.0,252.7,1.0,13.59,28.56,24.56,37.69,1.0,2.0,29.72,24.0,874.0,0.0,35.3,2.5,41.7,812.0,1.4,2.6,4.0,33.2,794.7,2.08,145.2,0.0,0,1,"time.struct_time(tm_year=2023, tm_mon=9, tm_mday=2, tm_hour=5, tm_min=31, tm_sec=35, tm_wday=5, tm_yday=245, tm_isdst=-1)",2023-09-02,2023,9,245,2,31,5
2023-09-02 05:34:05,40.761612,-111.910675,1275.7,0.0,252.7,1.0,13.6,28.57,24.56,37.72,1.0,2.0,29.72,24.0,874.1,0.0,33.3,2.51,41.8,812.1,0.1,2.7,2.7,33.2,794.7,2.08,145.2,0.0,0,1,"time.struct_time(tm_year=2023, tm_mon=9, tm_mday=2, tm_hour=5, tm_min=34, tm_sec=5, tm_wday=5, tm_yday=245, tm_isdst=-1)",2023-09-02,2023,9,245,2,34,5
2023-09-02 05:36:35,40.7616,-111.910675,1276.6,0.0,252.7,1.0,13.6,28.58,24.55,37.84,1.0,2.0,29.78,24.0,874.3,0.0,34.4,2.51,41.8,812.1,-0.9,3.2,2.3,33.3,794.8,2.08,145.1,0.0,0,1,"time.struct_time(tm_year=2023, tm_mon=9, tm_mday=2, tm_hour=5, tm_min=36, tm_sec=35, tm_wday=5, tm_yday=245, tm_isdst=-1)",2023-09-02,2023,9,245,2,36,5
2023-09-02 05:39:05,40.761589,-111.910683,1276.1,0.0,252.7,1.0,13.6,28.6,24.53,37.74,1.0,2.0,29.78,24.0,874.4,0.0,36.3,2.52,41.8,812.1,2.2,-0.3,1.9,33.4,794.7,2.08,145.3,0.0,0,1,"time.struct_time(tm_year=2023, tm_mon=9, tm_mday=2, tm_hour=5, tm_min=39, tm_sec=5, tm_wday=5, tm_yday=245, tm_isdst=-1)",2023-09-02,2023,9,245,2,39,5
2023-09-02 05:41:35,40.761597,-111.910698,1276.4,0.0,252.7,1.0,13.6,28.61,24.53,37.92,1.0,2.0,29.78,24.0,874.2,0.0,38.2,2.51,41.9,812.1,1.2,0.4,1.6,33.4,794.8,2.08,145.2,0.0,0,1,"time.struct_time(tm_year=2023, tm_mon=9, tm_mday=2, tm_hour=5, tm_min=41, tm_sec=35, tm_wday=5, tm_yday=245, tm_isdst=-1)",2023-09-02,2023,9,245,2,41,5
2023-09-02 05:45:10,40.761597,-111.910706,1276.3,0.0,252.7,1.0,13.6,28.63,24.54,37.76,1.0,2.0,29.78,23.0,874.4,0.0,36.0,2.5,41.9,812.2,1.7,-1.5,0.2,33.5,794.7,2.07,146.9,0.0,0,1,"time.struct_time(tm_year=2023, tm_mon=9, tm_mday=2, tm_hour=5, tm_min=45, tm_sec=10, tm_wday=5, tm_yday=245, tm_isdst=-1)",2023-09-02,2023,9,245,2,45,5
2023-09-02 05:47:40,40.761608,-111.910706,1276.1,0.0,252.7,1.0,13.59,28.65,24.58,37.75,1.0,2.0,29.89,23.0,874.3,0.0,34.2,2.51,41.9,812.2,-1.6,3.7,2.2,33.6,794.8,2.07,146.9,0.0,0,1,"time.struct_time(tm_year=2023, tm_mon=9, tm_mday=2, tm_hour=5, tm_min=47, tm_sec=40, tm_wday=5, tm_yday=245, tm_isdst=-1)",2023-09-02,2023,9,245,2,47,5
2023-09-02 05:50:10,40.761604,-111.910713,1275.0,0.0,252.7,1.0,13.59,28.67,24.54,37.6,1.0,2.0,29.89,23.0,874.3,0.0,33.3,2.52,42.0,812.2,-0.6,0.3,-0.3,33.6,794.7,2.07,147.0,0.0,0,1,"time.struct_time(tm_year=2023, tm_mon=9, tm_mday=2, tm_hour=5, tm_min=50, tm_sec=10, tm_wday=5, tm_yday=245, tm_isdst=-1)",2023-09-02,2023,9,245,2,50,5
2023-09-02 05:52:40,40.761604,-111.910721,1275.3,0.0,252.7,1.0,13.6,28.68,24.56,37.54,1.0,2.0,29.89,23.0,874.4,0.0,32.4,2.5,42.0,812.2,1.4,-1.8,-0.4,33.7,794.8,2.07,146.9,0.0,0,1,"time.struct_time(tm_year=2023, tm_mon=9, tm_mday=2, tm_hour=5, tm_min=52, tm_sec=40, tm_wday=5, tm_yday=245, tm_isdst=-1)",2023-09-02,2023,9,245,2,52,5
2023-09-02 05:55:10,40.761608,-111.910713,1276.4,0.0,252.7,1.0,13.59,28.71,24.56,37.8,0.0,2.0,30.0,23.0,874.2,0.0,34.5,2.52,42.0,812.2,3.8,-2.3,1.5,33.7,794.7,2.07,147.0,0.0,0,1,"time.struct_time(tm_year=2023, tm_mon=9, tm_mday=2, tm_hour=5, tm_min=55, tm_sec=10, tm_wday=5, tm_yday=245, tm_isdst=-1)",2023-09-02,2023,9,245,2,55,5
2023-09-02 05:57:40,40.76162,-111.910728,1276.8,0.0,252.7,1.0,13.59,28.73,24.56,37.72,1.0,2.0,30.0,23.0,874.3,0.0,36.3,2.52,42.1,812.2,-0.8,1.3,0.4,33.8,794.8,2.06,146.7,0.0,0,1,"time.struct_time(tm_year=2023, tm_mon=9, tm_mday=2, tm_hour=5, tm_min=57, tm_sec=40, tm_wday=5, tm_yday=245, tm_isdst=-1)",2023-09-02,2023,9,245,2,57,5
2023-09-02 06:00:10,40.761631,-111.910744,1277.3,0.0,252.7,1.0,13.59,28.75,24.54,37.92,1.0,2.0,30.0,23.0,874.3,0.0,30.7,2.51,42.1,812.2,-0.0,3.4,3.3,33.8,794.7,2.07,147.0,0.0,0,1,"time.struct_time(tm_year=2023, tm_mon=9, tm_mday=2, tm_hour=6, tm_min=0, tm_sec=10, tm_wday=5, tm_yday=245, tm_isdst=-1)",2023-09-02,2023,9,245,2,0,6
2023-09-02 06:02:40,40.761639,-111.910751,1277.6,0.0,252.7,1.0,13.6,28.77,24.56,37.76,1.0,2.0,30.11,23.0,874.4,0.0,25.1,2.51,42.1,812.2,0.7,5.6,6.3,33.9,794.8,2.07,146.9,0.0,0,1,"time.struct_time(tm_year=2023, tm_mon=9, tm_mday=2, tm_hour=6, tm_min=2, tm_sec=40, tm_wday=5, tm_yday=245, tm_isdst=-1)",2023-09-02,2023,9,245,2,2,6
2023-09-02 06:05:10,40.761642,-111.910744,1278.1,0.0,252.7,1.0,13.6,28.79,24.58,37.84,1.0,2.0,30.11,23.0,874.6,0.0,33.2,2.5,42.2,812.3,0.9,9.5,10.4,33.9,794.8,2.07,146.9,0.0,0,1,"time.struct_time(tm_year=2023, tm_mon=9, tm_mday=2, tm_hour=6, tm_min=5, tm_sec=10, tm_wday=5, tm_yday=245, tm_isdst=-1)",2023-09-02,2023,9,245,2,5,6
2023-09-02 06:07:40,40.761658,-111.910744,1279.0,0.0,252.7,1.0,13.59,28.81,24.58,38.0,1.0,2.0,30.11,23.0,874.4,0.0,31.7,2.52,42.2,812.4,-1.0,4.8,3.8,34.0,794.8,2.07,147.1,0.0,0,1,"time.struct_time(tm_year=2023, tm_mon=9, tm_mday=2, tm_hour=6, tm_min=7, tm_sec=40, tm_wday=5, tm_yday=245, tm_isdst=-1)",2023-09-02,2023,9,245,2,7,6
2023-09-02 06:10:10,40.761665,-111.910728,1279.0,0.0,252.7,1.0,13.59,28.83,24.58,38.04,0.0,2.0,30.22,23.0,874.6,0.0,34.9,2.52,42.2,812.3,1.1,-0.0,1.1,34.0,794.9,2.07,147.0,0.0,0,1,"time.struct_time(tm_year=2023, tm_mon=9, tm_mday=2, tm_hour=6, tm_min=10, tm_sec=10, tm_wday=5, tm_yday=245, tm_isdst=-1)",2023-09-02,2023,9,245,2,10,6
2023-09-02 06:12:40,40.761658,-111.910736,1278.8,0.0,252.7,1.0,13.59,28.85,24.6,37.95,1.0,2.0,30.22,23.0,874.5,0.0,33.7,2.51,42.2,812.4,0.2,1.9,2.1,34.1,794.9,2.07,147.0,0.0,0,1,"time.struct_time(tm_year=2023, tm_mon=9, tm_mday=2, tm_hour=6, tm_min=12, tm_sec=40, tm_wday=5, tm_yday=245, tm_isdst=-1)",2023-09-02,2023,9,245,2,12,6
2023-09-02 06:15:10,40.761662,-111.910728,1278.4,0.0,252.7,1.0,13.59,28.86,24.61,37.9,2.0,2.0,30.22,23.0,874.5,0.0,26.3,2.52,42.3,812.4,0.8,5.2,5.9,34.1,794.8,2.07,147.2,0.0,0,1,"time.struct_time(tm_year=2023, tm_mon=9, tm_mday=2, tm_hour=6, tm_min=15, tm_sec=10, tm_wday=5, tm_yday=245, tm_isdst=-1)",2023-09-02,2023,9,245,2,15,6
2023-09-02 06:17:40,40.761677,-111.910706,1278.5,0.0,252.7,1.0,13.59,28.89,24.62,38.17,1.0,2.0,30.22,23.0,874.6,0.0,33.5,2.51,42.3,812.4,2.2,4.1,6.2,34.2,794.9,2.07,147.2,0.0,0,1,"time.struct_time(tm_year=2023, tm_mon=9, tm_mday=2, tm_hour=6, tm_min=17, tm_sec=40, tm_wday=5, tm_yday=245, tm_isdst=-1)",2023-09-02,2023,9,245,2,17,6
2023-09-02 06:20:10,40.7617,-111.910698,1278.3,0.0,252.7,1.0,13.59,28.91,24.6,39.18,1.0,2.0,30.28,23.0,874.6,0.0,35.2,2.51,42.3,812.5,-0.5,-0.7,-1.1,34.2,795.0,2.07,147.2,0.0,0,1,"time.struct_time(tm_year=2023, tm_mon=9, tm_mday=2, tm_hour=6, tm_min=20, tm_sec=10, tm_wday=5, tm_yday=245, tm_isdst=-1)",2023-09-02,2023,9,245,2,20,6
2023-09-02 06:22:40,40.761711,-111.910698,1278.8,0.0,252.7,1.0,13.6,28.92,24.53,39.96,1.0,2.0,30.28,23.0,874.6,0.0,32.7,2.51,42.4,812.5,0.8,1.2,2.0,34.2,795.1,2.07,147.2,0.0,0,1,"time.struct_time(tm_year=2023, tm_mon=9, tm_mday=2, tm_hour=6, tm_min=22, tm_sec=40, tm_wday=5, tm_yday=245, tm_isdst=-1)",2023-09-02,2023,9,245,2,22,6
2023-09-02 06:25:10,40.761715,-111.91069,1279.1,0.0,252.7,1.0,13.59,28.95,24.41,41.47,1.0,2.0,30.28,24.0,874.7,0.0,32.7,2.52,42.4,812.5,2.8,2.5,5.3,34.3,795.1,2.07,147.3,0.0,0,1,"time.struct_time(tm_year=2023, tm_mon=9, tm_mday=2, tm_hour=6, tm_min=25, tm_sec=10, tm_wday=5, tm_yday=245, tm_isdst=-1)",2023-09-02,2023,9,245,2,25,6
2023-09-02 06:27:40,40.761719,-111.910675,1280.8,0.0,252.7,1.0,13.6,29.0,24.23,41.83,1.0,2.0,30.28,24.0,874.9,0.0,34.8,2.52,42.4,812.5,-0.0,2.4,2.4,34.3,795.1,2.07,147.3,0.0,0,1,"time.struct_time(tm_year=2023, tm_mon=9, tm_mday=2, tm_hour=6, tm_min=27, tm_sec=40, tm_wday=5, tm_yday=245, tm_isdst=-1)",2023-09-02,2023,9,245,2,27,6
2023-09-02 06:30:10,40.761719,-111.91066,1281.6,0.0,252.7,1.0,13.6,29.04,24.19,42.09,2.0,2.0,30.28,24.0,874.7,0.0,33.1,2.52,42.4,812.6,1.7,0.8,2.5,34.4,795.1,2.07,147.3,0.0,0,1,"time.struct_time(tm_year=2023, tm_mon=9, tm_mday=2, tm_hour=6, tm_min=30, tm_sec=10, tm_wday=5, tm_yday=245, tm_isdst=-1)",2023-09-02,2023,9,245,2,30,6
2023-09-02 06:32:40,40.761524,-111.910583,1279.3,0.0,98.7,1.0,13.6,29.07,24.11,42.45,1.0,2.0,30.28,24.0,875.0,0.0,33.3,2.51,42.5,812.7,0.1,-0.6,-0.5,34.4,795.1,2.07,147.4,0.0,0,1,"time.struct_time(tm_year=2023, tm_mon=9, tm_mday=2, tm_hour=6, tm_min=32, tm_sec=40, tm_wday=5, tm_yday=245, tm_isdst=-1)",2023-09-02,2023,9,245,2,32,6
2023-09-02 06:35:10,40.761555,-111.910591,1278.1,0.0,98.7,1.0,13.6,29.1,24.08,42.79,1.0,2.0,30.28,24.0,874.9,0.0,37.4,2.51,42.5,812.7,3.7,-1.4,2.3,34.5,795.1,2.07,147.4,0.0,0,1,"time.struct_time(tm_year=2023, tm_mon=9, tm_mday=2, tm_hour=6, tm_min=35, tm_sec=10, tm_wday=5, tm_yday=245, tm_isdst=-1)",2023-09-02,2023,9,245,2,35,6
2023-09-02 06:37:40,40.76149,-111.91069,1285.4,0.0,178.4,1.0,13.6,29.11,24.06,43.38,1.0,2.0,30.22,24.0,875.0,0.0,35.3,2.52,42.5,812.7,1.6,2.3,3.9,34.5,795.3,2.07,147.3,0.0,0,1,"time.struct_time(tm_year=2023, tm_mon=9, tm_mday=2, tm_hour=6, tm_min=37, tm_sec=40, tm_wday=5, tm_yday=245, tm_isdst=-1)",2023-09-02,2023,9,245,2,37,6
2023-09-02 06:40:10,40.761623,-111.910706,1289.1,0.0,20.8,1.0,13.59,29.09,24.02,43.35,1.0,2.0,30.22,24.0,874.8,0.0,33.6,2.51,42.5,812.8,1.7,2.8,4.6,34.5,795.1,2.07,147.5,0.0,0,1,"time.struct_time(tm_year=2023, tm_mon=9, tm_mday=2, tm_hour=6, tm_min=40, tm_sec=10, tm_wday=5, tm_yday=245, tm_isdst=-1)",2023-09-02,2023,9,245,2,40,6
2023-09-02 06:42:40,40.76165,-111.910698,1290.7,0.0,299.3,1.0,13.59,29.07,24.01,44.01,1.0,2.0,30.11,24.0,874.9,0.0,36.4,2.52,42.5,812.8,4.0,0.9,4.9,34.6,795.2,2.07,147.5,0.0,0,1,"time.struct_time(tm_year=2023, tm_mon=9, tm_mday=2, tm_hour=6, tm_min=42, tm_sec=40, tm_wday=5, tm_yday=245, tm_isdst=-1)",2023-09-02,2023,9,245,2,42,6
2023-09-02 06:46:15,40.761677,-111.910622,1291.4,0.0,299.3,1.0,13.59,29.03,23.99,43.44,1.0,2.0,30.11,24.0,874.9,0.0,35.5,2.51,42.5,812.6,1.8,2.2,4.0,34.6,795.2,2.12,146.3,0.0,0,1,"time.struct_time(tm_year=2023, tm_mon=9, tm_mday=2, tm_hour=6, tm_min=46, tm_sec=15, tm_wday=5, tm_yday=245, tm_isdst=-1)",2023-09-02,2023,9,245,2,46,6
2023-09-02 06:48:45,40.761707,-111.910561,1292.3,0.0,299.3,1.0,13.59,28.99,23.99,44.1,1.0,2.0,30.11,24.0,874.9,0.0,34.9,2.52,42.5,812.8,1.9,1.2,3.1,34.7,795.2,2.12,146.4,0.0,0,1,"time.struct_time(tm_year=2023, tm_mon=9, tm_mday=2, tm_hour=6, tm_min=48, tm_sec=45, tm_wday=5, tm_yday=245, tm_isdst=-1)",2023-09-02,2023,9,245,2,48,6
2023-09-02 06:51:15,40.761646,-111.910568,1292.2,0.0,299.3,1.0,13.59,28.96,23.94,45.1,1.0,2.0,30.11,25.0,875.0,0.0,34.8,2.51,42.5,812.8,-0.4,1.9,1.4,34.7,795.4,2.12,146.5,0.0,0,1,"time.struct_time(tm_year=2023, tm_mon=9, tm_mday=2, tm_hour=6, tm_min=51, tm_sec=15, tm_wday=5, tm_yday=245, tm_isdst=-1)",2023-09-02,2023,9,245,2,51,6
2023-09-02 06:53:45,40.76173,-111.910553,1292.9,0.0,299.3,1.0,13.59,28.93,23.92,45.45,1.0,2.0,30.11,25.0,875.0,0.0,33.3,2.52,42.5,812.9,-0.0,-0.5,-0.5,34.7,795.3,2.12,146.5,0.0,0,1,"time.struct_time(tm_year=2023, tm_mon=9, tm_mday=2, tm_hour=6, tm_min=53, tm_sec=45, tm_wday=5, tm_yday=245, tm_isdst=-1)",2023-09-02,2023,9,245,2,53,6
2023-09-02 06:56:15,40.761684,-111.910614,1293.2,0.0,299.3,1.0,13.6,28.91,23.83,46.65,1.0,2.0,30.11,25.0,875.0,0.0,35.0,2.52,42.5,812.8,2.9,-0.3,2.6,34.8,795.4,2.12,146.5,0.0,0,1,"time.struct_time(tm_year=2023, tm_mon=9, tm_mday=2, tm_hour=6, tm_min=56, tm_sec=15, tm_wday=5, tm_yday=245, tm_isdst=-1)",2023-09-02,2023,9,245,2,56,6
2023-09-02 06:58:45,40.761875,-111.910652,1292.5,0.0,299.3,1.0,13.6,28.88,23.79,46.75,3.0,2.0,30.11,25.0,875.1,0.0,26.1,2.51,42.5,812.9,2.3,0.9,3.2,34.8,795.3,2.12,146.5,0.0,0,1,"time.struct_time(tm_year=2023, tm_mon=9, tm_mday=2, tm_hour=6, tm_min=58, tm_sec=45, tm_wday=5, tm_yday=245, tm_isdst=-1)",2023-09-02,2023,9,245,2,58,6
2023-09-02 07:01:15,40.761806,-111.91069,1292.1,0.0,299.3,1.0,13.59,28.86,23.75,46.59,1.0,2.0,30.0,25.0,875.0,0.0,33.2,2.51,42.5,812.9,4.3,4.9,9.3,34.8,795.3,2.12,146.5,0.0,0,1,"time.struct_time(tm_year=2023, tm_mon=9, tm_mday=2, tm_hour=7, tm_min=1, tm_sec=15, tm_wday=5, tm_yday=245, tm_isdst=-1)",2023-09-02,2023,9,245,2,1,7
2023-09-02 07:03:45,40.761734,-111.910713,1292.1,0.0,299.3,1.0,13.59,28.83,23.74,46.64,1.0,2.0,30.11,25.0,875.1,0.0,33.1,2.52,42.5,812.9,-1.5,3.7,2.2,34.9,795.4,2.12,146.5,0.0,0,1,"time.struct_time(tm_year=2023, tm_mon=9, tm_mday=2, tm_hour=7, tm_min=3, tm_sec=45, tm_wday=5, tm_yday=245, tm_isdst=-1)",2023-09-02,2023,9,245,2,3,7
2023-09-02 07:06:15,40.761738,-111.910698,1291.7,0.0,299.3,1.0,13.6,28.81,23.74,46.59,1.0,2.0,30.11,25.0,875.1,0.0,31.1,2.52,42.5,812.9,2.2,2.0,4.2,34.9,795.5,2.12,146.5,0.0,0,1,"time.struct_time(tm_year=2023, tm_mon=9, tm_mday=2, tm_hour=7, tm_min=6, tm_sec=15, tm_wday=5, tm_yday=245, tm_isdst=-1)",2023-09-02,2023,9,245,2,6,7
2023-09-02 07:08:45,40.761742,-111.91069,1291.2,0.0,299.3,1.0,13.59,28.79,23.72,46.31,1.0,2.0,30.0,25.0,875.3,0.0,32.8,2.52,42.5,813.0,1.9,2.2,4.0,34.9,795.4,2.12,146.6,0.0,0,1,"time.struct_time(tm_year=2023, tm_mon=9, tm_mday=2, tm_hour=7, tm_min=8, tm_sec=45, tm_wday=5, tm_yday=245, tm_isdst=-1)",2023-09-02,2023,9,245,2,8,7
2023-09-02 07:11:15,40.761749,-111.910683,1291.7,0.0,299.3,1.0,13.59,28.77,23.7,46.26,1.0,2.0,30.0,25.0,875.3,0.0,35.8,2.5,42.5,813.0,1.7,0.0,1.7,34.9,795.4,2.12,146.6,0.0,0,1,"time.struct_time(tm_year=2023, tm_mon=9, tm_mday=2, tm_hour=7, tm_min=11, tm_sec=15, tm_wday=5, tm_yday=245, tm_isdst=-1)",2023-09-02,2023,9,245,2,11,7
2023-09-02 07:13:45,40.761742,-111.91069,1291.7,0.0,299.3,1.0,13.59,28.77,23.51,47.04,1.0,2.0,30.0,25.0,875.2,0.0,33.2,2.52,42.5,813.0,2.4,1.0,3.5,35.0,795.5,2.12,146.5,0.0,0,1,"time.struct_time(tm_year=2023, tm_mon=9, tm_mday=2, tm_hour=7, tm_min=13, tm_sec=45, tm_wday=5, tm_yday=245, tm_isdst=-1)",2023-09-02,2023,9,245,2,13,7
2023-09-02 07:16:15,40.761726,-111.91069,1290.5,0.0,299.3,1.0,13.6,28.82,23.46,47.42,1.0,2.0,30.0,25.0,875.3,0.0,36.9,2.52,42.5,812.9,1.8,1.0,2.7,35.0,795.4,2.12,146.5,0.0,0,1,"time.struct_time(tm_year=2023, tm_mon=9, tm_mday=2, tm_hour=7, tm_min=16, tm_sec=15, tm_wday=5, tm_yday=245, tm_isdst=-1)",2023-09-02,2023,9,245,2,16,7
2023-09-02 07:18:45,40.761734,-111.91069,1290.8,0.0,299.3,1.0,13.59,28.84,23.44,47.91,1.0,2.0,30.11,25.0,875.3,0.0,34.0,2.51,42.5,813.0,0.9,-0.4,0.5,35.0,795.4,2.12,146.5,0.0,0,1,"time.struct_time(tm_year=2023, tm_mon=9, tm_mday=2, tm_hour=7, tm_min=18, tm_sec=45, tm_wday=5, tm_yday=245, tm_isdst=-1)",2023-09-02,2023,9,245,2,18,7
2023-09-02 07:21:15,40.761738,-111.910675,1290.5,0.0,299.3,1.0,13.59,28.84,23.36,48.68,1.0,2.0,30.0,25.0,875.4,0.0,34.7,2.51,42.5,813.0,1.4,1.5,2.9,35.0,795.4,2.12,146.7,0.0,0,1,"time.struct_time(tm_year=2023, tm_mon=9, tm_mday=2, tm_hour=7, tm_min=21, tm_sec=15, tm_wday=5, tm_yday=245, tm_isdst=-1)",2023-09-02,2023,9,245,2,21,7
2023-09-02 07:23:45,40.761723,-111.91069,1290.1,0.0,299.3,1.0,13.59,28.88,23.28,48.64,1.0,2.0,30.0,25.0,875.2,0.0,32.2,2.5,42.5,813.0,-0.8,0.6,-0.2,35.0,795.6,2.12,146.5,0.0,0,1,"time.struct_time(tm_year=2023, tm_mon=9, tm_mday=2, tm_hour=7, tm_min=23, tm_sec=45, tm_wday=5, tm_yday=245, tm_isdst=-1)",2023-09-02,2023,9,245,2,23,7
2023-09-02 07:26:15,40.761738,-111.910706,1290.0,0.0,299.3,1.0,13.59,28.92,23.28,48.3,1.0,2.0,30.0,26.0,875.3,0.0,34.6,2.5,42.5,813.0,2.5,4.0,6.6,35.1,795.7,2.12,146.5,0.0,0,1,"time.struct_time(tm_year=2023, tm_mon=9, tm_mday=2, tm_hour=7, tm_min=26, tm_sec=15, tm_wday=5, tm_yday=245, tm_isdst=-1)",2023-09-02,2023,9,245,2,26,7
2023-09-02 07:28:45,40.761726,-111.910713,1291.0,0.0,299.3,1.0,13.59,28.92,23.3,47.68,1.0,2.0,30.0,25.0,875.2,0.0,23.6,2.52,42.5,813.1,2.4,7.5,10.0,35.1,795.7,2.12,146.3,0.0,0,1,"time.struct_time(tm_year=2023, tm_mon=9, tm_mday=2, tm_hour=7, tm_min=28, tm_sec=45, tm_wday=5, tm_yday=245, tm_isdst=-1)",2023-09-02,2023,9,245,2,28,7
2023-09-02 07:31:15,40.761711,-111.910721,1291.6,0.0,299.3,1.0,13.6,28.88,23.34,47.8,2.0,2.0,30.0,25.0,875.2,0.0,29.0,2.52,42.5,813.0,5.7,15.7,21.4,35.1,795.7,2.12,146.3,0.0,0,1,"time.struct_time(tm_year=2023, tm_mon=9, tm_mday=2, tm_hour=7, tm_min=31, tm_sec=15, tm_wday=5, tm_yday=245, tm_isdst=-1)",2023-09-02,2023,9,245,2,31,7
2023-09-02 07:33:45,40.761715,-111.910728,1291.9,0.0,299.3,1.0,13.59,28.83,23.34,47.84,1.0,2.0,30.0,25.0,875.1,0.0,16.0,2.53,42.5,813.1,16.1,14.5,30.7,35.1,795.7,2.12,146.3,0.0,0,1,"time.struct_time(tm_year=2023, tm_mon=9, tm_mday=2, tm_hour=7, tm_min=33, tm_sec=45, tm_wday=5, tm_yday=245, tm_isdst=-1)",2023-09-02,2023,9,245,2,33,7
2023-09-02 07:36:15,40.761715,-111.910736,1291.8,0.0,299.3,1.0,13.59,28.78,23.32,48.02,2.0,2.0,30.0,25.0,875.3,0.0,17.1,2.51,42.4,813.1,8.4,14.7,23.1,35.1,795.8,2.12,146.4,0.0,0,1,"time.struct_time(tm_year=2023, tm_mon=9, tm_mday=2, tm_hour=7, tm_min=36, tm_sec=15, tm_wday=5, tm_yday=245, tm_isdst=-1)",2023-09-02,2023,9,245,2,36,7
2023-09-02 07:38:45,40.761726,-111.910728,1292.0,0.0,299.3,1.0,13.59,28.74,23.36,48.06,1.0,2.0,30.0,25.0,875.4,0.0,18.6,2.51,42.4,813.1,5.0,20.9,25.9,35.1,795.6,2.12,146.4,0.0,0,1,"time.struct_time(tm_year=2023, tm_mon=9, tm_mday=2, tm_hour=7, tm_min=38, tm_sec=45, tm_wday=5, tm_yday=245, tm_isdst=-1)",2023-09-02,2023,9,245,2,38,7
2023-09-02 07:41:15,40.761738,-111.910721,1291.4,0.0,299.3,1.0,13.6,28.7,23.3,49.23,1.0,2.0,30.0,26.0,875.2,0.0,32.2,2.52,42.4,813.0,1.2,8.2,9.4,35.2,795.6,2.12,146.4,0.0,0,1,"time.struct_time(tm_year=2023, tm_mon=9, tm_mday=2, tm_hour=7, tm_min=41, tm_sec=15, tm_wday=5, tm_yday=245, tm_isdst=-1)",2023-09-02,2023,9,245,2,41,7
2023-09-02 07:43:45,40.761726,-111.910713,1290.5,0.0,299.3,1.0,13.59,28.67,23.24,49.06,1.0,2.0,30.0,26.0,875.3,0.0,34.7,2.52,42.4,813.2,0.3,1.9,2.2,35.2,795.7,2.12,146.6,0.0,0,1,"time.struct_time(tm_year=2023, tm_mon=9, tm_mday=2, tm_hour=7, tm_min=43, tm_sec=45, tm_wday=5, tm_yday=245, tm_isdst=-1)",2023-09-02,2023,9,245,2,43,7
2023-09-02 07:47:20,40.761734,-111.910721,1291.7,0.0,299.3,1.0,13.59,28.62,23.26,48.06,1.0,2.0,30.0,25.0,875.3,0.0,32.9,2.51,42.4,813.2,-0.1,-0.6,-0.8,35.2,795.6,2.08,146.0,0.0,0,1,"time.struct_time(tm_year=2023, tm_mon=9, tm_mday=2, tm_hour=7, tm_min=47, tm_sec=20, tm_wday=5, tm_yday=245, tm_isdst=-1)",2023-09-02,2023,9,245,2,47,7
2023-09-02 07:49:50,40.761719,-111.910721,1290.3,0.0,299.3,1.0,13.59,28.59,23.27,47.72,1.0,2.0,29.89,25.0,875.3,0.0,35.3,2.51,42.4,813.2,-0.2,-0.4,-0.6,35.2,795.8,2.08,146.0,0.0,0,1,"time.struct_time(tm_year=2023, tm_mon=9, tm_mday=2, tm_hour=7, tm_min=49, tm_sec=50, tm_wday=5, tm_yday=245, tm_isdst=-1)",2023-09-02,2023,9,245,2,49,7
2023-09-02 07:52:20,40.761715,-111.910721,1290.1,0.0,299.3,1.0,13.59,28.58,23.26,47.52,1.0,2.0,29.89,25.0,875.4,0.0,33.5,2.51,42.4,813.2,4.0,-5.0,-1.1,35.2,795.7,2.09,146.1,0.0,0,1,"time.struct_time(tm_year=2023, tm_mon=9, tm_mday=2, tm_hour=7, tm_min=52, tm_sec=20, tm_wday=5, tm_yday=245, tm_isdst=-1)",2023-09-02,2023,9,245,2,52,7
2023-09-02 07:54:50,40.761715,-111.910721,1289.2,0.0,299.3,1.0,13.59,28.62,23.29,47.02,1.0,2.0,30.0,25.0,875.3,0.0,30.5,2.51,42.4,813.1,2.7,-4.3,-1.6,35.2,795.8,2.08,145.9,0.0,0,1,"time.struct_time(tm_year=2023, tm_mon=9, tm_mday=2, tm_hour=7, tm_min=54, tm_sec=50, tm_wday=5, tm_yday=245, tm_isdst=-1)",2023-09-02,2023,9,245,2,54,7
2023-09-02 07:57:20,40.761711,-111.910706,1288.6,0.0,299.3,1.0,13.59,28.68,23.28,46.62,1.0,2.0,30.0,25.0,875.4,0.0,36.8,2.51,42.4,813.3,0.8,-1.0,-0.2,35.2,795.8,2.08,146.0,0.0,0,1,"time.struct_time(tm_year=2023, tm_mon=9, tm_mday=2, tm_hour=7, tm_min=57, tm_sec=20, tm_wday=5, tm_yday=245, tm_isdst=-1)",2023-09-02,2023,9,245,2,57,7
2023-09-02 07:59:50,40.761703,-111.91069,1288.3,0.0,299.3,1.0,13.59,28.74,23.3,46.57,1.0,2.0,30.0,25.0,875.7,0.0,34.1,2.51,42.4,813.3,-0.2,-0.9,-1.1,35.3,796.0,2.08,146.0,0.0,0,1,"time.struct_time(tm_year=2023, tm_mon=9, tm_mday=2, tm_hour=7, tm_min=59, tm_sec=50, tm_wday=5, tm_yday=245, tm_isdst=-1)",2023-09-02,2023,9,245,2,59,7
2023-09-02 08:02:20,40.761703,-111.91069,1287.7,0.0,299.3,1.0,13.59,28.73,23.35,46.4,1.0,2.0,29.89,25.0,875.6,0.0,34.1,2.5,42.3,813.4,-1.4,-0.3,-1.7,35.3,796.0,2.08,146.1,0.0,0,1,"time.struct_time(tm_year=2023, tm_mon=9, tm_mday=2, tm_hour=8, tm_min=2, tm_sec=20, tm_wday=5, tm_yday=245, tm_isdst=-1)",2023-09-02,2023,9,245,2,2,8
2023-09-02 08:04:50,40.761696,-111.910683,1286.8,0.0,299.3,1.0,13.59,28.71,23.34,46.54,1.0,2.0,29.89,25.0,875.6,0.0,35.2,2.5,42.3,813.5,0.9,-2.0,-1.1,35.3,796.0,2.08,145.9,0.0,0,1,"time.struct_time(tm_year=2023, tm_mon=9, tm_mday=2, tm_hour=8, tm_min=4, tm_sec=50, tm_wday=5, tm_yday=245, tm_isdst=-1)",2023-09-02,2023,9,245,2,4,8
2023-09-02 08:07:20,40.7617,-111.91069,1286.5,0.0,299.3,1.0,13.6,28.67,23.35,46.74,1.0,2.0,29.89,25.0,875.7,0.0,36.3,2.52,42.3,813.5,0.4,-1.9,-1.5,35.3,796.0,2.09,146.1,0.0,0,1,"time.struct_time(tm_year=2023, tm_mon=9, tm_mday=2, tm_hour=8, tm_min=7, tm_sec=20, tm_wday=5, tm_yday=245, tm_isdst=-1)",2023-09-02,2023,9,245,2,7,8
2023-09-02 08:09:50,40.761703,-111.910683,1286.2,0.0,299.3,1.0,13.59,28.63,23.34,46.76,1.0,2.0,29.89,25.0,875.7,0.0,35.2,2.5,42.3,813.4,0.5,-2.8,-2.3,35.3,795.9,2.09,146.1,0.0,0,1,"time.struct_time(tm_year=2023, tm_mon=9, tm_mday=2, tm_hour=8, tm_min=9, tm_sec=50, tm_wday=5, tm_yday=245, tm_isdst=-1)",2023-09-02,2023,9,245,2,9,8
2023-09-02 08:12:20,40.761696,-111.910683,1286.4,0.0,299.3,1.0,13.59,28.59,23.41,47.25,1.0,2.0,29.89,25.0,875.6,0.0,36.6,2.51,42.3,813.5,3.9,-3.6,0.3,35.3,795.9,2.09,146.1,0.0,0,1,"time.struct_time(tm_year=2023, tm_mon=9, tm_mday=2, tm_hour=8, tm_min=12, tm_sec=20, tm_wday=5, tm_yday=245, tm_isdst=-1)",2023-09-02,2023,9,245,2,12,8
2023-09-02 08:14:50,40.761703,-111.910683,1286.8,0.0,299.3,1.0,13.59,28.56,23.33,47.72,1.0,2.0,29.89,25.0,875.6,0.0,35.3,2.51,42.3,813.5,2.7,-3.5,-0.8,35.3,796.0,2.09,146.1,0.0,0,1,"time.struct_time(tm_year=2023, tm_mon=9, tm_mday=2, tm_hour=8, tm_min=14, tm_sec=50, tm_wday=5, tm_yday=245, tm_isdst=-1)",2023-09-02,2023,9,245,2,14,8
2023-09-02 08:17:20,40.7617,-111.910675,1285.7,0.0,299.3,1.0,13.59,28.52,23.34,48.45,1.0,2.0,29.89,26.0,875.8,0.0,29.9,2.51,42.3,813.6,2.6,-5.2,-2.6,35.3,796.0,2.09,146.2,0.0,0,1,"time.struct_time(tm_year=2023, tm_mon=9, tm_mday=2, tm_hour=8, tm_min=17, tm_sec=20, tm_wday=5, tm_yday=245, tm_isdst=-1)",2023-09-02,2023,9,245,2,17,8
2023-09-02 08:19:50,40.761703,-111.910675,1285.6,0.0,299.3,1.0,13.6,28.5,23.39,48.04,2.0,2.0,29.89,26.0,875.7,0.0,31.0,2.51,42.3,813.5,3.1,0.1,3.2,35.3,796.0,2.09,146.1,0.0,0,1,"time.struct_time(tm_year=2023, tm_mon=9, tm_mday=2, tm_hour=8, tm_min=19, tm_sec=50, tm_wday=5, tm_yday=245, tm_isdst=-1)",2023-09-02,2023,9,245,2,19,8
2023-09-02 08:22:20,40.761707,-111.910675,1286.0,0.0,299.3,1.0,13.59,28.47,23.41,48.02,1.0,2.0,29.89,26.0,875.7,0.0,32.4,2.5,42.3,813.5,-0.1,0.9,0.8,35.3,796.1,2.09,146.2,0.0,0,1,"time.struct_time(tm_year=2023, tm_mon=9, tm_mday=2, tm_hour=8, tm_min=22, tm_sec=20, tm_wday=5, tm_yday=245, tm_isdst=-1)",2023-09-02,2023,9,245,2,22,8
2023-09-02 08:24:50,40.761719,-111.910683,1286.3,0.0,299.3,1.0,13.59,28.44,23.33,48.52,1.0,2.0,29.89,26.0,875.7,0.0,29.6,2.51,42.3,813.5,1.6,0.2,1.8,35.3,796.0,2.09,146.2,0.0,0,1,"time.struct_time(tm_year=2023, tm_mon=9, tm_mday=2, tm_hour=8, tm_min=24, tm_sec=50, tm_wday=5, tm_yday=245, tm_isdst=-1)",2023-09-02,2023,9,245,2,24,8
2023-09-02 08:27:20,40.761719,-111.91069,1285.7,0.0,299.3,1.0,13.59,28.42,23.33,48.37,1.0,2.0,29.89,26.0,875.8,0.0,33.8,2.5,42.3,813.6,1.0,-1.5,-0.6,35.3,796.1,2.08,146.1,0.0,0,1,"time.struct_time(tm_year=2023, tm_mon=9, tm_mday=2, tm_hour=8, tm_min=27, tm_sec=20, tm_wday=5, tm_yday=245, tm_isdst=-1)",2023-09-02,2023,9,245,2,27,8
2023-09-02 08:29:50,40.761711,-111.91069,1285.3,0.0,299.3,1.0,13.59,28.41,23.3,48.38,1.0,2.0,29.89,26.0,875.6,0.0,32.3,2.51,42.2,813.5,0.2,0.3,0.5,35.4,796.0,2.08,146.1,0.0,0,1,"time.struct_time(tm_year=2023, tm_mon=9, tm_mday=2, tm_hour=8, tm_min=29, tm_sec=50, tm_wday=5, tm_yday=245, tm_isdst=-1)",2023-09-02,2023,9,245,2,29,8
2023-09-02 08:32:20,40.761719,-111.91069,1285.4,0.0,299.3,1.0,13.6,28.39,23.31,48.61,2.0,2.0,29.89,26.0,875.7,0.0,24.8,2.49,42.2,813.6,3.3,6.1,9.4,35.4,796.1,2.08,146.1,0.0,0,1,"time.struct_time(tm_year=2023, tm_mon=9, tm_mday=2, tm_hour=8, tm_min=32, tm_sec=20, tm_wday=5, tm_yday=245, tm_isdst=-1)",2023-09-02,2023,9,245,2,32,8
2023-09-02 08:34:50,40.761711,-111.91069,1285.3,0.0,299.3,1.0,13.59,28.37,23.29,48.45,2.0,2.0,29.78,26.0,875.6,0.0,33.1,2.5,42.2,813.5,3.5,7.9,11.3,35.4,796.1,2.08,146.2,0.0,0,1,"time.struct_time(tm_year=2023, tm_mon=9, tm_mday=2, tm_hour=8, tm_min=34, tm_sec=50, tm_wday=5, tm_yday=245, tm_isdst=-1)",2023-09-02,2023,9,245,2,34,8
2023-09-02 08:37:20,40.761726,-111.91069,1285.0,0.0,299.3,1.0,13.6,28.34,23.3,48.26,3.0,2.0,29.78,26.0,875.8,0.0,23.3,2.51,42.2,813.6,2.8,7.7,10.5,35.4,796.1,2.09,146.1,0.0,0,1,"time.struct_time(tm_year=2023, tm_mon=9, tm_mday=2, tm_hour=8, tm_min=37, tm_sec=20, tm_wday=5, tm_yday=245, tm_isdst=-1)",2023-09-02,2023,9,245,2,37,8
2023-09-02 08:39:50,40.761726,-111.910698,1285.2,0.0,299.3,1.0,13.6,28.32,23.33,48.13,1.0,2.0,29.78,26.0,875.8,0.0,35.3,2.5,42.2,813.5,4.3,3.6,7.8,35.4,796.0,2.09,146.2,0.0,0,1,"time.struct_time(tm_year=2023, tm_mon=9, tm_mday=2, tm_hour=8, tm_min=39, tm_sec=50, tm_wday=5, tm_yday=245, tm_isdst=-1)",2023-09-02,2023,9,245,2,39,8
2023-09-02 08:42:20,40.76173,-111.91069,1283.8,0.0,299.3,1.0,13.59,28.31,23.33,48.1,1.0,2.0,29.78,26.0,876.0,0.0,34.9,2.5,42.2,813.6,3.3,-0.5,2.8,35.4,796.1,2.08,146.1,0.0,0,1,"time.struct_time(tm_year=2023, tm_mon=9, tm_mday=2, tm_hour=8, tm_min=42, tm_sec=20, tm_wday=5, tm_yday=245, tm_isdst=-1)",2023-09-02,2023,9,245,2,42,8
2023-09-02 08:44:50,40.761726,-111.910698,1284.8,0.0,299.3,1.0,13.59,28.3,23.33,48.2,1.0,2.0,29.78,26.0,875.7,0.0,31.3,2.51,42.2,813.5,3.2,-3.2,0.0,35.4,796.1,2.09,146.2,0.0,0,1,"time.struct_time(tm_year=2023, tm_mon=9, tm_mday=2, tm_hour=8, tm_min=44, tm_sec=50, tm_wday=5, tm_yday=245, tm_isdst=-1)",2023-09-02,2023,9,245,2,44,8
2023-09-02 08:48:25,40.761711,-111.910721,1284.8,0.0,299.3,1.0,13.59,28.27,23.27,48.22,1.0,2.0,29.72,26.0,875.9,0.0,33.2,2.51,42.2,813.7,0.9,2.4,3.3,35.4,796.0,2.08,147.7,0.0,0,1,"time.struct_time(tm_year=2023, tm_mon=9, tm_mday=2, tm_hour=8, tm_min=48, tm_sec=25, tm_wday=5, tm_yday=245, tm_isdst=-1)",2023-09-02,2023,9,245,2,48,8
