Timestamp_UTC,Latitude_ddeg,Longitude_ddeg,Elevation_m,GPS_Speed_m/s,GPS_Direction_deg,GPS_RMC_Valid_binary,Battery_Voltage_volts,Bus_Box_Temperature_degC,Bus_Top_Temperature_degC,Bus_Top_Relative_Humidity_%,ES642_PM2.5_Concentration_ug/m3,ES642_Air_Flow_Rate_L/min,ES642_Internal_Air_Temperature_degC,ES642_Internal_Relative_Humidity_%,ES642_Internal_Air_Pressure_hpa,ES642_Error_Code_code,2B_Ozone_Concentration_ppbv,2B_Air_Flow_Rate_L/min,2B_Internal_Air_Temperature_degC,2B_Internal_Air_Pressure_hpa,2B405_NO_Concentration_ppbv,2B405_NO2_Concentration_ppbv,2B405_NOX_Concentration_ppbv,2B405_Internal_Air_Temperature_degC,2B405_Internal_Air_Pressure_hpa,2B405_Air_Flow_Rate_L/min,2B405_Cell_O3_Flow_Rate_mL/min,PM2.5_Data_Flagged_binary,Ozone_Data_Flagged_binary,GPS_Data_Flagged_binary,Time_Tuple,Date,Year,Month,Day_of_Year,Day_of_Month,Minute,Hour,Transit_ID
2022-02-05 01:55:40,40.765869,-111.908913,1302.8,-9999.0,-9999.0,-9999.0,13.73,22.29,21.16,13.81,6.0,2.0,18.5,26.0,888.0,0.0,33.1,2.14,26.0,843.5,-9999.0,-9999.0,-9999.0,-9999.0,-9999.0,-9999.0,-9999.0,0.0,0,1,"time.struct_time(tm_year=2022, tm_mon=2, tm_mday=5, tm_hour=1, tm_min=55, tm_sec=40, tm_wday=5, tm_yday=36, tm_isdst=-1)",2022-02-05,2022,2,36,5,55,1,BUS03
2022-02-05 01:59:15,40.765648,-111.908867,1295.5,-9999.0,-9999.0,-9999.0,13.73,22.41,21.13,13.4,6.0,2.0,18.72,24.0,888.2,0.0,-2.4,2.15,27.3,843.7,-9999.0,-9999.0,-9999.0,-9999.0,-9999.0,-9999.0,-9999.0,0.0,0,1,"time.struct_time(tm_year=2022, tm_mon=2, tm_mday=5, tm_hour=1, tm_min=59, tm_sec=15, tm_wday=5, tm_yday=36, tm_isdst=-1)",2022-02-05,2022,2,36,5,59,1,BUS03
2022-02-05 02:01:45,40.765755,-111.908806,1284.3,-9999.0,-9999.0,-9999.0,13.73,22.5,21.13,13.28,6.0,2.0,18.89,24.0,888.1,0.0,0.3,2.15,28.2,843.9,-9999.0,-9999.0,-9999.0,-9999.0,-9999.0,-9999.0,-9999.0,0.0,0,1,"time.struct_time(tm_year=2022, tm_mon=2, tm_mday=5, tm_hour=2, tm_min=1, tm_sec=45, tm_wday=5, tm_yday=36, tm_isdst=-1)",2022-02-05,2022,2,36,5,1,2,BUS03
2022-02-05 02:04:15,40.765606,-111.908951,1290.8,-9999.0,-9999.0,-9999.0,13.73,22.58,21.11,13.04,6.0,2.0,19.11,23.0,888.1,0.0,-1.2,2.15,28.9,843.7,-9999.0,-9999.0,-9999.0,-9999.0,-9999.0,-9999.0,-9999.0,0.0,0,1,"time.struct_time(tm_year=2022, tm_mon=2, tm_mday=5, tm_hour=2, tm_min=4, tm_sec=15, tm_wday=5, tm_yday=36, tm_isdst=-1)",2022-02-05,2022,2,36,5,4,2,BUS03
2022-02-05 02:06:45,40.765759,-111.909004,1283.6,-9999.0,-9999.0,-9999.0,13.73,22.67,21.12,13.43,5.0,2.0,19.22,22.0,888.1,0.0,0.1,2.16,29.6,844.0,-9999.0,-9999.0,-9999.0,-9999.0,-9999.0,-9999.0,-9999.0,0.0,0,1,"time.struct_time(tm_year=2022, tm_mon=2, tm_mday=5, tm_hour=2, tm_min=6, tm_sec=45, tm_wday=5, tm_yday=36, tm_isdst=-1)",2022-02-05,2022,2,36,5,6,2,BUS03
2022-02-05 02:09:15,40.765678,-111.90889,1278.2,-9999.0,-9999.0,-9999.0,13.73,22.76,21.13,13.12,5.0,2.0,19.5,22.0,888.0,0.0,-1.0,2.17,30.2,843.8,-9999.0,-9999.0,-9999.0,-9999.0,-9999.0,-9999.0,-9999.0,0.0,0,1,"time.struct_time(tm_year=2022, tm_mon=2, tm_mday=5, tm_hour=2, tm_min=9, tm_sec=15, tm_wday=5, tm_yday=36, tm_isdst=-1)",2022-02-05,2022,2,36,5,9,2,BUS03
2022-02-05 02:11:45,40.765812,-111.908958,1260.2,-9999.0,-9999.0,-9999.0,13.73,22.86,21.15,12.74,5.0,2.0,19.61,21.0,887.9,0.0,-0.3,2.15,30.7,843.8,-9999.0,-9999.0,-9999.0,-9999.0,-9999.0,-9999.0,-9999.0,0.0,0,1,"time.struct_time(tm_year=2022, tm_mon=2, tm_mday=5, tm_hour=2, tm_min=11, tm_sec=45, tm_wday=5, tm_yday=36, tm_isdst=-1)",2022-02-05,2022,2,36,5,11,2,BUS03
2022-02-05 02:14:15,40.765766,-111.908966,1269.8,-9999.0,-9999.0,-9999.0,13.73,22.95,21.18,13.87,6.0,2.0,19.78,21.0,887.9,0.0,-0.6,2.16,31.2,843.8,-9999.0,-9999.0,-9999.0,-9999.0,-9999.0,-9999.0,-9999.0,0.0,0,1,"time.struct_time(tm_year=2022, tm_mon=2, tm_mday=5, tm_hour=2, tm_min=14, tm_sec=15, tm_wday=5, tm_yday=36, tm_isdst=-1)",2022-02-05,2022,2,36,5,14,2,BUS03
2022-02-05 02:16:45,40.765728,-111.908997,1283.7,-9999.0,-9999.0,-9999.0,13.7,23.04,21.22,13.21,6.0,2.0,20.0,21.0,887.9,0.0,1.0,2.16,31.7,843.8,-9999.0,-9999.0,-9999.0,-9999.0,-9999.0,-9999.0,-9999.0,0.0,0,1,"time.struct_time(tm_year=2022, tm_mon=2, tm_mday=5, tm_hour=2, tm_min=16, tm_sec=45, tm_wday=5, tm_yday=36, tm_isdst=-1)",2022-02-05,2022,2,36,5,16,2,BUS03
2022-02-05 02:19:15,40.765717,-111.909035,1268.8,-9999.0,-9999.0,-9999.0,13.7,23.13,21.25,12.95,7.0,2.0,20.22,20.0,888.1,0.0,-0.5,2.17,32.1,843.8,-9999.0,-9999.0,-9999.0,-9999.0,-9999.0,-9999.0,-9999.0,0.0,0,1,"time.struct_time(tm_year=2022, tm_mon=2, tm_mday=5, tm_hour=2, tm_min=19, tm_sec=15, tm_wday=5, tm_yday=36, tm_isdst=-1)",2022-02-05,2022,2,36,5,19,2,BUS03
2022-02-05 02:21:45,40.765766,-111.908943,1270.6,-9999.0,-9999.0,-9999.0,13.69,23.22,21.27,12.88,5.0,2.0,20.39,20.0,887.8,0.0,0.3,2.18,32.5,843.7,-9999.0,-9999.0,-9999.0,-9999.0,-9999.0,-9999.0,-9999.0,0.0,0,1,"time.struct_time(tm_year=2022, tm_mon=2, tm_mday=5, tm_hour=2, tm_min=21, tm_sec=45, tm_wday=5, tm_yday=36, tm_isdst=-1)",2022-02-05,2022,2,36,5,21,2,BUS03
2022-02-05 02:24:15,40.765659,-111.909035,1263.1,-9999.0,-9999.0,-9999.0,13.69,23.31,21.29,12.89,5.0,2.0,20.5,19.0,887.9,0.0,-0.9,2.18,32.8,843.7,-9999.0,-9999.0,-9999.0,-9999.0,-9999.0,-9999.0,-9999.0,0.0,0,1,"time.struct_time(tm_year=2022, tm_mon=2, tm_mday=5, tm_hour=2, tm_min=24, tm_sec=15, tm_wday=5, tm_yday=36, tm_isdst=-1)",2022-02-05,2022,2,36,5,24,2,BUS03
2022-02-05 02:26:45,40.765743,-111.909073,1265.3,-9999.0,-9999.0,-9999.0,13.69,23.4,21.3,14.42,6.0,2.0,20.72,19.0,888.1,0.0,0.2,2.18,33.1,843.8,-9999.0,-9999.0,-9999.0,-9999.0,-9999.0,-9999.0,-9999.0,0.0,0,1,"time.struct_time(tm_year=2022, tm_mon=2, tm_mday=5, tm_hour=2, tm_min=26, tm_sec=45, tm_wday=5, tm_yday=36, tm_isdst=-1)",2022-02-05,2022,2,36,5,26,2,BUS03
2022-02-05 02:29:15,40.765877,-111.909164,1265.5,-9999.0,-9999.0,-9999.0,13.7,23.49,21.33,13.31,5.0,2.0,20.89,19.0,887.9,0.0,-3.8,2.18,33.5,843.7,-9999.0,-9999.0,-9999.0,-9999.0,-9999.0,-9999.0,-9999.0,0.0,0,1,"time.struct_time(tm_year=2022, tm_mon=2, tm_mday=5, tm_hour=2, tm_min=29, tm_sec=15, tm_wday=5, tm_yday=36, tm_isdst=-1)",2022-02-05,2022,2,36,5,29,2,BUS03
2022-02-05 02:31:45,40.765923,-111.909073,1262.6,-9999.0,-9999.0,-9999.0,13.7,23.58,21.36,13.35,5.0,2.0,21.0,19.0,888.1,0.0,-2.9,2.2,33.7,843.8,-9999.0,-9999.0,-9999.0,-9999.0,-9999.0,-9999.0,-9999.0,0.0,0,1,"time.struct_time(tm_year=2022, tm_mon=2, tm_mday=5, tm_hour=2, tm_min=31, tm_sec=45, tm_wday=5, tm_yday=36, tm_isdst=-1)",2022-02-05,2022,2,36,5,31,2,BUS03
2022-02-05 02:34:15,40.765621,-111.909035,1267.1,-9999.0,-9999.0,-9999.0,13.69,23.66,21.37,13.32,5.0,2.0,21.22,18.0,887.9,0.0,-2.5,2.18,34.0,843.7,-9999.0,-9999.0,-9999.0,-9999.0,-9999.0,-9999.0,-9999.0,0.0,0,1,"time.struct_time(tm_year=2022, tm_mon=2, tm_mday=5, tm_hour=2, tm_min=34, tm_sec=15, tm_wday=5, tm_yday=36, tm_isdst=-1)",2022-02-05,2022,2,36,5,34,2,BUS03
2022-02-05 02:36:45,40.765652,-111.909019,1268.6,-9999.0,-9999.0,-9999.0,13.7,23.74,21.4,13.24,5.0,2.0,21.28,18.0,888.0,0.0,-0.5,2.19,34.3,843.8,-9999.0,-9999.0,-9999.0,-9999.0,-9999.0,-9999.0,-9999.0,0.0,0,1,"time.struct_time(tm_year=2022, tm_mon=2, tm_mday=5, tm_hour=2, tm_min=36, tm_sec=45, tm_wday=5, tm_yday=36, tm_isdst=-1)",2022-02-05,2022,2,36,5,36,2,BUS03
2022-02-05 02:39:15,40.765469,-111.909019,1273.0,-9999.0,-9999.0,-9999.0,13.7,23.82,21.4,13.32,5.0,2.0,21.5,18.0,887.9,0.0,-0.1,2.2,34.5,843.8,-9999.0,-9999.0,-9999.0,-9999.0,-9999.0,-9999.0,-9999.0,0.0,0,1,"time.struct_time(tm_year=2022, tm_mon=2, tm_mday=5, tm_hour=2, tm_min=39, tm_sec=15, tm_wday=5, tm_yday=36, tm_isdst=-1)",2022-02-05,2022,2,36,5,39,2,BUS03
2022-02-05 02:41:45,40.765781,-111.908958,1280.9,-9999.0,-9999.0,-9999.0,13.7,23.9,21.42,13.43,6.0,2.0,21.61,18.0,888.0,0.0,-1.4,2.19,34.7,843.7,-9999.0,-9999.0,-9999.0,-9999.0,-9999.0,-9999.0,-9999.0,0.0,0,1,"time.struct_time(tm_year=2022, tm_mon=2, tm_mday=5, tm_hour=2, tm_min=41, tm_sec=45, tm_wday=5, tm_yday=36, tm_isdst=-1)",2022-02-05,2022,2,36,5,41,2,BUS03
2022-02-05 02:44:15,40.765701,-111.908844,1281.9,-9999.0,-9999.0,-9999.0,13.7,23.98,21.43,14.41,5.0,2.0,21.72,17.0,888.0,0.0,-1.9,2.18,34.9,843.6,-9999.0,-9999.0,-9999.0,-9999.0,-9999.0,-9999.0,-9999.0,0.0,0,1,"time.struct_time(tm_year=2022, tm_mon=2, tm_mday=5, tm_hour=2, tm_min=44, tm_sec=15, tm_wday=5, tm_yday=36, tm_isdst=-1)",2022-02-05,2022,2,36,5,44,2,BUS03
2022-02-05 02:46:45,40.765644,-111.909111,1275.0,-9999.0,-9999.0,-9999.0,13.7,24.05,21.5,14.74,6.0,2.0,21.89,17.0,887.8,0.0,-3.5,2.19,35.1,843.6,-9999.0,-9999.0,-9999.0,-9999.0,-9999.0,-9999.0,-9999.0,0.0,0,1,"time.struct_time(tm_year=2022, tm_mon=2, tm_mday=5, tm_hour=2, tm_min=46, tm_sec=45, tm_wday=5, tm_yday=36, tm_isdst=-1)",2022-02-05,2022,2,36,5,46,2,BUS03
2022-02-05 02:50:20,40.765965,-111.90905,1273.9,-9999.0,-9999.0,-9999.0,13.7,24.16,21.57,13.36,5.0,2.0,22.0,17.0,887.7,0.0,-2.7,2.21,35.4,843.7,-9999.0,-9999.0,-9999.0,-9999.0,-9999.0,-9999.0,-9999.0,0.0,0,1,"time.struct_time(tm_year=2022, tm_mon=2, tm_mday=5, tm_hour=2, tm_min=50, tm_sec=20, tm_wday=5, tm_yday=36, tm_isdst=-1)",2022-02-05,2022,2,36,5,50,2,BUS03
2022-02-05 02:52:50,40.765839,-111.90905,1270.3,-9999.0,-9999.0,-9999.0,13.69,24.23,21.63,13.37,4.0,2.0,22.11,17.0,888.0,0.0,1.2,2.2,35.6,843.7,-9999.0,-9999.0,-9999.0,-9999.0,-9999.0,-9999.0,-9999.0,0.0,0,1,"time.struct_time(tm_year=2022, tm_mon=2, tm_mday=5, tm_hour=2, tm_min=52, tm_sec=50, tm_wday=5, tm_yday=36, tm_isdst=-1)",2022-02-05,2022,2,36,5,52,2,BUS03
2022-02-05 02:55:20,40.765781,-111.909157,1266.9,-9999.0,-9999.0,-9999.0,13.7,24.3,21.65,13.66,6.0,2.0,22.28,16.0,887.9,0.0,-1.8,2.2,35.7,843.6,-9999.0,-9999.0,-9999.0,-9999.0,-9999.0,-9999.0,-9999.0,0.0,0,1,"time.struct_time(tm_year=2022, tm_mon=2, tm_mday=5, tm_hour=2, tm_min=55, tm_sec=20, tm_wday=5, tm_yday=36, tm_isdst=-1)",2022-02-05,2022,2,36,5,55,2,BUS03
2022-02-05 02:57:50,40.765701,-111.908936,1267.5,-9999.0,-9999.0,-9999.0,13.7,24.37,21.66,13.9,5.0,2.0,22.39,16.0,887.8,0.0,-0.9,2.2,35.9,843.6,-9999.0,-9999.0,-9999.0,-9999.0,-9999.0,-9999.0,-9999.0,0.0,0,1,"time.struct_time(tm_year=2022, tm_mon=2, tm_mday=5, tm_hour=2, tm_min=57, tm_sec=50, tm_wday=5, tm_yday=36, tm_isdst=-1)",2022-02-05,2022,2,36,5,57,2,BUS03
2022-02-05 03:00:20,40.765602,-111.908974,1275.4,-9999.0,-9999.0,-9999.0,13.69,24.43,21.66,13.61,6.0,2.0,22.5,16.0,888.0,0.0,-1.9,2.2,36.0,843.5,-9999.0,-9999.0,-9999.0,-9999.0,-9999.0,-9999.0,-9999.0,0.0,0,1,"time.struct_time(tm_year=2022, tm_mon=2, tm_mday=5, tm_hour=3, tm_min=0, tm_sec=20, tm_wday=5, tm_yday=36, tm_isdst=-1)",2022-02-05,2022,2,36,5,0,3,BUS03
2022-02-05 03:02:50,40.765408,-111.908844,1275.0,-9999.0,-9999.0,-9999.0,13.7,24.5,21.68,13.34,4.0,2.0,22.61,16.0,887.8,0.0,0.6,2.2,36.2,843.5,-9999.0,-9999.0,-9999.0,-9999.0,-9999.0,-9999.0,-9999.0,0.0,0,1,"time.struct_time(tm_year=2022, tm_mon=2, tm_mday=5, tm_hour=3, tm_min=2, tm_sec=50, tm_wday=5, tm_yday=36, tm_isdst=-1)",2022-02-05,2022,2,36,5,2,3,BUS03
2022-02-05 03:05:20,40.765774,-111.90873,1272.9,-9999.0,-9999.0,-9999.0,13.7,24.56,21.68,13.44,3.0,2.0,22.72,16.0,887.7,0.0,-2.9,2.2,36.3,843.5,-9999.0,-9999.0,-9999.0,-9999.0,-9999.0,-9999.0,-9999.0,0.0,0,1,"time.struct_time(tm_year=2022, tm_mon=2, tm_mday=5, tm_hour=3, tm_min=5, tm_sec=20, tm_wday=5, tm_yday=36, tm_isdst=-1)",2022-02-05,2022,2,36,5,5,3,BUS03
2022-02-05 03:07:55,40.765572,-111.908798,1275.2,-9999.0,-9999.0,-9999.0,13.7,24.62,21.7,13.34,4.0,2.0,22.78,16.0,887.8,0.0,0.6,2.21,36.4,843.5,-9999.0,-9999.0,-9999.0,-9999.0,-9999.0,-9999.0,-9999.0,0.0,0,1,"time.struct_time(tm_year=2022, tm_mon=2, tm_mday=5, tm_hour=3, tm_min=7, tm_sec=55, tm_wday=5, tm_yday=36, tm_isdst=-1)",2022-02-05,2022,2,36,5,7,3,BUS03
2022-02-05 03:10:25,40.7658,-111.908821,1274.5,-9999.0,-9999.0,-9999.0,13.7,24.67,21.72,13.29,3.0,2.0,22.89,15.0,887.5,0.0,-0.1,2.22,36.5,843.4,-9999.0,-9999.0,-9999.0,-9999.0,-9999.0,-9999.0,-9999.0,0.0,0,1,"time.struct_time(tm_year=2022, tm_mon=2, tm_mday=5, tm_hour=3, tm_min=10, tm_sec=25, tm_wday=5, tm_yday=36, tm_isdst=-1)",2022-02-05,2022,2,36,5,10,3,BUS03
2022-02-05 03:12:55,40.765678,-111.908936,1278.1,-9999.0,-9999.0,-9999.0,13.69,24.73,21.72,13.21,3.0,2.0,23.0,15.0,887.9,0.0,-0.5,2.2,36.7,843.4,-9999.0,-9999.0,-9999.0,-9999.0,-9999.0,-9999.0,-9999.0,0.0,0,1,"time.struct_time(tm_year=2022, tm_mon=2, tm_mday=5, tm_hour=3, tm_min=12, tm_sec=55, tm_wday=5, tm_yday=36, tm_isdst=-1)",2022-02-05,2022,2,36,5,12,3,BUS03
2022-02-05 03:15:25,40.765602,-111.90905,1275.6,-9999.0,-9999.0,-9999.0,13.7,24.78,21.76,13.5,3.0,2.0,23.0,15.0,887.7,0.0,-1.3,2.21,36.8,843.4,-9999.0,-9999.0,-9999.0,-9999.0,-9999.0,-9999.0,-9999.0,0.0,0,1,"time.struct_time(tm_year=2022, tm_mon=2, tm_mday=5, tm_hour=3, tm_min=15, tm_sec=25, tm_wday=5, tm_yday=36, tm_isdst=-1)",2022-02-05,2022,2,36,5,15,3,BUS03
2022-02-05 03:17:55,40.765575,-111.909065,1270.1,-9999.0,-9999.0,-9999.0,13.7,24.83,21.7,13.36,3.0,2.0,23.11,15.0,887.7,0.0,0.7,2.21,36.9,843.5,-9999.0,-9999.0,-9999.0,-9999.0,-9999.0,-9999.0,-9999.0,0.0,0,1,"time.struct_time(tm_year=2022, tm_mon=2, tm_mday=5, tm_hour=3, tm_min=17, tm_sec=55, tm_wday=5, tm_yday=36, tm_isdst=-1)",2022-02-05,2022,2,36,5,17,3,BUS03
2022-02-05 03:20:25,40.765636,-111.90892,1276.6,-9999.0,-9999.0,-9999.0,13.7,24.88,21.69,13.33,3.0,2.0,23.22,15.0,887.6,0.0,-1.3,2.21,37.0,843.4,-9999.0,-9999.0,-9999.0,-9999.0,-9999.0,-9999.0,-9999.0,0.0,0,1,"time.struct_time(tm_year=2022, tm_mon=2, tm_mday=5, tm_hour=3, tm_min=20, tm_sec=25, tm_wday=5, tm_yday=36, tm_isdst=-1)",2022-02-05,2022,2,36,5,20,3,BUS03
2022-02-05 03:22:55,40.765732,-111.909019,1278.2,-9999.0,-9999.0,-9999.0,13.7,24.92,21.69,13.34,3.0,2.0,23.28,15.0,887.5,0.0,-0.4,2.21,37.1,843.5,-9999.0,-9999.0,-9999.0,-9999.0,-9999.0,-9999.0,-9999.0,0.0,0,1,"time.struct_time(tm_year=2022, tm_mon=2, tm_mday=5, tm_hour=3, tm_min=22, tm_sec=55, tm_wday=5, tm_yday=36, tm_isdst=-1)",2022-02-05,2022,2,36,5,22,3,BUS03
2022-02-05 03:25:25,40.765923,-111.909096,1281.9,-9999.0,-9999.0,-9999.0,13.69,24.97,21.67,13.45,3.0,2.0,23.28,14.0,887.8,0.0,-3.4,2.21,37.1,843.4,-9999.0,-9999.0,-9999.0,-9999.0,-9999.0,-9999.0,-9999.0,0.0,0,1,"time.struct_time(tm_year=2022, tm_mon=2, tm_mday=5, tm_hour=3, tm_min=25, tm_sec=25, tm_wday=5, tm_yday=36, tm_isdst=-1)",2022-02-05,2022,2,36,5,25,3,BUS03
2022-02-05 03:27:55,40.765697,-111.908943,1281.4,-9999.0,-9999.0,-9999.0,13.7,25.01,21.66,13.58,5.0,2.0,23.39,14.0,887.5,0.0,0.4,2.21,37.2,843.4,-9999.0,-9999.0,-9999.0,-9999.0,-9999.0,-9999.0,-9999.0,0.0,0,1,"time.struct_time(tm_year=2022, tm_mon=2, tm_mday=5, tm_hour=3, tm_min=27, tm_sec=55, tm_wday=5, tm_yday=36, tm_isdst=-1)",2022-02-05,2022,2,36,5,27,3,BUS03
2022-02-05 03:30:25,40.765759,-111.908882,1281.2,-9999.0,-9999.0,-9999.0,13.7,25.06,21.66,13.42,3.0,2.0,23.5,14.0,887.5,0.0,1.8,2.21,37.3,843.2,-9999.0,-9999.0,-9999.0,-9999.0,-9999.0,-9999.0,-9999.0,0.0,0,1,"time.struct_time(tm_year=2022, tm_mon=2, tm_mday=5, tm_hour=3, tm_min=30, tm_sec=25, tm_wday=5, tm_yday=36, tm_isdst=-1)",2022-02-05,2022,2,36,5,30,3,BUS03
2022-02-05 03:32:55,40.765648,-111.909027,1280.9,-9999.0,-9999.0,-9999.0,13.7,25.11,21.69,13.41,4.0,2.0,23.61,14.0,887.5,0.0,-1.6,2.21,37.4,843.1,-9999.0,-9999.0,-9999.0,-9999.0,-9999.0,-9999.0,-9999.0,0.0,0,1,"time.struct_time(tm_year=2022, tm_mon=2, tm_mday=5, tm_hour=3, tm_min=32, tm_sec=55, tm_wday=5, tm_yday=36, tm_isdst=-1)",2022-02-05,2022,2,36,5,32,3,BUS03
2022-02-05 03:37:30,40.765633,-111.909012,1282.0,-9999.0,-9999.0,-9999.0,13.7,25.19,21.7,13.43,3.0,2.0,23.78,14.0,887.7,0.0,-0.0,2.21,37.5,843.2,-9999.0,-9999.0,-9999.0,-9999.0,-9999.0,-9999.0,-9999.0,0.0,0,1,"time.struct_time(tm_year=2022, tm_mon=2, tm_mday=5, tm_hour=3, tm_min=37, tm_sec=30, tm_wday=5, tm_yday=36, tm_isdst=-1)",2022-02-05,2022,2,36,5,37,3,BUS03
2022-02-05 03:40:00,40.765491,-111.909126,1282.6,-9999.0,-9999.0,-9999.0,13.7,25.23,21.69,14.16,4.0,2.0,23.78,14.0,887.6,0.0,-2.1,2.22,37.6,843.3,-9999.0,-9999.0,-9999.0,-9999.0,-9999.0,-9999.0,-9999.0,0.0,0,1,"time.struct_time(tm_year=2022, tm_mon=2, tm_mday=5, tm_hour=3, tm_min=40, tm_sec=0, tm_wday=5, tm_yday=36, tm_isdst=-1)",2022-02-05,2022,2,36,5,40,3,BUS03
2022-02-05 03:42:30,40.76561,-111.908943,1283.0,-9999.0,-9999.0,-9999.0,13.7,25.27,21.72,14.06,3.0,2.0,23.89,14.0,887.5,0.0,-0.2,2.22,37.6,843.3,-9999.0,-9999.0,-9999.0,-9999.0,-9999.0,-9999.0,-9999.0,0.0,0,1,"time.struct_time(tm_year=2022, tm_mon=2, tm_mday=5, tm_hour=3, tm_min=42, tm_sec=30, tm_wday=5, tm_yday=36, tm_isdst=-1)",2022-02-05,2022,2,36,5,42,3,BUS03
2022-02-05 03:45:00,40.765663,-111.90876,1284.8,-9999.0,-9999.0,-9999.0,13.7,25.31,21.76,13.63,3.0,2.0,24.0,14.0,887.7,0.0,-0.6,2.23,37.7,843.3,-9999.0,-9999.0,-9999.0,-9999.0,-9999.0,-9999.0,-9999.0,0.0,0,1,"time.struct_time(tm_year=2022, tm_mon=2, tm_mday=5, tm_hour=3, tm_min=45, tm_sec=0, tm_wday=5, tm_yday=36, tm_isdst=-1)",2022-02-05,2022,2,36,5,45,3,BUS03
2022-02-05 03:47:30,40.765594,-111.909019,1286.3,-9999.0,-9999.0,-9999.0,13.69,25.35,21.79,13.48,3.0,2.0,24.0,14.0,887.5,0.0,1.3,2.22,37.8,843.3,-9999.0,-9999.0,-9999.0,-9999.0,-9999.0,-9999.0,-9999.0,0.0,0,1,"time.struct_time(tm_year=2022, tm_mon=2, tm_mday=5, tm_hour=3, tm_min=47, tm_sec=30, tm_wday=5, tm_yday=36, tm_isdst=-1)",2022-02-05,2022,2,36,5,47,3,BUS03
2022-02-05 03:51:05,40.765678,-111.909042,1284.3,-9999.0,-9999.0,-9999.0,13.7,25.4,21.8,13.47,4.0,2.0,24.11,13.0,887.5,0.0,0.6,2.21,37.8,843.3,-9999.0,-9999.0,-9999.0,-9999.0,-9999.0,-9999.0,-9999.0,0.0,0,1,"time.struct_time(tm_year=2022, tm_mon=2, tm_mday=5, tm_hour=3, tm_min=51, tm_sec=5, tm_wday=5, tm_yday=36, tm_isdst=-1)",2022-02-05,2022,2,36,5,51,3,BUS03
2022-02-05 03:53:35,40.765652,-111.908981,1284.5,-9999.0,-9999.0,-9999.0,13.7,25.43,21.8,14.23,5.0,2.0,24.11,13.0,887.4,0.0,2.7,2.21,37.9,843.2,-9999.0,-9999.0,-9999.0,-9999.0,-9999.0,-9999.0,-9999.0,0.0,0,1,"time.struct_time(tm_year=2022, tm_mon=2, tm_mday=5, tm_hour=3, tm_min=53, tm_sec=35, tm_wday=5, tm_yday=36, tm_isdst=-1)",2022-02-05,2022,2,36,5,53,3,BUS03
2022-02-05 03:56:05,40.765549,-111.909157,1283.4,-9999.0,-9999.0,-9999.0,13.7,25.46,21.82,13.34,4.0,2.0,24.22,13.0,887.4,0.0,-1.6,2.21,38.0,843.1,-9999.0,-9999.0,-9999.0,-9999.0,-9999.0,-9999.0,-9999.0,0.0,0,1,"time.struct_time(tm_year=2022, tm_mon=2, tm_mday=5, tm_hour=3, tm_min=56, tm_sec=5, tm_wday=5, tm_yday=36, tm_isdst=-1)",2022-02-05,2022,2,36,5,56,3,BUS03
2022-02-05 03:58:35,40.765667,-111.909058,1283.5,-9999.0,-9999.0,-9999.0,13.7,25.49,21.74,13.36,4.0,2.0,24.22,13.0,887.4,0.0,1.1,2.22,38.0,843.1,-9999.0,-9999.0,-9999.0,-9999.0,-9999.0,-9999.0,-9999.0,0.0,0,1,"time.struct_time(tm_year=2022, tm_mon=2, tm_mday=5, tm_hour=3, tm_min=58, tm_sec=35, tm_wday=5, tm_yday=36, tm_isdst=-1)",2022-02-05,2022,2,36,5,58,3,BUS03
2022-02-05 04:01:05,40.765598,-111.908989,1284.7,-9999.0,-9999.0,-9999.0,13.7,25.52,21.7,13.49,4.0,2.0,24.22,13.0,887.4,0.0,-1.5,2.22,38.1,843.0,-9999.0,-9999.0,-9999.0,-9999.0,-9999.0,-9999.0,-9999.0,0.0,0,1,"time.struct_time(tm_year=2022, tm_mon=2, tm_mday=5, tm_hour=4, tm_min=1, tm_sec=5, tm_wday=5, tm_yday=36, tm_isdst=-1)",2022-02-05,2022,2,36,5,1,4,BUS03
2022-02-05 04:03:35,40.765663,-111.909042,1286.4,-9999.0,-9999.0,-9999.0,13.66,25.54,21.68,13.52,5.0,2.0,24.28,13.0,887.3,0.0,1.0,2.23,38.1,843.1,-9999.0,-9999.0,-9999.0,-9999.0,-9999.0,-9999.0,-9999.0,0.0,0,1,"time.struct_time(tm_year=2022, tm_mon=2, tm_mday=5, tm_hour=4, tm_min=3, tm_sec=35, tm_wday=5, tm_yday=36, tm_isdst=-1)",2022-02-05,2022,2,36,5,3,4,BUS03
2022-02-05 04:06:05,40.765717,-111.909195,1286.9,-9999.0,-9999.0,-9999.0,13.66,25.57,21.67,13.58,3.0,2.0,24.28,13.0,887.4,0.0,1.3,2.24,38.1,843.0,-9999.0,-9999.0,-9999.0,-9999.0,-9999.0,-9999.0,-9999.0,0.0,0,1,"time.struct_time(tm_year=2022, tm_mon=2, tm_mday=5, tm_hour=4, tm_min=6, tm_sec=5, tm_wday=5, tm_yday=36, tm_isdst=-1)",2022-02-05,2022,2,36,5,6,4,BUS03
2022-02-05 04:08:35,40.765663,-111.908966,1287.4,-9999.0,-9999.0,-9999.0,13.66,25.59,21.65,13.54,4.0,2.0,24.28,13.0,887.4,0.0,-0.2,2.21,38.2,843.0,-9999.0,-9999.0,-9999.0,-9999.0,-9999.0,-9999.0,-9999.0,0.0,0,1,"time.struct_time(tm_year=2022, tm_mon=2, tm_mday=5, tm_hour=4, tm_min=8, tm_sec=35, tm_wday=5, tm_yday=36, tm_isdst=-1)",2022-02-05,2022,2,36,5,8,4,BUS03
2022-02-05 04:11:05,40.765667,-111.909111,1287.4,-9999.0,-9999.0,-9999.0,13.66,25.61,21.67,13.51,5.0,2.0,24.39,13.0,887.4,0.0,0.1,2.22,38.2,843.0,-9999.0,-9999.0,-9999.0,-9999.0,-9999.0,-9999.0,-9999.0,0.0,0,1,"time.struct_time(tm_year=2022, tm_mon=2, tm_mday=5, tm_hour=4, tm_min=11, tm_sec=5, tm_wday=5, tm_yday=36, tm_isdst=-1)",2022-02-05,2022,2,36,5,11,4,BUS03
2022-02-05 04:13:35,40.765713,-111.908936,1287.7,-9999.0,-9999.0,-9999.0,13.66,25.63,21.66,14.63,4.0,2.0,24.39,13.0,887.4,0.0,-0.1,2.22,38.3,843.0,-9999.0,-9999.0,-9999.0,-9999.0,-9999.0,-9999.0,-9999.0,0.0,0,1,"time.struct_time(tm_year=2022, tm_mon=2, tm_mday=5, tm_hour=4, tm_min=13, tm_sec=35, tm_wday=5, tm_yday=36, tm_isdst=-1)",2022-02-05,2022,2,36,5,13,4,BUS03
2022-02-05 04:16:05,40.765751,-111.908867,1288.1,-9999.0,-9999.0,-9999.0,13.66,25.66,21.68,13.94,3.0,2.0,24.5,13.0,887.2,0.0,1.7,2.22,38.3,842.8,-9999.0,-9999.0,-9999.0,-9999.0,-9999.0,-9999.0,-9999.0,0.0,0,1,"time.struct_time(tm_year=2022, tm_mon=2, tm_mday=5, tm_hour=4, tm_min=16, tm_sec=5, tm_wday=5, tm_yday=36, tm_isdst=-1)",2022-02-05,2022,2,36,5,16,4,BUS03
2022-02-05 04:18:35,40.765747,-111.908951,1286.9,-9999.0,-9999.0,-9999.0,13.66,25.68,21.7,13.7,4.0,2.0,24.5,13.0,887.3,0.0,-0.6,2.22,38.3,842.8,-9999.0,-9999.0,-9999.0,-9999.0,-9999.0,-9999.0,-9999.0,0.0,0,1,"time.struct_time(tm_year=2022, tm_mon=2, tm_mday=5, tm_hour=4, tm_min=18, tm_sec=35, tm_wday=5, tm_yday=36, tm_isdst=-1)",2022-02-05,2022,2,36,5,18,4,BUS03
2022-02-05 04:21:05,40.765762,-111.909058,1286.0,-9999.0,-9999.0,-9999.0,13.66,25.7,21.74,14.53,4.0,2.0,24.5,13.0,886.9,0.0,-1.9,2.23,38.4,842.7,-9999.0,-9999.0,-9999.0,-9999.0,-9999.0,-9999.0,-9999.0,0.0,0,1,"time.struct_time(tm_year=2022, tm_mon=2, tm_mday=5, tm_hour=4, tm_min=21, tm_sec=5, tm_wday=5, tm_yday=36, tm_isdst=-1)",2022-02-05,2022,2,36,5,21,4,BUS03
2022-02-05 04:23:35,40.765694,-111.909004,1285.7,-9999.0,-9999.0,-9999.0,13.66,25.73,21.78,13.78,5.0,2.0,24.61,13.0,887.0,0.0,-1.5,2.23,38.4,842.8,-9999.0,-9999.0,-9999.0,-9999.0,-9999.0,-9999.0,-9999.0,0.0,0,1,"time.struct_time(tm_year=2022, tm_mon=2, tm_mday=5, tm_hour=4, tm_min=23, tm_sec=35, tm_wday=5, tm_yday=36, tm_isdst=-1)",2022-02-05,2022,2,36,5,23,4,BUS03
2022-02-05 04:26:05,40.765556,-111.908791,1287.4,-9999.0,-9999.0,-9999.0,13.66,25.75,21.8,14.27,5.0,2.0,24.72,13.0,886.9,0.0,-0.2,2.23,38.4,842.6,-9999.0,-9999.0,-9999.0,-9999.0,-9999.0,-9999.0,-9999.0,0.0,0,1,"time.struct_time(tm_year=2022, tm_mon=2, tm_mday=5, tm_hour=4, tm_min=26, tm_sec=5, tm_wday=5, tm_yday=36, tm_isdst=-1)",2022-02-05,2022,2,36,5,26,4,BUS03
2022-02-05 04:28:35,40.765465,-111.908951,1287.5,-9999.0,-9999.0,-9999.0,13.66,25.78,21.86,13.67,5.0,2.0,24.72,13.0,887.0,0.0,1.4,2.23,38.5,842.7,-9999.0,-9999.0,-9999.0,-9999.0,-9999.0,-9999.0,-9999.0,0.0,0,1,"time.struct_time(tm_year=2022, tm_mon=2, tm_mday=5, tm_hour=4, tm_min=28, tm_sec=35, tm_wday=5, tm_yday=36, tm_isdst=-1)",2022-02-05,2022,2,36,5,28,4,BUS03
2022-02-05 04:31:05,40.765751,-111.909081,1287.0,-9999.0,-9999.0,-9999.0,13.66,25.8,21.94,13.69,5.0,2.0,24.78,12.0,887.1,0.0,-0.2,2.23,38.5,842.6,-9999.0,-9999.0,-9999.0,-9999.0,-9999.0,-9999.0,-9999.0,0.0,0,1,"time.struct_time(tm_year=2022, tm_mon=2, tm_mday=5, tm_hour=4, tm_min=31, tm_sec=5, tm_wday=5, tm_yday=36, tm_isdst=-1)",2022-02-05,2022,2,36,5,31,4,BUS03
2022-02-05 04:33:35,40.765606,-111.909012,1287.6,-9999.0,-9999.0,-9999.0,13.66,25.83,21.92,14.09,6.0,2.0,24.78,13.0,887.2,0.0,0.5,2.24,38.5,842.7,-9999.0,-9999.0,-9999.0,-9999.0,-9999.0,-9999.0,-9999.0,0.0,0,1,"time.struct_time(tm_year=2022, tm_mon=2, tm_mday=5, tm_hour=4, tm_min=33, tm_sec=35, tm_wday=5, tm_yday=36, tm_isdst=-1)",2022-02-05,2022,2,36,5,33,4,BUS03
2022-02-05 04:36:05,40.765549,-111.909004,1286.1,-9999.0,-9999.0,-9999.0,13.66,25.85,21.94,14.21,5.0,2.0,24.78,13.0,887.1,0.0,0.3,2.21,38.5,842.6,-9999.0,-9999.0,-9999.0,-9999.0,-9999.0,-9999.0,-9999.0,0.0,0,1,"time.struct_time(tm_year=2022, tm_mon=2, tm_mday=5, tm_hour=4, tm_min=36, tm_sec=5, tm_wday=5, tm_yday=36, tm_isdst=-1)",2022-02-05,2022,2,36,5,36,4,BUS03
2022-02-05 04:38:35,40.765697,-111.908913,1285.2,-9999.0,-9999.0,-9999.0,13.66,25.87,21.96,14.19,6.0,2.0,24.89,12.0,887.0,0.0,-0.8,2.23,38.6,842.6,-9999.0,-9999.0,-9999.0,-9999.0,-9999.0,-9999.0,-9999.0,0.0,0,1,"time.struct_time(tm_year=2022, tm_mon=2, tm_mday=5, tm_hour=4, tm_min=38, tm_sec=35, tm_wday=5, tm_yday=36, tm_isdst=-1)",2022-02-05,2022,2,36,5,38,4,BUS03
2022-02-05 04:41:05,40.765499,-111.908714,1287.2,-9999.0,-9999.0,-9999.0,13.66,25.9,21.96,14.06,8.0,2.0,24.89,12.0,887.0,0.0,1.5,2.23,38.6,842.5,-9999.0,-9999.0,-9999.0,-9999.0,-9999.0,-9999.0,-9999.0,0.0,0,1,"time.struct_time(tm_year=2022, tm_mon=2, tm_mday=5, tm_hour=4, tm_min=41, tm_sec=5, tm_wday=5, tm_yday=36, tm_isdst=-1)",2022-02-05,2022,2,36,5,41,4,BUS03
2022-02-05 04:43:35,40.765652,-111.908897,1288.7,-9999.0,-9999.0,-9999.0,13.66,25.92,21.96,14.04,6.0,2.0,24.89,12.0,887.0,0.0,-1.2,2.23,38.6,842.6,-9999.0,-9999.0,-9999.0,-9999.0,-9999.0,-9999.0,-9999.0,0.0,0,1,"time.struct_time(tm_year=2022, tm_mon=2, tm_mday=5, tm_hour=4, tm_min=43, tm_sec=35, tm_wday=5, tm_yday=36, tm_isdst=-1)",2022-02-05,2022,2,36,5,43,4,BUS03
2022-02-05 04:46:05,40.765781,-111.909035,1288.5,-9999.0,-9999.0,-9999.0,13.66,25.94,21.96,14.05,7.0,2.0,24.89,12.0,887.2,0.0,1.6,2.23,38.6,842.6,-9999.0,-9999.0,-9999.0,-9999.0,-9999.0,-9999.0,-9999.0,0.0,0,1,"time.struct_time(tm_year=2022, tm_mon=2, tm_mday=5, tm_hour=4, tm_min=46, tm_sec=5, tm_wday=5, tm_yday=36, tm_isdst=-1)",2022-02-05,2022,2,36,5,46,4,BUS03
2022-02-05 04:48:35,40.765644,-111.908905,1288.3,-9999.0,-9999.0,-9999.0,13.66,25.96,21.96,13.94,6.0,2.0,24.89,12.0,886.9,0.0,-2.0,2.24,38.7,842.6,-9999.0,-9999.0,-9999.0,-9999.0,-9999.0,-9999.0,-9999.0,0.0,0,1,"time.struct_time(tm_year=2022, tm_mon=2, tm_mday=5, tm_hour=4, tm_min=48, tm_sec=35, tm_wday=5, tm_yday=36, tm_isdst=-1)",2022-02-05,2022,2,36,5,48,4,BUS03
2022-02-05 04:52:10,40.7658,-111.908798,1289.7,-9999.0,-9999.0,-9999.0,13.66,25.98,21.96,13.82,6.0,2.0,25.0,12.0,887.2,0.0,-0.1,2.23,38.7,842.6,-9999.0,-9999.0,-9999.0,-9999.0,-9999.0,-9999.0,-9999.0,0.0,0,1,"time.struct_time(tm_year=2022, tm_mon=2, tm_mday=5, tm_hour=4, tm_min=52, tm_sec=10, tm_wday=5, tm_yday=36, tm_isdst=-1)",2022-02-05,2022,2,36,5,52,4,BUS03
2022-02-05 04:54:40,40.76561,-111.908951,1289.4,-9999.0,-9999.0,-9999.0,13.66,26.0,21.96,13.68,6.0,2.0,25.0,12.0,887.1,0.0,-1.3,2.23,38.7,842.6,-9999.0,-9999.0,-9999.0,-9999.0,-9999.0,-9999.0,-9999.0,0.0,0,1,"time.struct_time(tm_year=2022, tm_mon=2, tm_mday=5, tm_hour=4, tm_min=54, tm_sec=40, tm_wday=5, tm_yday=36, tm_isdst=-1)",2022-02-05,2022,2,36,5,54,4,BUS03
2022-02-05 04:57:10,40.765545,-111.90889,1290.0,-9999.0,-9999.0,-9999.0,13.65,26.01,22.03,13.64,6.0,2.0,25.0,12.0,887.2,0.0,1.5,2.22,38.8,842.7,-9999.0,-9999.0,-9999.0,-9999.0,-9999.0,-9999.0,-9999.0,0.0,0,1,"time.struct_time(tm_year=2022, tm_mon=2, tm_mday=5, tm_hour=4, tm_min=57, tm_sec=10, tm_wday=5, tm_yday=36, tm_isdst=-1)",2022-02-05,2022,2,36,5,57,4,BUS03
2022-02-05 04:59:40,40.765633,-111.908859,1288.0,-9999.0,-9999.0,-9999.0,13.66,26.03,21.98,13.38,6.0,2.0,25.11,12.0,887.1,0.0,-0.4,2.23,38.8,842.6,-9999.0,-9999.0,-9999.0,-9999.0,-9999.0,-9999.0,-9999.0,0.0,0,1,"time.struct_time(tm_year=2022, tm_mon=2, tm_mday=5, tm_hour=4, tm_min=59, tm_sec=40, tm_wday=5, tm_yday=36, tm_isdst=-1)",2022-02-05,2022,2,36,5,59,4,BUS03
2022-02-05 05:02:10,40.765606,-111.908844,1288.8,-9999.0,-9999.0,-9999.0,13.66,26.05,21.98,13.8,5.0,2.0,25.11,12.0,887.1,0.0,0.4,2.23,38.8,842.6,-9999.0,-9999.0,-9999.0,-9999.0,-9999.0,-9999.0,-9999.0,0.0,0,1,"time.struct_time(tm_year=2022, tm_mon=2, tm_mday=5, tm_hour=5, tm_min=2, tm_sec=10, tm_wday=5, tm_yday=36, tm_isdst=-1)",2022-02-05,2022,2,36,5,2,5,BUS03
2022-02-05 05:04:40,40.765579,-111.908997,1287.9,-9999.0,-9999.0,-9999.0,13.66,26.06,21.98,13.38,6.0,2.0,25.11,12.0,887.0,0.0,0.9,2.23,38.8,842.6,-9999.0,-9999.0,-9999.0,-9999.0,-9999.0,-9999.0,-9999.0,0.0,0,1,"time.struct_time(tm_year=2022, tm_mon=2, tm_mday=5, tm_hour=5, tm_min=4, tm_sec=40, tm_wday=5, tm_yday=36, tm_isdst=-1)",2022-02-05,2022,2,36,5,4,5,BUS03
2022-02-05 05:07:15,40.765499,-111.908798,1293.0,-9999.0,-9999.0,-9999.0,13.66,26.08,21.98,13.75,7.0,2.0,25.11,12.0,887.1,0.0,0.5,2.23,38.8,842.7,-9999.0,-9999.0,-9999.0,-9999.0,-9999.0,-9999.0,-9999.0,0.0,0,1,"time.struct_time(tm_year=2022, tm_mon=2, tm_mday=5, tm_hour=5, tm_min=7, tm_sec=15, tm_wday=5, tm_yday=36, tm_isdst=-1)",2022-02-05,2022,2,36,5,7,5,BUS03
2022-02-05 05:09:45,40.765583,-111.908852,1289.6,-9999.0,-9999.0,-9999.0,13.66,26.09,21.98,13.4,5.0,2.0,25.11,12.0,887.2,0.0,1.0,2.23,38.9,842.6,-9999.0,-9999.0,-9999.0,-9999.0,-9999.0,-9999.0,-9999.0,0.0,0,1,"time.struct_time(tm_year=2022, tm_mon=2, tm_mday=5, tm_hour=5, tm_min=9, tm_sec=45, tm_wday=5, tm_yday=36, tm_isdst=-1)",2022-02-05,2022,2,36,5,9,5,BUS03
2022-02-05 05:12:15,40.765553,-111.908829,1285.4,-9999.0,-9999.0,-9999.0,13.66,26.11,22.0,13.36,5.0,2.0,25.22,12.0,887.1,0.0,0.2,2.22,38.9,842.8,-9999.0,-9999.0,-9999.0,-9999.0,-9999.0,-9999.0,-9999.0,0.0,0,1,"time.struct_time(tm_year=2022, tm_mon=2, tm_mday=5, tm_hour=5, tm_min=12, tm_sec=15, tm_wday=5, tm_yday=36, tm_isdst=-1)",2022-02-05,2022,2,36,5,12,5,BUS03
2022-02-05 05:14:45,40.765644,-111.908669,1290.7,-9999.0,-9999.0,-9999.0,13.66,26.11,21.01,10.37,10.0,2.0,25.22,10.0,887.0,0.0,2.2,2.22,38.9,842.7,-9999.0,-9999.0,-9999.0,-9999.0,-9999.0,-9999.0,-9999.0,0.0,0,1,"time.struct_time(tm_year=2022, tm_mon=2, tm_mday=5, tm_hour=5, tm_min=14, tm_sec=45, tm_wday=5, tm_yday=36, tm_isdst=-1)",2022-02-05,2022,2,36,5,14,5,BUS03
2022-02-05 05:17:15,40.765682,-111.909439,1292.8,-9999.0,-9999.0,-9999.0,13.69,25.95,17.54,13.29,10.0,2.0,24.5,10.0,887.0,0.0,1.5,2.22,38.9,842.7,-9999.0,-9999.0,-9999.0,-9999.0,-9999.0,-9999.0,-9999.0,0.0,0,1,"time.struct_time(tm_year=2022, tm_mon=2, tm_mday=5, tm_hour=5, tm_min=17, tm_sec=15, tm_wday=5, tm_yday=36, tm_isdst=-1)",2022-02-05,2022,2,36,5,17,5,BUS03
2022-02-05 05:19:45,40.765759,-111.909645,1295.5,-9999.0,-9999.0,-9999.0,13.69,25.6,14.91,15.64,8.0,2.0,23.39,9.0,887.0,0.0,-0.3,2.21,38.8,842.7,-9999.0,-9999.0,-9999.0,-9999.0,-9999.0,-9999.0,-9999.0,0.0,0,1,"time.struct_time(tm_year=2022, tm_mon=2, tm_mday=5, tm_hour=5, tm_min=19, tm_sec=45, tm_wday=5, tm_yday=36, tm_isdst=-1)",2022-02-05,2022,2,36,5,19,5,BUS03
2022-02-05 05:22:15,40.765743,-111.909637,1294.5,-9999.0,-9999.0,-9999.0,13.69,25.19,12.64,18.54,9.0,2.0,22.61,9.0,887.2,0.0,0.1,2.23,38.7,842.7,-9999.0,-9999.0,-9999.0,-9999.0,-9999.0,-9999.0,-9999.0,0.0,0,1,"time.struct_time(tm_year=2022, tm_mon=2, tm_mday=5, tm_hour=5, tm_min=22, tm_sec=15, tm_wday=5, tm_yday=36, tm_isdst=-1)",2022-02-05,2022,2,36,5,22,5,BUS03
2022-02-05 05:24:45,40.765694,-111.909599,1302.3,-9999.0,-9999.0,-9999.0,13.73,24.74,10.22,21.94,6.0,2.0,21.89,9.0,887.0,0.0,-2.0,2.23,38.5,842.6,-9999.0,-9999.0,-9999.0,-9999.0,-9999.0,-9999.0,-9999.0,0.0,0,1,"time.struct_time(tm_year=2022, tm_mon=2, tm_mday=5, tm_hour=5, tm_min=24, tm_sec=45, tm_wday=5, tm_yday=36, tm_isdst=-1)",2022-02-05,2022,2,36,5,24,5,BUS03
2022-02-05 05:27:15,40.765713,-111.909592,1304.3,-9999.0,-9999.0,-9999.0,13.73,24.28,8.58,24.86,7.0,2.0,21.22,9.0,887.1,0.0,-1.5,2.21,38.3,842.7,-9999.0,-9999.0,-9999.0,-9999.0,-9999.0,-9999.0,-9999.0,0.0,0,1,"time.struct_time(tm_year=2022, tm_mon=2, tm_mday=5, tm_hour=5, tm_min=27, tm_sec=15, tm_wday=5, tm_yday=36, tm_isdst=-1)",2022-02-05,2022,2,36,5,27,5,BUS03
2022-02-05 05:29:45,40.765724,-111.909653,1286.8,-9999.0,-9999.0,-9999.0,13.73,23.8,7.0,27.9,8.0,2.0,20.61,9.0,887.0,0.0,-1.2,2.23,38.1,842.7,-9999.0,-9999.0,-9999.0,-9999.0,-9999.0,-9999.0,-9999.0,0.0,0,1,"time.struct_time(tm_year=2022, tm_mon=2, tm_mday=5, tm_hour=5, tm_min=29, tm_sec=45, tm_wday=5, tm_yday=36, tm_isdst=-1)",2022-02-05,2022,2,36,5,29,5,BUS03
2022-02-05 05:32:15,40.765793,-111.909683,1278.8,-9999.0,-9999.0,-9999.0,13.73,23.31,6.17,29.58,7.0,2.0,19.89,9.0,887.1,0.0,-2.6,2.23,37.8,842.7,-9999.0,-9999.0,-9999.0,-9999.0,-9999.0,-9999.0,-9999.0,0.0,0,1,"time.struct_time(tm_year=2022, tm_mon=2, tm_mday=5, tm_hour=5, tm_min=32, tm_sec=15, tm_wday=5, tm_yday=36, tm_isdst=-1)",2022-02-05,2022,2,36,5,32,5,BUS03
2022-02-05 05:34:45,40.765858,-111.90963,1279.1,-9999.0,-9999.0,-9999.0,13.76,22.84,5.54,30.53,9.0,2.0,19.28,9.0,887.0,0.0,-2.5,2.23,37.5,842.7,-9999.0,-9999.0,-9999.0,-9999.0,-9999.0,-9999.0,-9999.0,0.0,0,1,"time.struct_time(tm_year=2022, tm_mon=2, tm_mday=5, tm_hour=5, tm_min=34, tm_sec=45, tm_wday=5, tm_yday=36, tm_isdst=-1)",2022-02-05,2022,2,36,5,34,5,BUS03
2022-02-05 05:37:15,40.76577,-111.909676,1279.8,-9999.0,-9999.0,-9999.0,13.76,22.37,5.08,31.35,9.0,2.0,18.72,9.0,887.0,0.0,-2.2,2.21,37.2,842.8,-9999.0,-9999.0,-9999.0,-9999.0,-9999.0,-9999.0,-9999.0,0.0,0,1,"time.struct_time(tm_year=2022, tm_mon=2, tm_mday=5, tm_hour=5, tm_min=37, tm_sec=15, tm_wday=5, tm_yday=36, tm_isdst=-1)",2022-02-05,2022,2,36,5,37,5,BUS03
2022-02-05 05:39:45,40.765747,-111.909523,1279.5,-9999.0,-9999.0,-9999.0,13.76,21.9,4.91,31.7,9.0,2.0,18.28,9.0,887.3,0.0,-0.7,2.22,36.9,842.8,-9999.0,-9999.0,-9999.0,-9999.0,-9999.0,-9999.0,-9999.0,0.0,0,1,"time.struct_time(tm_year=2022, tm_mon=2, tm_mday=5, tm_hour=5, tm_min=39, tm_sec=45, tm_wday=5, tm_yday=36, tm_isdst=-1)",2022-02-05,2022,2,36,5,39,5,BUS03
2022-02-05 05:42:15,40.765701,-111.909554,1307.0,-9999.0,-9999.0,-9999.0,13.76,21.46,4.75,31.88,9.0,2.0,17.78,9.0,887.3,0.0,-2.3,2.22,36.5,842.7,-9999.0,-9999.0,-9999.0,-9999.0,-9999.0,-9999.0,-9999.0,0.0,0,1,"time.struct_time(tm_year=2022, tm_mon=2, tm_mday=5, tm_hour=5, tm_min=42, tm_sec=15, tm_wday=5, tm_yday=36, tm_isdst=-1)",2022-02-05,2022,2,36,5,42,5,BUS03
2022-02-05 05:44:45,40.76572,-111.909622,1295.7,-9999.0,-9999.0,-9999.0,13.8,21.03,4.62,32.06,10.0,2.0,17.39,9.0,887.1,0.0,-1.8,2.21,36.2,842.8,-9999.0,-9999.0,-9999.0,-9999.0,-9999.0,-9999.0,-9999.0,0.0,0,1,"time.struct_time(tm_year=2022, tm_mon=2, tm_mday=5, tm_hour=5, tm_min=44, tm_sec=45, tm_wday=5, tm_yday=36, tm_isdst=-1)",2022-02-05,2022,2,36,5,44,5,BUS03
2022-02-05 05:47:15,40.765755,-111.909569,1282.0,-9999.0,-9999.0,-9999.0,13.8,20.63,4.53,32.16,9.0,2.0,16.89,9.0,887.1,0.0,-4.0,2.21,35.8,842.7,-9999.0,-9999.0,-9999.0,-9999.0,-9999.0,-9999.0,-9999.0,0.0,0,1,"time.struct_time(tm_year=2022, tm_mon=2, tm_mday=5, tm_hour=5, tm_min=47, tm_sec=15, tm_wday=5, tm_yday=36, tm_isdst=-1)",2022-02-05,2022,2,36,5,47,5,BUS03
2022-02-05 05:49:45,40.765747,-111.909569,1280.5,-9999.0,-9999.0,-9999.0,13.79,20.23,4.35,32.4,9.0,2.0,16.5,10.0,887.1,0.0,-3.4,2.21,35.4,842.8,-9999.0,-9999.0,-9999.0,-9999.0,-9999.0,-9999.0,-9999.0,0.0,0,1,"time.struct_time(tm_year=2022, tm_mon=2, tm_mday=5, tm_hour=5, tm_min=49, tm_sec=45, tm_wday=5, tm_yday=36, tm_isdst=-1)",2022-02-05,2022,2,36,5,49,5,BUS03
2022-02-05 05:53:20,40.765762,-111.909607,1280.5,-9999.0,-9999.0,-9999.0,13.79,19.66,4.32,32.96,9.0,2.0,15.89,10.0,887.3,0.0,-0.6,2.2,34.9,842.5,-9999.0,-9999.0,-9999.0,-9999.0,-9999.0,-9999.0,-9999.0,0.0,0,1,"time.struct_time(tm_year=2022, tm_mon=2, tm_mday=5, tm_hour=5, tm_min=53, tm_sec=20, tm_wday=5, tm_yday=36, tm_isdst=-1)",2022-02-05,2022,2,36,5,53,5,BUS03
2022-02-05 05:55:50,40.765797,-111.90966,1280.4,-9999.0,-9999.0,-9999.0,13.8,19.28,3.8,34.63,9.0,2.0,15.5,10.0,887.0,0.0,-3.6,2.2,34.6,842.5,-9999.0,-9999.0,-9999.0,-9999.0,-9999.0,-9999.0,-9999.0,0.0,0,1,"time.struct_time(tm_year=2022, tm_mon=2, tm_mday=5, tm_hour=5, tm_min=55, tm_sec=50, tm_wday=5, tm_yday=36, tm_isdst=-1)",2022-02-05,2022,2,36,5,55,5,BUS03
2022-02-05 05:58:20,40.765804,-111.909714,1280.6,-9999.0,-9999.0,-9999.0,13.79,18.9,3.23,36.1,10.0,2.0,15.11,10.0,887.0,0.0,-3.0,2.19,34.2,842.5,-9999.0,-9999.0,-9999.0,-9999.0,-9999.0,-9999.0,-9999.0,0.0,0,1,"time.struct_time(tm_year=2022, tm_mon=2, tm_mday=5, tm_hour=5, tm_min=58, tm_sec=20, tm_wday=5, tm_yday=36, tm_isdst=-1)",2022-02-05,2022,2,36,5,58,5,BUS03
2022-02-05 06:00:50,40.765759,-111.909691,1282.3,-9999.0,-9999.0,-9999.0,13.83,18.51,3.28,37.07,11.0,2.0,14.72,10.0,887.0,0.0,-1.6,2.2,33.8,842.4,-9999.0,-9999.0,-9999.0,-9999.0,-9999.0,-9999.0,-9999.0,0.0,0,1,"time.struct_time(tm_year=2022, tm_mon=2, tm_mday=5, tm_hour=6, tm_min=0, tm_sec=50, tm_wday=5, tm_yday=36, tm_isdst=-1)",2022-02-05,2022,2,36,5,0,6,BUS03
2022-02-05 06:03:20,40.765831,-111.909714,1281.3,-9999.0,-9999.0,-9999.0,13.83,18.12,3.28,37.09,13.0,2.0,14.22,10.0,886.9,0.0,-2.6,2.19,33.5,842.3,-9999.0,-9999.0,-9999.0,-9999.0,-9999.0,-9999.0,-9999.0,0.0,0,1,"time.struct_time(tm_year=2022, tm_mon=2, tm_mday=5, tm_hour=6, tm_min=3, tm_sec=20, tm_wday=5, tm_yday=36, tm_isdst=-1)",2022-02-05,2022,2,36,5,3,6,BUS03
2022-02-05 06:05:50,40.765823,-111.909698,1281.4,-9999.0,-9999.0,-9999.0,13.83,17.72,3.26,36.29,12.0,2.0,13.72,11.0,886.8,0.0,-1.2,2.18,33.1,842.2,-9999.0,-9999.0,-9999.0,-9999.0,-9999.0,-9999.0,-9999.0,0.0,0,1,"time.struct_time(tm_year=2022, tm_mon=2, tm_mday=5, tm_hour=6, tm_min=5, tm_sec=50, tm_wday=5, tm_yday=36, tm_isdst=-1)",2022-02-05,2022,2,36,5,5,6,BUS03
2022-02-06 03:58:25,40.765553,-111.909325,1277.7,-9999.0,-9999.0,-9999.0,13.97,5.33,1.65,50.65,21.0,2.0,1.5,35.0,883.0,0.0,2.0,2.0,11.9,835.3,-9999.0,-9999.0,-9999.0,-9999.0,-9999.0,-9999.0,-9999.0,0.0,0,1,"time.struct_time(tm_year=2022, tm_mon=2, tm_mday=6, tm_hour=3, tm_min=58, tm_sec=25, tm_wday=6, tm_yday=37, tm_isdst=-1)",2022-02-06,2022,2,37,6,58,3,BUS03
2022-02-06 04:00:55,40.765667,-111.909462,1275.4,-9999.0,-9999.0,-9999.0,13.93,5.34,1.56,51.05,21.0,2.0,1.5,35.0,883.3,0.0,2.5,2.0,12.6,836.8,-9999.0,-9999.0,-9999.0,-9999.0,-9999.0,-9999.0,-9999.0,0.0,0,1,"time.struct_time(tm_year=2022, tm_mon=2, tm_mday=6, tm_hour=4, tm_min=0, tm_sec=55, tm_wday=6, tm_yday=37, tm_isdst=-1)",2022-02-06,2022,2,37,6,0,4,BUS03
2022-02-06 04:03:25,40.76543,-111.909637,1264.2,-9999.0,-9999.0,-9999.0,13.93,5.35,1.33,52.01,20.0,2.0,1.61,34.0,883.1,0.0,3.0,2.01,13.2,835.2,-9999.0,-9999.0,-9999.0,-9999.0,-9999.0,-9999.0,-9999.0,0.0,0,1,"time.struct_time(tm_year=2022, tm_mon=2, tm_mday=6, tm_hour=4, tm_min=3, tm_sec=25, tm_wday=6, tm_yday=37, tm_isdst=-1)",2022-02-06,2022,2,37,6,3,4,BUS03
2022-02-06 04:05:55,40.765495,-111.909607,1267.2,-9999.0,-9999.0,-9999.0,13.94,5.36,1.23,51.96,21.0,2.0,1.72,34.0,883.1,0.0,2.2,2.01,13.8,837.2,-9999.0,-9999.0,-9999.0,-9999.0,-9999.0,-9999.0,-9999.0,0.0,0,1,"time.struct_time(tm_year=2022, tm_mon=2, tm_mday=6, tm_hour=4, tm_min=5, tm_sec=55, tm_wday=6, tm_yday=37, tm_isdst=-1)",2022-02-06,2022,2,37,6,5,4,BUS03
2022-02-06 04:08:25,40.765511,-111.909607,1267.1,-9999.0,-9999.0,-9999.0,13.94,5.37,1.21,52.12,19.0,2.0,1.72,34.0,883.3,0.0,3.3,2.03,14.3,835.3,-9999.0,-9999.0,-9999.0,-9999.0,-9999.0,-9999.0,-9999.0,0.0,0,1,"time.struct_time(tm_year=2022, tm_mon=2, tm_mday=6, tm_hour=4, tm_min=8, tm_sec=25, tm_wday=6, tm_yday=37, tm_isdst=-1)",2022-02-06,2022,2,37,6,8,4,BUS03
2022-02-06 04:10:55,40.765526,-111.909615,1266.8,-9999.0,-9999.0,-9999.0,13.94,5.38,1.17,52.06,17.0,2.0,1.78,34.0,883.6,0.0,0.7,2.04,14.7,836.9,-9999.0,-9999.0,-9999.0,-9999.0,-9999.0,-9999.0,-9999.0,0.0,0,1,"time.struct_time(tm_year=2022, tm_mon=2, tm_mday=6, tm_hour=4, tm_min=10, tm_sec=55, tm_wday=6, tm_yday=37, tm_isdst=-1)",2022-02-06,2022,2,37,6,10,4,BUS03
2022-02-06 04:13:25,40.765526,-111.909615,1267.7,-9999.0,-9999.0,-9999.0,13.94,5.39,1.19,52.22,19.0,2.0,1.78,34.0,883.3,0.0,1.7,2.03,15.1,835.2,-9999.0,-9999.0,-9999.0,-9999.0,-9999.0,-9999.0,-9999.0,0.0,0,1,"time.struct_time(tm_year=2022, tm_mon=2, tm_mday=6, tm_hour=4, tm_min=13, tm_sec=25, tm_wday=6, tm_yday=37, tm_isdst=-1)",2022-02-06,2022,2,37,6,13,4,BUS03
2022-02-06 04:15:55,40.765549,-111.909615,1268.6,-9999.0,-9999.0,-9999.0,13.94,5.4,1.14,52.52,18.0,2.0,1.89,34.0,883.1,0.0,2.4,2.04,15.5,836.7,-9999.0,-9999.0,-9999.0,-9999.0,-9999.0,-9999.0,-9999.0,0.0,0,1,"time.struct_time(tm_year=2022, tm_mon=2, tm_mday=6, tm_hour=4, tm_min=15, tm_sec=55, tm_wday=6, tm_yday=37, tm_isdst=-1)",2022-02-06,2022,2,37,6,15,4,BUS03
2022-02-06 04:18:25,40.765553,-111.909622,1268.7,-9999.0,-9999.0,-9999.0,13.91,5.41,1.06,52.8,18.0,2.0,1.78,34.0,883.0,0.0,0.4,2.05,15.9,834.9,-9999.0,-9999.0,-9999.0,-9999.0,-9999.0,-9999.0,-9999.0,0.0,0,1,"time.struct_time(tm_year=2022, tm_mon=2, tm_mday=6, tm_hour=4, tm_min=18, tm_sec=25, tm_wday=6, tm_yday=37, tm_isdst=-1)",2022-02-06,2022,2,37,6,18,4,BUS03
2022-02-06 04:20:55,40.76556,-111.90963,1267.7,-9999.0,-9999.0,-9999.0,13.91,5.41,1.04,52.7,20.0,2.0,1.78,34.0,883.2,0.0,3.2,2.04,16.2,836.4,-9999.0,-9999.0,-9999.0,-9999.0,-9999.0,-9999.0,-9999.0,0.0,0,1,"time.struct_time(tm_year=2022, tm_mon=2, tm_mday=6, tm_hour=4, tm_min=20, tm_sec=55, tm_wday=6, tm_yday=37, tm_isdst=-1)",2022-02-06,2022,2,37,6,20,4,BUS03
2022-02-06 04:23:25,40.76556,-111.909615,1268.1,-9999.0,-9999.0,-9999.0,13.92,5.42,0.99,52.96,17.0,2.0,1.78,34.0,883.1,0.0,0.6,2.05,16.5,835.0,-9999.0,-9999.0,-9999.0,-9999.0,-9999.0,-9999.0,-9999.0,0.0,0,1,"time.struct_time(tm_year=2022, tm_mon=2, tm_mday=6, tm_hour=4, tm_min=23, tm_sec=25, tm_wday=6, tm_yday=37, tm_isdst=-1)",2022-02-06,2022,2,37,6,23,4,BUS03
2022-02-06 04:25:55,40.765572,-111.909615,1268.8,-9999.0,-9999.0,-9999.0,13.92,5.43,0.96,53.05,17.0,2.0,1.78,34.0,883.4,0.0,2.6,2.04,16.7,837.0,-9999.0,-9999.0,-9999.0,-9999.0,-9999.0,-9999.0,-9999.0,0.0,0,1,"time.struct_time(tm_year=2022, tm_mon=2, tm_mday=6, tm_hour=4, tm_min=25, tm_sec=55, tm_wday=6, tm_yday=37, tm_isdst=-1)",2022-02-06,2022,2,37,6,25,4,BUS03
2022-02-06 04:28:25,40.765781,-111.909737,1278.2,-9999.0,-9999.0,-9999.0,13.92,5.44,1.02,52.92,18.0,2.0,1.89,34.0,883.4,0.0,5.2,2.05,17.0,835.0,-9999.0,-9999.0,-9999.0,-9999.0,-9999.0,-9999.0,-9999.0,0.0,0,1,"time.struct_time(tm_year=2022, tm_mon=2, tm_mday=6, tm_hour=4, tm_min=28, tm_sec=25, tm_wday=6, tm_yday=37, tm_isdst=-1)",2022-02-06,2022,2,37,6,28,4,BUS03
2022-02-06 04:30:55,40.765427,-111.909561,1264.4,-9999.0,-9999.0,-9999.0,13.92,5.45,1.04,53.45,19.0,2.0,1.89,34.0,883.4,0.0,5.5,2.05,17.2,837.1,-9999.0,-9999.0,-9999.0,-9999.0,-9999.0,-9999.0,-9999.0,0.0,0,1,"time.struct_time(tm_year=2022, tm_mon=2, tm_mday=6, tm_hour=4, tm_min=30, tm_sec=55, tm_wday=6, tm_yday=37, tm_isdst=-1)",2022-02-06,2022,2,37,6,30,4,BUS03
2022-02-06 04:33:25,40.765556,-111.909607,1262.5,-9999.0,-9999.0,-9999.0,13.92,5.45,0.94,54.19,18.0,2.0,1.89,34.0,883.4,0.0,6.2,2.04,17.4,835.1,-9999.0,-9999.0,-9999.0,-9999.0,-9999.0,-9999.0,-9999.0,0.0,0,1,"time.struct_time(tm_year=2022, tm_mon=2, tm_mday=6, tm_hour=4, tm_min=33, tm_sec=25, tm_wday=6, tm_yday=37, tm_isdst=-1)",2022-02-06,2022,2,37,6,33,4,BUS03
2022-02-06 04:35:55,40.765587,-111.909599,1261.9,-9999.0,-9999.0,-9999.0,13.93,5.45,0.86,54.41,18.0,2.0,1.89,34.0,883.6,0.0,3.5,2.04,17.6,837.6,-9999.0,-9999.0,-9999.0,-9999.0,-9999.0,-9999.0,-9999.0,0.0,0,1,"time.struct_time(tm_year=2022, tm_mon=2, tm_mday=6, tm_hour=4, tm_min=35, tm_sec=55, tm_wday=6, tm_yday=37, tm_isdst=-1)",2022-02-06,2022,2,37,6,35,4,BUS03
2022-02-06 04:38:25,40.765591,-111.909599,1260.5,-9999.0,-9999.0,-9999.0,13.93,5.46,0.78,54.53,17.0,2.0,1.89,33.0,883.6,0.0,4.8,2.06,17.8,835.1,-9999.0,-9999.0,-9999.0,-9999.0,-9999.0,-9999.0,-9999.0,0.0,0,1,"time.struct_time(tm_year=2022, tm_mon=2, tm_mday=6, tm_hour=4, tm_min=38, tm_sec=25, tm_wday=6, tm_yday=37, tm_isdst=-1)",2022-02-06,2022,2,37,6,38,4,BUS03
2022-02-06 04:40:55,40.765587,-111.909599,1259.0,-9999.0,-9999.0,-9999.0,13.93,5.46,0.66,55.32,16.0,2.0,1.78,33.0,883.6,0.0,5.7,2.06,17.9,837.2,-9999.0,-9999.0,-9999.0,-9999.0,-9999.0,-9999.0,-9999.0,0.0,0,1,"time.struct_time(tm_year=2022, tm_mon=2, tm_mday=6, tm_hour=4, tm_min=40, tm_sec=55, tm_wday=6, tm_yday=37, tm_isdst=-1)",2022-02-06,2022,2,37,6,40,4,BUS03
2022-02-06 04:43:25,40.765598,-111.909592,1257.8,-9999.0,-9999.0,-9999.0,13.93,5.46,0.54,55.54,16.0,2.0,1.78,33.0,883.8,0.0,5.9,2.06,18.1,835.2,-9999.0,-9999.0,-9999.0,-9999.0,-9999.0,-9999.0,-9999.0,0.0,0,1,"time.struct_time(tm_year=2022, tm_mon=2, tm_mday=6, tm_hour=4, tm_min=43, tm_sec=25, tm_wday=6, tm_yday=37, tm_isdst=-1)",2022-02-06,2022,2,37,6,43,4,BUS03
2022-02-06 04:47:00,40.765614,-111.909592,1257.5,-9999.0,-9999.0,-9999.0,13.93,5.46,0.41,56.8,16.0,2.0,1.78,33.0,883.5,0.0,6.6,2.07,18.3,835.4,-9999.0,-9999.0,-9999.0,-9999.0,-9999.0,-9999.0,-9999.0,0.0,0,1,"time.struct_time(tm_year=2022, tm_mon=2, tm_mday=6, tm_hour=4, tm_min=47, tm_sec=0, tm_wday=6, tm_yday=37, tm_isdst=-1)",2022-02-06,2022,2,37,6,47,4,BUS03
2022-02-07 08:35:35,40.765743,-111.909683,1281.3,-9999.0,-9999.0,-9999.0,13.61,1.69,-1.36,59.42,6.0,2.0,-2.28,42.0,888.7,0.0,1.4,1.94,8.6,841.6,-9999.0,-9999.0,-9999.0,-9999.0,-9999.0,-9999.0,-9999.0,0.0,0,1,"time.struct_time(tm_year=2022, tm_mon=2, tm_mday=7, tm_hour=8, tm_min=35, tm_sec=35, tm_wday=0, tm_yday=38, tm_isdst=-1)",2022-02-07,2022,2,38,7,35,8,BUS03
2022-02-07 08:38:05,40.765743,-111.909683,1281.6,-9999.0,-9999.0,-9999.0,13.64,1.73,-1.32,58.5,6.0,2.0,-2.11,41.0,888.8,0.0,2.7,1.97,9.3,841.6,-9999.0,-9999.0,-9999.0,-9999.0,-9999.0,-9999.0,-9999.0,0.0,0,1,"time.struct_time(tm_year=2022, tm_mon=2, tm_mday=7, tm_hour=8, tm_min=38, tm_sec=5, tm_wday=0, tm_yday=38, tm_isdst=-1)",2022-02-07,2022,2,38,7,38,8,BUS03
2022-02-07 08:40:35,40.765739,-111.909683,1281.8,-9999.0,-9999.0,-9999.0,13.65,1.79,-1.28,57.87,6.0,2.0,-1.89,39.0,888.8,0.0,-1.2,1.96,9.9,841.5,-9999.0,-9999.0,-9999.0,-9999.0,-9999.0,-9999.0,-9999.0,0.0,0,1,"time.struct_time(tm_year=2022, tm_mon=2, tm_mday=7, tm_hour=8, tm_min=40, tm_sec=35, tm_wday=0, tm_yday=38, tm_isdst=-1)",2022-02-07,2022,2,38,7,40,8,BUS03
2022-02-07 08:43:05,40.765739,-111.909676,1280.5,-9999.0,-9999.0,-9999.0,13.71,1.85,-1.22,57.53,6.0,2.0,-1.72,38.0,888.7,0.0,-2.2,1.97,10.5,841.6,-9999.0,-9999.0,-9999.0,-9999.0,-9999.0,-9999.0,-9999.0,0.0,0,1,"time.struct_time(tm_year=2022, tm_mon=2, tm_mday=7, tm_hour=8, tm_min=43, tm_sec=5, tm_wday=0, tm_yday=38, tm_isdst=-1)",2022-02-07,2022,2,38,7,43,8,BUS03
2022-02-07 08:45:35,40.765732,-111.909676,1280.7,-9999.0,-9999.0,-9999.0,13.74,1.92,-1.14,57.16,6.0,2.0,-1.39,37.0,889.1,0.0,0.0,1.98,11.0,841.4,-9999.0,-9999.0,-9999.0,-9999.0,-9999.0,-9999.0,-9999.0,0.0,0,1,"time.struct_time(tm_year=2022, tm_mon=2, tm_mday=7, tm_hour=8, tm_min=45, tm_sec=35, tm_wday=0, tm_yday=38, tm_isdst=-1)",2022-02-07,2022,2,38,7,45,8,BUS03
2022-02-07 08:49:10,40.765724,-111.909676,1280.5,-9999.0,-9999.0,-9999.0,13.75,2.03,-1.07,56.55,7.0,2.0,-1.11,36.0,888.8,0.0,0.1,1.98,11.7,841.5,-9999.0,-9999.0,-9999.0,-9999.0,-9999.0,-9999.0,-9999.0,0.0,0,1,"time.struct_time(tm_year=2022, tm_mon=2, tm_mday=7, tm_hour=8, tm_min=49, tm_sec=10, tm_wday=0, tm_yday=38, tm_isdst=-1)",2022-02-07,2022,2,38,7,49,8,BUS03
2022-02-07 08:51:40,40.76572,-111.909683,1280.1,-9999.0,-9999.0,-9999.0,13.82,2.12,-0.99,56.15,6.0,2.0,-0.89,36.0,888.7,0.0,1.6,1.98,12.1,841.4,-9999.0,-9999.0,-9999.0,-9999.0,-9999.0,-9999.0,-9999.0,0.0,0,1,"time.struct_time(tm_year=2022, tm_mon=2, tm_mday=7, tm_hour=8, tm_min=51, tm_sec=40, tm_wday=0, tm_yday=38, tm_isdst=-1)",2022-02-07,2022,2,38,7,51,8,BUS03
2022-02-07 08:54:10,40.765732,-111.909676,1279.1,-9999.0,-9999.0,-9999.0,13.85,2.2,-0.97,56.08,6.0,2.0,-0.72,35.0,888.6,0.0,1.9,2.0,12.5,841.1,-9999.0,-9999.0,-9999.0,-9999.0,-9999.0,-9999.0,-9999.0,0.0,0,1,"time.struct_time(tm_year=2022, tm_mon=2, tm_mday=7, tm_hour=8, tm_min=54, tm_sec=10, tm_wday=0, tm_yday=38, tm_isdst=-1)",2022-02-07,2022,2,38,7,54,8,BUS03
2022-02-07 08:56:40,40.765724,-111.90966,1279.4,-9999.0,-9999.0,-9999.0,13.86,2.28,-0.92,55.74,7.0,2.0,-0.61,35.0,888.9,0.0,-1.9,2.0,12.9,841.4,-9999.0,-9999.0,-9999.0,-9999.0,-9999.0,-9999.0,-9999.0,0.0,0,1,"time.struct_time(tm_year=2022, tm_mon=2, tm_mday=7, tm_hour=8, tm_min=56, tm_sec=40, tm_wday=0, tm_yday=38, tm_isdst=-1)",2022-02-07,2022,2,38,7,56,8,BUS03
2022-02-07 08:59:10,40.765713,-111.90966,1279.2,-9999.0,-9999.0,-9999.0,13.9,2.37,-0.88,55.56,6.0,2.0,-0.39,35.0,888.9,0.0,0.4,1.98,13.2,841.0,-9999.0,-9999.0,-9999.0,-9999.0,-9999.0,-9999.0,-9999.0,0.0,0,1,"time.struct_time(tm_year=2022, tm_mon=2, tm_mday=7, tm_hour=8, tm_min=59, tm_sec=10, tm_wday=0, tm_yday=38, tm_isdst=-1)",2022-02-07,2022,2,38,7,59,8,BUS03
2022-02-07 09:01:40,40.765717,-111.90966,1278.8,-9999.0,-9999.0,-9999.0,13.89,2.45,-0.87,55.64,7.0,2.0,-0.28,35.0,888.9,0.0,0.4,2.01,13.5,841.3,-9999.0,-9999.0,-9999.0,-9999.0,-9999.0,-9999.0,-9999.0,0.0,0,1,"time.struct_time(tm_year=2022, tm_mon=2, tm_mday=7, tm_hour=9, tm_min=1, tm_sec=40, tm_wday=0, tm_yday=38, tm_isdst=-1)",2022-02-07,2022,2,38,7,1,9,BUS03
2022-02-07 09:04:10,40.76572,-111.909676,1278.2,-9999.0,-9999.0,-9999.0,13.9,2.53,-0.85,55.54,6.0,2.0,-0.11,35.0,888.8,0.0,-1.6,2.0,13.8,840.9,-9999.0,-9999.0,-9999.0,-9999.0,-9999.0,-9999.0,-9999.0,0.0,0,1,"time.struct_time(tm_year=2022, tm_mon=2, tm_mday=7, tm_hour=9, tm_min=4, tm_sec=10, tm_wday=0, tm_yday=38, tm_isdst=-1)",2022-02-07,2022,2,38,7,4,9,BUS03
2022-02-07 09:06:40,40.76572,-111.909683,1278.4,-9999.0,-9999.0,-9999.0,13.9,2.62,-0.94,55.56,6.0,2.0,-0.11,34.0,888.6,0.0,3.6,2.0,14.1,841.1,-9999.0,-9999.0,-9999.0,-9999.0,-9999.0,-9999.0,-9999.0,0.0,0,1,"time.struct_time(tm_year=2022, tm_mon=2, tm_mday=7, tm_hour=9, tm_min=6, tm_sec=40, tm_wday=0, tm_yday=38, tm_isdst=-1)",2022-02-07,2022,2,38,7,6,9,BUS03
2022-02-07 09:09:10,40.76572,-111.909683,1278.0,-9999.0,-9999.0,-9999.0,13.9,2.7,-0.97,55.86,6.0,2.0,0.0,34.0,888.7,0.0,3.2,2.03,14.4,840.8,-9999.0,-9999.0,-9999.0,-9999.0,-9999.0,-9999.0,-9999.0,0.0,0,1,"time.struct_time(tm_year=2022, tm_mon=2, tm_mday=7, tm_hour=9, tm_min=9, tm_sec=10, tm_wday=0, tm_yday=38, tm_isdst=-1)",2022-02-07,2022,2,38,7,9,9,BUS03
2022-02-07 09:11:40,40.765705,-111.909691,1279.1,-9999.0,-9999.0,-9999.0,13.91,2.77,-0.88,55.64,6.0,2.0,0.11,34.0,888.9,0.0,0.7,2.03,14.7,841.4,-9999.0,-9999.0,-9999.0,-9999.0,-9999.0,-9999.0,-9999.0,0.0,0,1,"time.struct_time(tm_year=2022, tm_mon=2, tm_mday=7, tm_hour=9, tm_min=11, tm_sec=40, tm_wday=0, tm_yday=38, tm_isdst=-1)",2022-02-07,2022,2,38,7,11,9,BUS03
2022-02-07 09:14:10,40.765705,-111.909698,1278.0,-9999.0,-9999.0,-9999.0,13.91,2.85,-0.8,55.12,7.0,2.0,0.22,34.0,888.6,0.0,-0.0,2.02,14.9,840.8,-9999.0,-9999.0,-9999.0,-9999.0,-9999.0,-9999.0,-9999.0,0.0,0,1,"time.struct_time(tm_year=2022, tm_mon=2, tm_mday=7, tm_hour=9, tm_min=14, tm_sec=10, tm_wday=0, tm_yday=38, tm_isdst=-1)",2022-02-07,2022,2,38,7,14,9,BUS03
2022-02-07 09:16:40,40.765705,-111.909698,1277.5,-9999.0,-9999.0,-9999.0,13.91,2.93,-0.74,54.88,6.0,2.0,0.28,34.0,888.8,0.0,1.5,2.02,15.2,841.4,-9999.0,-9999.0,-9999.0,-9999.0,-9999.0,-9999.0,-9999.0,0.0,0,1,"time.struct_time(tm_year=2022, tm_mon=2, tm_mday=7, tm_hour=9, tm_min=16, tm_sec=40, tm_wday=0, tm_yday=38, tm_isdst=-1)",2022-02-07,2022,2,38,7,16,9,BUS03
2022-02-07 09:20:15,40.765709,-111.909676,1277.3,-9999.0,-9999.0,-9999.0,13.91,3.04,-0.66,54.45,6.0,2.0,0.39,34.0,888.6,0.0,-0.8,2.04,15.5,840.8,-9999.0,-9999.0,-9999.0,-9999.0,-9999.0,-9999.0,-9999.0,0.0,0,1,"time.struct_time(tm_year=2022, tm_mon=2, tm_mday=7, tm_hour=9, tm_min=20, tm_sec=15, tm_wday=0, tm_yday=38, tm_isdst=-1)",2022-02-07,2022,2,38,7,20,9,BUS03
2022-02-07 09:22:45,40.765705,-111.909653,1278.8,-9999.0,-9999.0,-9999.0,13.91,3.12,-0.55,53.83,6.0,2.0,0.39,34.0,888.8,0.0,1.6,2.02,15.7,841.6,-9999.0,-9999.0,-9999.0,-9999.0,-9999.0,-9999.0,-9999.0,0.0,0,1,"time.struct_time(tm_year=2022, tm_mon=2, tm_mday=7, tm_hour=9, tm_min=22, tm_sec=45, tm_wday=0, tm_yday=38, tm_isdst=-1)",2022-02-07,2022,2,38,7,22,9,BUS03
2022-02-07 09:25:15,40.765717,-111.90966,1278.8,-9999.0,-9999.0,-9999.0,13.91,3.19,-0.58,53.99,6.0,2.0,0.5,34.0,888.7,0.0,-0.8,2.03,15.9,840.6,-9999.0,-9999.0,-9999.0,-9999.0,-9999.0,-9999.0,-9999.0,0.0,0,1,"time.struct_time(tm_year=2022, tm_mon=2, tm_mday=7, tm_hour=9, tm_min=25, tm_sec=15, tm_wday=0, tm_yday=38, tm_isdst=-1)",2022-02-07,2022,2,38,7,25,9,BUS03
2022-02-07 09:27:45,40.765717,-111.909676,1279.4,-9999.0,-9999.0,-9999.0,13.92,3.27,-0.68,54.13,6.0,2.0,0.61,34.0,888.8,0.0,0.7,2.04,16.1,841.8,-9999.0,-9999.0,-9999.0,-9999.0,-9999.0,-9999.0,-9999.0,0.0,0,1,"time.struct_time(tm_year=2022, tm_mon=2, tm_mday=7, tm_hour=9, tm_min=27, tm_sec=45, tm_wday=0, tm_yday=38, tm_isdst=-1)",2022-02-07,2022,2,38,7,27,9,BUS03
2022-02-07 09:30:15,40.765736,-111.90966,1279.6,-9999.0,-9999.0,-9999.0,13.92,3.34,-0.61,54.07,6.0,2.0,0.72,34.0,888.7,0.0,0.3,2.03,16.2,840.5,-9999.0,-9999.0,-9999.0,-9999.0,-9999.0,-9999.0,-9999.0,0.0,0,1,"time.struct_time(tm_year=2022, tm_mon=2, tm_mday=7, tm_hour=9, tm_min=30, tm_sec=15, tm_wday=0, tm_yday=38, tm_isdst=-1)",2022-02-07,2022,2,38,7,30,9,BUS03
2022-02-07 09:32:45,40.765751,-111.909653,1279.1,-9999.0,-9999.0,-9999.0,13.92,3.41,-0.55,53.52,6.0,2.0,0.72,33.0,888.8,0.0,-0.0,2.03,16.4,841.2,-9999.0,-9999.0,-9999.0,-9999.0,-9999.0,-9999.0,-9999.0,0.0,0,1,"time.struct_time(tm_year=2022, tm_mon=2, tm_mday=7, tm_hour=9, tm_min=32, tm_sec=45, tm_wday=0, tm_yday=38, tm_isdst=-1)",2022-02-07,2022,2,38,7,32,9,BUS03
2022-02-07 09:35:15,40.765747,-111.909637,1280.0,-9999.0,-9999.0,-9999.0,13.92,3.48,-0.55,53.64,6.0,2.0,0.78,33.0,888.6,0.0,3.7,2.04,16.6,840.5,-9999.0,-9999.0,-9999.0,-9999.0,-9999.0,-9999.0,-9999.0,0.0,0,1,"time.struct_time(tm_year=2022, tm_mon=2, tm_mday=7, tm_hour=9, tm_min=35, tm_sec=15, tm_wday=0, tm_yday=38, tm_isdst=-1)",2022-02-07,2022,2,38,7,35,9,BUS03
2022-02-07 09:37:45,40.765739,-111.909637,1280.0,-9999.0,-9999.0,-9999.0,13.92,3.55,-0.55,53.72,5.0,2.0,0.89,33.0,888.6,0.0,0.9,2.03,16.7,841.5,-9999.0,-9999.0,-9999.0,-9999.0,-9999.0,-9999.0,-9999.0,0.0,0,1,"time.struct_time(tm_year=2022, tm_mon=2, tm_mday=7, tm_hour=9, tm_min=37, tm_sec=45, tm_wday=0, tm_yday=38, tm_isdst=-1)",2022-02-07,2022,2,38,7,37,9,BUS03
2022-02-07 09:40:15,40.765743,-111.909637,1280.1,-9999.0,-9999.0,-9999.0,13.92,3.62,-0.52,53.73,6.0,2.0,0.89,33.0,888.7,0.0,-1.7,2.03,16.9,840.5,-9999.0,-9999.0,-9999.0,-9999.0,-9999.0,-9999.0,-9999.0,0.0,0,1,"time.struct_time(tm_year=2022, tm_mon=2, tm_mday=7, tm_hour=9, tm_min=40, tm_sec=15, tm_wday=0, tm_yday=38, tm_isdst=-1)",2022-02-07,2022,2,38,7,40,9,BUS03
2022-02-07 09:42:45,40.765736,-111.909645,1280.5,-9999.0,-9999.0,-9999.0,13.92,3.69,-0.46,53.34,6.0,2.0,0.89,33.0,888.6,0.0,-0.2,2.04,17.0,841.4,-9999.0,-9999.0,-9999.0,-9999.0,-9999.0,-9999.0,-9999.0,0.0,0,1,"time.struct_time(tm_year=2022, tm_mon=2, tm_mday=7, tm_hour=9, tm_min=42, tm_sec=45, tm_wday=0, tm_yday=38, tm_isdst=-1)",2022-02-07,2022,2,38,7,42,9,BUS03
2022-02-07 09:45:15,40.765739,-111.909645,1278.5,-9999.0,-9999.0,-9999.0,13.92,3.75,-0.35,53.26,6.0,2.0,1.0,33.0,888.6,0.0,-0.2,2.04,17.1,840.5,-9999.0,-9999.0,-9999.0,-9999.0,-9999.0,-9999.0,-9999.0,0.0,0,1,"time.struct_time(tm_year=2022, tm_mon=2, tm_mday=7, tm_hour=9, tm_min=45, tm_sec=15, tm_wday=0, tm_yday=38, tm_isdst=-1)",2022-02-07,2022,2,38,7,45,9,BUS03
2022-02-07 09:47:45,40.765736,-111.90963,1277.8,-9999.0,-9999.0,-9999.0,13.93,3.82,-0.29,53.14,5.0,2.0,1.11,33.0,888.9,0.0,0.9,2.04,17.3,841.1,-9999.0,-9999.0,-9999.0,-9999.0,-9999.0,-9999.0,-9999.0,0.0,0,1,"time.struct_time(tm_year=2022, tm_mon=2, tm_mday=7, tm_hour=9, tm_min=47, tm_sec=45, tm_wday=0, tm_yday=38, tm_isdst=-1)",2022-02-07,2022,2,38,7,47,9,BUS03
2022-02-07 09:50:15,40.765743,-111.909637,1277.8,-9999.0,-9999.0,-9999.0,13.93,3.89,-0.25,53.01,6.0,2.0,1.22,33.0,888.8,0.0,-3.5,2.04,17.4,840.4,-9999.0,-9999.0,-9999.0,-9999.0,-9999.0,-9999.0,-9999.0,0.0,0,1,"time.struct_time(tm_year=2022, tm_mon=2, tm_mday=7, tm_hour=9, tm_min=50, tm_sec=15, tm_wday=0, tm_yday=38, tm_isdst=-1)",2022-02-07,2022,2,38,7,50,9,BUS03
2022-02-07 09:52:45,40.765743,-111.909645,1276.2,-9999.0,-9999.0,-9999.0,13.92,3.96,-0.27,53.04,5.0,2.0,1.22,33.0,888.6,0.0,-4.5,2.04,17.5,841.4,-9999.0,-9999.0,-9999.0,-9999.0,-9999.0,-9999.0,-9999.0,0.0,0,1,"time.struct_time(tm_year=2022, tm_mon=2, tm_mday=7, tm_hour=9, tm_min=52, tm_sec=45, tm_wday=0, tm_yday=38, tm_isdst=-1)",2022-02-07,2022,2,38,7,52,9,BUS03
2022-02-07 09:55:15,40.765736,-111.909637,1276.6,-9999.0,-9999.0,-9999.0,13.93,4.02,-0.25,53.38,6.0,2.0,1.39,33.0,888.8,0.0,-2.1,2.05,17.6,841.1,-9999.0,-9999.0,-9999.0,-9999.0,-9999.0,-9999.0,-9999.0,0.0,0,1,"time.struct_time(tm_year=2022, tm_mon=2, tm_mday=7, tm_hour=9, tm_min=55, tm_sec=15, tm_wday=0, tm_yday=38, tm_isdst=-1)",2022-02-07,2022,2,38,7,55,9,BUS03
2022-02-07 09:57:45,40.765732,-111.909645,1277.0,-9999.0,-9999.0,-9999.0,13.92,4.09,-0.23,52.7,5.0,2.0,1.5,33.0,888.8,0.0,-0.4,2.05,17.7,840.9,-9999.0,-9999.0,-9999.0,-9999.0,-9999.0,-9999.0,-9999.0,0.0,0,1,"time.struct_time(tm_year=2022, tm_mon=2, tm_mday=7, tm_hour=9, tm_min=57, tm_sec=45, tm_wday=0, tm_yday=38, tm_isdst=-1)",2022-02-07,2022,2,38,7,57,9,BUS03
2022-02-07 10:00:15,40.765728,-111.909645,1278.6,-9999.0,-9999.0,-9999.0,13.93,4.16,-0.13,52.48,7.0,2.0,1.61,33.0,888.6,0.0,1.4,2.06,17.8,840.9,-9999.0,-9999.0,-9999.0,-9999.0,-9999.0,-9999.0,-9999.0,0.0,0,1,"time.struct_time(tm_year=2022, tm_mon=2, tm_mday=7, tm_hour=10, tm_min=0, tm_sec=15, tm_wday=0, tm_yday=38, tm_isdst=-1)",2022-02-07,2022,2,38,7,0,10,BUS03
2022-02-07 10:02:45,40.765739,-111.909637,1279.6,-9999.0,-9999.0,-9999.0,13.93,4.23,-0.09,51.71,6.0,2.0,1.61,33.0,888.5,0.0,-1.9,2.05,17.9,841.0,-9999.0,-9999.0,-9999.0,-9999.0,-9999.0,-9999.0,-9999.0,0.0,0,1,"time.struct_time(tm_year=2022, tm_mon=2, tm_mday=7, tm_hour=10, tm_min=2, tm_sec=45, tm_wday=0, tm_yday=38, tm_isdst=-1)",2022-02-07,2022,2,38,7,2,10,BUS03
2022-02-07 10:05:15,40.765732,-111.909637,1280.1,-9999.0,-9999.0,-9999.0,13.93,4.29,-0.05,50.99,5.0,2.0,1.72,32.0,888.7,0.0,1.2,2.04,18.1,841.1,-9999.0,-9999.0,-9999.0,-9999.0,-9999.0,-9999.0,-9999.0,0.0,0,1,"time.struct_time(tm_year=2022, tm_mon=2, tm_mday=7, tm_hour=10, tm_min=5, tm_sec=15, tm_wday=0, tm_yday=38, tm_isdst=-1)",2022-02-07,2022,2,38,7,5,10,BUS03
2022-02-07 10:07:45,40.765724,-111.909645,1280.2,-9999.0,-9999.0,-9999.0,13.93,4.36,-0.01,51.07,6.0,2.0,1.78,32.0,888.5,0.0,-1.1,2.05,18.1,841.0,-9999.0,-9999.0,-9999.0,-9999.0,-9999.0,-9999.0,-9999.0,0.0,0,1,"time.struct_time(tm_year=2022, tm_mon=2, tm_mday=7, tm_hour=10, tm_min=7, tm_sec=45, tm_wday=0, tm_yday=38, tm_isdst=-1)",2022-02-07,2022,2,38,7,7,10,BUS03
2022-02-07 10:10:15,40.765724,-111.909637,1279.0,-9999.0,-9999.0,-9999.0,13.93,4.42,0.07,50.38,5.0,2.0,1.89,32.0,888.4,0.0,-0.9,2.06,18.3,841.0,-9999.0,-9999.0,-9999.0,-9999.0,-9999.0,-9999.0,-9999.0,0.0,0,1,"time.struct_time(tm_year=2022, tm_mon=2, tm_mday=7, tm_hour=10, tm_min=10, tm_sec=15, tm_wday=0, tm_yday=38, tm_isdst=-1)",2022-02-07,2022,2,38,7,10,10,BUS03
2022-02-07 10:12:45,40.765724,-111.909637,1278.3,-9999.0,-9999.0,-9999.0,13.93,4.49,0.13,51.75,5.0,2.0,2.0,32.0,888.7,0.0,-2.5,2.06,18.3,840.9,-9999.0,-9999.0,-9999.0,-9999.0,-9999.0,-9999.0,-9999.0,0.0,0,1,"time.struct_time(tm_year=2022, tm_mon=2, tm_mday=7, tm_hour=10, tm_min=12, tm_sec=45, tm_wday=0, tm_yday=38, tm_isdst=-1)",2022-02-07,2022,2,38,7,12,10,BUS03
2022-02-07 10:15:15,40.765724,-111.909653,1278.1,-9999.0,-9999.0,-9999.0,13.93,4.56,0.27,50.45,5.0,2.0,2.11,32.0,888.5,0.0,-0.5,2.06,18.4,840.9,-9999.0,-9999.0,-9999.0,-9999.0,-9999.0,-9999.0,-9999.0,0.0,0,1,"time.struct_time(tm_year=2022, tm_mon=2, tm_mday=7, tm_hour=10, tm_min=15, tm_sec=15, tm_wday=0, tm_yday=38, tm_isdst=-1)",2022-02-07,2022,2,38,7,15,10,BUS03
2022-02-07 10:17:45,40.765739,-111.909653,1277.4,-9999.0,-9999.0,-9999.0,13.93,4.62,0.43,49.86,6.0,2.0,2.11,32.0,888.6,0.0,-0.1,2.05,18.5,841.7,-9999.0,-9999.0,-9999.0,-9999.0,-9999.0,-9999.0,-9999.0,0.0,0,1,"time.struct_time(tm_year=2022, tm_mon=2, tm_mday=7, tm_hour=10, tm_min=17, tm_sec=45, tm_wday=0, tm_yday=38, tm_isdst=-1)",2022-02-07,2022,2,38,7,17,10,BUS03
2022-02-07 10:21:20,40.765732,-111.90966,1276.9,-9999.0,-9999.0,-9999.0,13.93,4.73,0.52,49.97,6.0,2.0,2.22,32.0,888.5,0.0,-6.0,2.04,18.7,841.3,-9999.0,-9999.0,-9999.0,-9999.0,-9999.0,-9999.0,-9999.0,0.0,0,1,"time.struct_time(tm_year=2022, tm_mon=2, tm_mday=7, tm_hour=10, tm_min=21, tm_sec=20, tm_wday=0, tm_yday=38, tm_isdst=-1)",2022-02-07,2022,2,38,7,21,10,BUS03
2022-02-07 10:23:50,40.765717,-111.90966,1277.5,-9999.0,-9999.0,-9999.0,13.93,4.79,0.48,48.96,6.0,2.0,2.28,32.0,888.4,0.0,-1.1,2.06,18.7,840.1,-9999.0,-9999.0,-9999.0,-9999.0,-9999.0,-9999.0,-9999.0,0.0,0,1,"time.struct_time(tm_year=2022, tm_mon=2, tm_mday=7, tm_hour=10, tm_min=23, tm_sec=50, tm_wday=0, tm_yday=38, tm_isdst=-1)",2022-02-07,2022,2,38,7,23,10,BUS03
2022-02-07 10:26:20,40.765717,-111.90966,1277.1,-9999.0,-9999.0,-9999.0,13.94,4.86,0.44,48.98,6.0,2.0,2.28,31.0,888.4,0.0,-1.5,2.06,18.8,841.5,-9999.0,-9999.0,-9999.0,-9999.0,-9999.0,-9999.0,-9999.0,0.0,0,1,"time.struct_time(tm_year=2022, tm_mon=2, tm_mday=7, tm_hour=10, tm_min=26, tm_sec=20, tm_wday=0, tm_yday=38, tm_isdst=-1)",2022-02-07,2022,2,38,7,26,10,BUS03
2022-02-07 10:28:50,40.76572,-111.90966,1277.1,-9999.0,-9999.0,-9999.0,13.93,4.91,0.46,49.76,6.0,2.0,2.39,31.0,888.4,0.0,-0.9,2.06,18.9,840.0,-9999.0,-9999.0,-9999.0,-9999.0,-9999.0,-9999.0,-9999.0,0.0,0,1,"time.struct_time(tm_year=2022, tm_mon=2, tm_mday=7, tm_hour=10, tm_min=28, tm_sec=50, tm_wday=0, tm_yday=38, tm_isdst=-1)",2022-02-07,2022,2,38,7,28,10,BUS03
2022-02-07 10:31:20,40.765717,-111.909668,1276.2,-9999.0,-9999.0,-9999.0,13.94,4.97,0.56,48.74,5.0,2.0,2.39,31.0,888.5,0.0,-2.0,2.06,19.0,840.9,-9999.0,-9999.0,-9999.0,-9999.0,-9999.0,-9999.0,-9999.0,0.0,0,1,"time.struct_time(tm_year=2022, tm_mon=2, tm_mday=7, tm_hour=10, tm_min=31, tm_sec=20, tm_wday=0, tm_yday=38, tm_isdst=-1)",2022-02-07,2022,2,38,7,31,10,BUS03
2022-02-07 10:33:50,40.765728,-111.909676,1276.7,-9999.0,-9999.0,-9999.0,13.93,5.04,0.68,48.28,6.0,2.0,2.5,31.0,888.3,0.0,-4.9,2.07,19.1,840.0,-9999.0,-9999.0,-9999.0,-9999.0,-9999.0,-9999.0,-9999.0,0.0,0,1,"time.struct_time(tm_year=2022, tm_mon=2, tm_mday=7, tm_hour=10, tm_min=33, tm_sec=50, tm_wday=0, tm_yday=38, tm_isdst=-1)",2022-02-07,2022,2,38,7,33,10,BUS03
2022-02-07 10:36:20,40.765728,-111.909683,1275.9,-9999.0,-9999.0,-9999.0,13.94,5.1,0.74,48.35,6.0,2.0,2.5,31.0,888.3,0.0,-3.6,2.04,19.1,841.1,-9999.0,-9999.0,-9999.0,-9999.0,-9999.0,-9999.0,-9999.0,0.0,0,1,"time.struct_time(tm_year=2022, tm_mon=2, tm_mday=7, tm_hour=10, tm_min=36, tm_sec=20, tm_wday=0, tm_yday=38, tm_isdst=-1)",2022-02-07,2022,2,38,7,36,10,BUS03
2022-02-07 10:38:50,40.765724,-111.909691,1275.7,-9999.0,-9999.0,-9999.0,13.93,5.16,0.84,47.09,6.0,2.0,2.61,31.0,888.3,0.0,-1.8,2.07,19.2,839.9,-9999.0,-9999.0,-9999.0,-9999.0,-9999.0,-9999.0,-9999.0,0.0,0,1,"time.struct_time(tm_year=2022, tm_mon=2, tm_mday=7, tm_hour=10, tm_min=38, tm_sec=50, tm_wday=0, tm_yday=38, tm_isdst=-1)",2022-02-07,2022,2,38,7,38,10,BUS03
2022-02-07 10:41:20,40.765717,-111.909683,1275.6,-9999.0,-9999.0,-9999.0,13.93,5.22,0.94,46.69,5.0,2.0,2.61,31.0,888.5,0.0,2.2,2.07,19.3,841.1,-9999.0,-9999.0,-9999.0,-9999.0,-9999.0,-9999.0,-9999.0,0.0,0,1,"time.struct_time(tm_year=2022, tm_mon=2, tm_mday=7, tm_hour=10, tm_min=41, tm_sec=20, tm_wday=0, tm_yday=38, tm_isdst=-1)",2022-02-07,2022,2,38,7,41,10,BUS03
2022-02-07 10:43:50,40.765713,-111.909691,1276.1,-9999.0,-9999.0,-9999.0,13.93,5.28,1.04,46.23,5.0,2.0,2.61,30.0,888.3,0.0,-2.9,2.07,19.4,839.9,-9999.0,-9999.0,-9999.0,-9999.0,-9999.0,-9999.0,-9999.0,0.0,0,1,"time.struct_time(tm_year=2022, tm_mon=2, tm_mday=7, tm_hour=10, tm_min=43, tm_sec=50, tm_wday=0, tm_yday=38, tm_isdst=-1)",2022-02-07,2022,2,38,7,43,10,BUS03
2022-02-07 10:46:20,40.765713,-111.909698,1276.1,-9999.0,-9999.0,-9999.0,13.94,5.34,1.06,46.08,4.0,2.0,2.61,30.0,888.2,0.0,-2.4,2.06,19.4,841.0,-9999.0,-9999.0,-9999.0,-9999.0,-9999.0,-9999.0,-9999.0,0.0,0,1,"time.struct_time(tm_year=2022, tm_mon=2, tm_mday=7, tm_hour=10, tm_min=46, tm_sec=20, tm_wday=0, tm_yday=38, tm_isdst=-1)",2022-02-07,2022,2,38,7,46,10,BUS03
2022-02-07 10:48:50,40.765709,-111.909698,1276.4,-9999.0,-9999.0,-9999.0,13.94,5.4,1.12,45.8,5.0,2.0,2.72,30.0,888.5,0.0,-0.3,2.06,19.5,839.8,-9999.0,-9999.0,-9999.0,-9999.0,-9999.0,-9999.0,-9999.0,0.0,0,1,"time.struct_time(tm_year=2022, tm_mon=2, tm_mday=7, tm_hour=10, tm_min=48, tm_sec=50, tm_wday=0, tm_yday=38, tm_isdst=-1)",2022-02-07,2022,2,38,7,48,10,BUS03
2022-02-07 10:51:20,40.765701,-111.909698,1276.5,-9999.0,-9999.0,-9999.0,13.94,5.46,1.16,45.62,5.0,2.0,2.72,30.0,888.5,0.0,-0.1,2.06,19.6,840.9,-9999.0,-9999.0,-9999.0,-9999.0,-9999.0,-9999.0,-9999.0,0.0,0,1,"time.struct_time(tm_year=2022, tm_mon=2, tm_mday=7, tm_hour=10, tm_min=51, tm_sec=20, tm_wday=0, tm_yday=38, tm_isdst=-1)",2022-02-07,2022,2,38,7,51,10,BUS03
2022-02-07 10:53:50,40.765694,-111.909714,1277.3,-9999.0,-9999.0,-9999.0,13.94,5.51,1.22,45.7,4.0,2.0,2.78,30.0,888.1,0.0,2.5,2.06,19.6,839.8,-9999.0,-9999.0,-9999.0,-9999.0,-9999.0,-9999.0,-9999.0,0.0,0,1,"time.struct_time(tm_year=2022, tm_mon=2, tm_mday=7, tm_hour=10, tm_min=53, tm_sec=50, tm_wday=0, tm_yday=38, tm_isdst=-1)",2022-02-07,2022,2,38,7,53,10,BUS03
2022-02-07 10:56:20,40.76569,-111.909714,1277.6,-9999.0,-9999.0,-9999.0,13.94,5.56,1.25,45.33,5.0,2.0,2.78,30.0,888.4,0.0,1.1,2.07,19.7,841.2,-9999.0,-9999.0,-9999.0,-9999.0,-9999.0,-9999.0,-9999.0,0.0,0,1,"time.struct_time(tm_year=2022, tm_mon=2, tm_mday=7, tm_hour=10, tm_min=56, tm_sec=20, tm_wday=0, tm_yday=38, tm_isdst=-1)",2022-02-07,2022,2,38,7,56,10,BUS03
2022-02-07 10:58:50,40.765701,-111.909714,1277.4,-9999.0,-9999.0,-9999.0,13.94,5.62,1.29,45.44,5.0,2.0,2.78,30.0,888.3,0.0,1.7,2.06,19.8,839.8,-9999.0,-9999.0,-9999.0,-9999.0,-9999.0,-9999.0,-9999.0,0.0,0,1,"time.struct_time(tm_year=2022, tm_mon=2, tm_mday=7, tm_hour=10, tm_min=58, tm_sec=50, tm_wday=0, tm_yday=38, tm_isdst=-1)",2022-02-07,2022,2,38,7,58,10,BUS03
2022-02-07 11:01:20,40.765697,-111.909721,1276.7,-9999.0,-9999.0,-9999.0,13.94,5.67,1.25,45.76,5.0,2.0,2.78,30.0,888.1,0.0,-0.4,2.06,19.8,841.1,-9999.0,-9999.0,-9999.0,-9999.0,-9999.0,-9999.0,-9999.0,0.0,0,1,"time.struct_time(tm_year=2022, tm_mon=2, tm_mday=7, tm_hour=11, tm_min=1, tm_sec=20, tm_wday=0, tm_yday=38, tm_isdst=-1)",2022-02-07,2022,2,38,7,1,11,BUS03
2022-02-07 11:03:50,40.765709,-111.909729,1276.0,-9999.0,-9999.0,-9999.0,13.93,5.71,1.24,45.52,5.0,2.0,2.89,30.0,888.3,0.0,1.5,2.07,19.9,839.7,-9999.0,-9999.0,-9999.0,-9999.0,-9999.0,-9999.0,-9999.0,0.0,0,1,"time.struct_time(tm_year=2022, tm_mon=2, tm_mday=7, tm_hour=11, tm_min=3, tm_sec=50, tm_wday=0, tm_yday=38, tm_isdst=-1)",2022-02-07,2022,2,38,7,3,11,BUS03
2022-02-07 11:06:20,40.765717,-111.909721,1276.3,-9999.0,-9999.0,-9999.0,13.93,5.76,1.29,45.28,5.0,2.0,2.89,30.0,888.2,0.0,-1.5,2.08,19.9,841.3,-9999.0,-9999.0,-9999.0,-9999.0,-9999.0,-9999.0,-9999.0,0.0,0,1,"time.struct_time(tm_year=2022, tm_mon=2, tm_mday=7, tm_hour=11, tm_min=6, tm_sec=20, tm_wday=0, tm_yday=38, tm_isdst=-1)",2022-02-07,2022,2,38,7,6,11,BUS03
2022-02-07 11:08:50,40.76572,-111.909729,1277.2,-9999.0,-9999.0,-9999.0,13.94,5.8,1.27,45.94,5.0,2.0,2.89,30.0,888.3,0.0,-1.7,2.07,20.0,839.8,-9999.0,-9999.0,-9999.0,-9999.0,-9999.0,-9999.0,-9999.0,0.0,0,1,"time.struct_time(tm_year=2022, tm_mon=2, tm_mday=7, tm_hour=11, tm_min=8, tm_sec=50, tm_wday=0, tm_yday=38, tm_isdst=-1)",2022-02-07,2022,2,38,7,8,11,BUS03
2022-02-07 20:14:25,40.765747,-111.909729,1281.1,-9999.0,-9999.0,-9999.0,13.97,8.98,8.39,26.73,7.0,2.0,6.61,33.0,886.8,0.0,32.2,1.99,11.8,838.8,-9999.0,-9999.0,-9999.0,-9999.0,-9999.0,-9999.0,-9999.0,0.0,0,1,"time.struct_time(tm_year=2022, tm_mon=2, tm_mday=7, tm_hour=20, tm_min=14, tm_sec=25, tm_wday=0, tm_yday=38, tm_isdst=-1)",2022-02-07,2022,2,38,7,14,20,BUS03
2022-02-07 20:16:55,40.765747,-111.909721,1280.1,-9999.0,-9999.0,-9999.0,13.94,9.1,8.49,26.69,5.0,2.0,6.78,32.0,886.7,0.0,27.2,2.02,12.9,839.4,-9999.0,-9999.0,-9999.0,-9999.0,-9999.0,-9999.0,-9999.0,0.0,0,1,"time.struct_time(tm_year=2022, tm_mon=2, tm_mday=7, tm_hour=20, tm_min=16, tm_sec=55, tm_wday=0, tm_yday=38, tm_isdst=-1)",2022-02-07,2022,2,38,7,16,20,BUS03
2022-02-07 20:19:25,40.765747,-111.909706,1279.6,-9999.0,-9999.0,-9999.0,13.9,9.23,8.59,27.09,7.0,2.0,7.0,32.0,886.9,0.0,28.7,2.01,13.9,838.4,-9999.0,-9999.0,-9999.0,-9999.0,-9999.0,-9999.0,-9999.0,0.0,0,1,"time.struct_time(tm_year=2022, tm_mon=2, tm_mday=7, tm_hour=20, tm_min=19, tm_sec=25, tm_wday=0, tm_yday=38, tm_isdst=-1)",2022-02-07,2022,2,38,7,19,20,BUS03
2022-02-07 20:21:55,40.765739,-111.909698,1279.8,-9999.0,-9999.0,-9999.0,13.91,9.37,8.73,26.87,6.0,2.0,7.28,32.0,886.9,0.0,29.6,2.02,14.8,840.0,-9999.0,-9999.0,-9999.0,-9999.0,-9999.0,-9999.0,-9999.0,0.0,0,1,"time.struct_time(tm_year=2022, tm_mon=2, tm_mday=7, tm_hour=20, tm_min=21, tm_sec=55, tm_wday=0, tm_yday=38, tm_isdst=-1)",2022-02-07,2022,2,38,7,21,20,BUS03
2022-02-07 20:24:25,40.765743,-111.909698,1278.7,-9999.0,-9999.0,-9999.0,13.88,9.52,8.71,27.21,11.0,2.0,7.5,32.0,886.6,0.0,13.0,2.04,15.6,838.1,-9999.0,-9999.0,-9999.0,-9999.0,-9999.0,-9999.0,-9999.0,0.0,0,1,"time.struct_time(tm_year=2022, tm_mon=2, tm_mday=7, tm_hour=20, tm_min=24, tm_sec=25, tm_wday=0, tm_yday=38, tm_isdst=-1)",2022-02-07,2022,2,38,7,24,20,BUS03
2022-02-07 20:26:55,40.765759,-111.909683,1278.1,-9999.0,-9999.0,-9999.0,13.88,9.68,8.8,26.27,7.0,2.0,7.72,31.0,886.6,0.0,25.8,2.04,16.3,840.3,-9999.0,-9999.0,-9999.0,-9999.0,-9999.0,-9999.0,-9999.0,0.0,0,1,"time.struct_time(tm_year=2022, tm_mon=2, tm_mday=7, tm_hour=20, tm_min=26, tm_sec=55, tm_wday=0, tm_yday=38, tm_isdst=-1)",2022-02-07,2022,2,38,7,26,20,BUS03
2022-02-07 20:29:25,40.765766,-111.909676,1277.6,-9999.0,-9999.0,-9999.0,13.88,9.84,8.81,26.64,7.0,2.0,7.89,31.0,886.5,0.0,22.6,2.04,17.0,838.6,-9999.0,-9999.0,-9999.0,-9999.0,-9999.0,-9999.0,-9999.0,0.0,0,1,"time.struct_time(tm_year=2022, tm_mon=2, tm_mday=7, tm_hour=20, tm_min=29, tm_sec=25, tm_wday=0, tm_yday=38, tm_isdst=-1)",2022-02-07,2022,2,38,7,29,20,BUS03
2022-02-07 20:31:55,40.765739,-111.909668,1277.4,-9999.0,-9999.0,-9999.0,13.89,10.0,8.98,27.2,7.0,2.0,8.11,31.0,886.6,0.0,20.5,2.05,17.7,840.3,-9999.0,-9999.0,-9999.0,-9999.0,-9999.0,-9999.0,-9999.0,0.0,0,1,"time.struct_time(tm_year=2022, tm_mon=2, tm_mday=7, tm_hour=20, tm_min=31, tm_sec=55, tm_wday=0, tm_yday=38, tm_isdst=-1)",2022-02-07,2022,2,38,7,31,20,BUS03
2022-02-07 20:34:25,40.765739,-111.909668,1277.9,-9999.0,-9999.0,-9999.0,13.89,10.16,8.91,25.77,6.0,2.0,8.39,30.0,886.5,0.0,19.9,2.05,18.2,838.7,-9999.0,-9999.0,-9999.0,-9999.0,-9999.0,-9999.0,-9999.0,0.0,0,1,"time.struct_time(tm_year=2022, tm_mon=2, tm_mday=7, tm_hour=20, tm_min=34, tm_sec=25, tm_wday=0, tm_yday=38, tm_isdst=-1)",2022-02-07,2022,2,38,7,34,20,BUS03
2022-02-07 20:36:55,40.765743,-111.909676,1277.6,-9999.0,-9999.0,-9999.0,13.89,10.32,8.81,26.0,8.0,2.0,8.5,29.0,886.5,0.0,15.2,2.05,18.8,840.7,-9999.0,-9999.0,-9999.0,-9999.0,-9999.0,-9999.0,-9999.0,0.0,0,1,"time.struct_time(tm_year=2022, tm_mon=2, tm_mday=7, tm_hour=20, tm_min=36, tm_sec=55, tm_wday=0, tm_yday=38, tm_isdst=-1)",2022-02-07,2022,2,38,7,36,20,BUS03
2022-02-07 20:39:25,40.765751,-111.909683,1277.9,-9999.0,-9999.0,-9999.0,13.87,10.48,8.73,27.16,9.0,2.0,8.78,29.0,886.5,0.0,16.4,2.08,19.3,838.8,-9999.0,-9999.0,-9999.0,-9999.0,-9999.0,-9999.0,-9999.0,0.0,0,1,"time.struct_time(tm_year=2022, tm_mon=2, tm_mday=7, tm_hour=20, tm_min=39, tm_sec=25, tm_wday=0, tm_yday=38, tm_isdst=-1)",2022-02-07,2022,2,38,7,39,20,BUS03
2022-02-07 20:41:55,40.765755,-111.909683,1278.3,-9999.0,-9999.0,-9999.0,13.87,10.64,8.76,27.15,8.0,2.0,8.89,29.0,886.5,0.0,22.0,2.07,19.8,840.4,-9999.0,-9999.0,-9999.0,-9999.0,-9999.0,-9999.0,-9999.0,0.0,0,1,"time.struct_time(tm_year=2022, tm_mon=2, tm_mday=7, tm_hour=20, tm_min=41, tm_sec=55, tm_wday=0, tm_yday=38, tm_isdst=-1)",2022-02-07,2022,2,38,7,41,20,BUS03
2022-02-07 20:44:25,40.765747,-111.909676,1278.9,-9999.0,-9999.0,-9999.0,13.87,10.8,8.67,27.52,9.0,2.0,9.11,29.0,886.4,0.0,15.3,2.07,20.2,839.1,-9999.0,-9999.0,-9999.0,-9999.0,-9999.0,-9999.0,-9999.0,0.0,0,1,"time.struct_time(tm_year=2022, tm_mon=2, tm_mday=7, tm_hour=20, tm_min=44, tm_sec=25, tm_wday=0, tm_yday=38, tm_isdst=-1)",2022-02-07,2022,2,38,7,44,20,BUS03
2022-02-07 20:46:55,40.765747,-111.909683,1277.9,-9999.0,-9999.0,-9999.0,13.87,10.95,8.55,27.28,8.0,2.0,9.22,28.0,886.3,0.0,24.0,2.1,20.7,840.3,-9999.0,-9999.0,-9999.0,-9999.0,-9999.0,-9999.0,-9999.0,0.0,0,1,"time.struct_time(tm_year=2022, tm_mon=2, tm_mday=7, tm_hour=20, tm_min=46, tm_sec=55, tm_wday=0, tm_yday=38, tm_isdst=-1)",2022-02-07,2022,2,38,7,46,20,BUS03
2022-02-07 20:49:25,40.765739,-111.909691,1277.2,-9999.0,-9999.0,-9999.0,13.87,11.1,8.63,27.74,8.0,2.0,9.39,28.0,886.3,0.0,22.4,2.08,21.1,839.3,-9999.0,-9999.0,-9999.0,-9999.0,-9999.0,-9999.0,-9999.0,0.0,0,1,"time.struct_time(tm_year=2022, tm_mon=2, tm_mday=7, tm_hour=20, tm_min=49, tm_sec=25, tm_wday=0, tm_yday=38, tm_isdst=-1)",2022-02-07,2022,2,38,7,49,20,BUS03
2022-02-07 20:51:55,40.765739,-111.909698,1277.9,-9999.0,-9999.0,-9999.0,13.87,11.24,8.84,27.08,8.0,2.0,9.61,28.0,886.2,0.0,23.7,2.08,21.4,840.3,-9999.0,-9999.0,-9999.0,-9999.0,-9999.0,-9999.0,-9999.0,0.0,0,1,"time.struct_time(tm_year=2022, tm_mon=2, tm_mday=7, tm_hour=20, tm_min=51, tm_sec=55, tm_wday=0, tm_yday=38, tm_isdst=-1)",2022-02-07,2022,2,38,7,51,20,BUS03
2022-02-07 20:54:25,40.765739,-111.909698,1278.9,-9999.0,-9999.0,-9999.0,13.87,11.38,9.0,26.65,8.0,2.0,9.72,27.0,886.2,0.0,22.9,2.09,21.8,839.5,-9999.0,-9999.0,-9999.0,-9999.0,-9999.0,-9999.0,-9999.0,0.0,0,1,"time.struct_time(tm_year=2022, tm_mon=2, tm_mday=7, tm_hour=20, tm_min=54, tm_sec=25, tm_wday=0, tm_yday=38, tm_isdst=-1)",2022-02-07,2022,2,38,7,54,20,BUS03
2022-02-07 20:56:55,40.765743,-111.909698,1278.9,-9999.0,-9999.0,-9999.0,13.87,11.52,9.06,25.61,7.0,2.0,9.89,27.0,886.2,0.0,18.1,2.09,22.1,840.3,-9999.0,-9999.0,-9999.0,-9999.0,-9999.0,-9999.0,-9999.0,0.0,0,1,"time.struct_time(tm_year=2022, tm_mon=2, tm_mday=7, tm_hour=20, tm_min=56, tm_sec=55, tm_wday=0, tm_yday=38, tm_isdst=-1)",2022-02-07,2022,2,38,7,56,20,BUS03
2022-02-07 20:59:25,40.765747,-111.909683,1278.5,-9999.0,-9999.0,-9999.0,13.84,11.66,9.23,25.36,8.0,2.0,10.0,26.0,886.1,0.0,23.9,2.09,22.4,839.6,-9999.0,-9999.0,-9999.0,-9999.0,-9999.0,-9999.0,-9999.0,0.0,0,1,"time.struct_time(tm_year=2022, tm_mon=2, tm_mday=7, tm_hour=20, tm_min=59, tm_sec=25, tm_wday=0, tm_yday=38, tm_isdst=-1)",2022-02-07,2022,2,38,7,59,20,BUS03
2022-02-07 21:01:55,40.765743,-111.909676,1278.7,-9999.0,-9999.0,-9999.0,13.84,11.8,9.32,24.88,9.0,2.0,10.22,26.0,886.1,0.0,25.3,2.1,22.7,840.4,-9999.0,-9999.0,-9999.0,-9999.0,-9999.0,-9999.0,-9999.0,0.0,0,1,"time.struct_time(tm_year=2022, tm_mon=2, tm_mday=7, tm_hour=21, tm_min=1, tm_sec=55, tm_wday=0, tm_yday=38, tm_isdst=-1)",2022-02-07,2022,2,38,7,1,21,BUS03
2022-02-07 21:04:25,40.765739,-111.909676,1279.2,-9999.0,-9999.0,-9999.0,13.84,11.94,9.18,25.56,8.0,2.0,10.28,26.0,886.3,0.0,23.5,2.1,23.0,839.7,-9999.0,-9999.0,-9999.0,-9999.0,-9999.0,-9999.0,-9999.0,0.0,0,1,"time.struct_time(tm_year=2022, tm_mon=2, tm_mday=7, tm_hour=21, tm_min=4, tm_sec=25, tm_wday=0, tm_yday=38, tm_isdst=-1)",2022-02-07,2022,2,38,7,4,21,BUS03
2022-02-07 21:08:05,40.765739,-111.90966,1280.3,-9999.0,-9999.0,-9999.0,13.84,12.14,9.08,26.83,9.0,2.0,10.5,26.0,886.3,0.0,16.2,2.11,23.4,839.8,-9999.0,-9999.0,-9999.0,-9999.0,-9999.0,-9999.0,-9999.0,0.0,0,1,"time.struct_time(tm_year=2022, tm_mon=2, tm_mday=7, tm_hour=21, tm_min=8, tm_sec=5, tm_wday=0, tm_yday=38, tm_isdst=-1)",2022-02-07,2022,2,38,7,8,21,BUS03
2022-02-07 21:10:35,40.765736,-111.909653,1279.7,-9999.0,-9999.0,-9999.0,13.84,12.26,8.97,27.39,11.0,2.0,10.61,25.0,886.1,0.0,15.7,2.11,23.7,840.4,-9999.0,-9999.0,-9999.0,-9999.0,-9999.0,-9999.0,-9999.0,0.0,0,1,"time.struct_time(tm_year=2022, tm_mon=2, tm_mday=7, tm_hour=21, tm_min=10, tm_sec=35, tm_wday=0, tm_yday=38, tm_isdst=-1)",2022-02-07,2022,2,38,7,10,21,BUS03
2022-02-07 21:13:05,40.765736,-111.909653,1278.7,-9999.0,-9999.0,-9999.0,13.84,12.39,8.87,27.79,9.0,2.0,10.78,25.0,886.3,0.0,13.6,2.11,23.9,839.9,-9999.0,-9999.0,-9999.0,-9999.0,-9999.0,-9999.0,-9999.0,0.0,0,1,"time.struct_time(tm_year=2022, tm_mon=2, tm_mday=7, tm_hour=21, tm_min=13, tm_sec=5, tm_wday=0, tm_yday=38, tm_isdst=-1)",2022-02-07,2022,2,38,7,13,21,BUS03
2022-02-07 21:15:35,40.765743,-111.90966,1279.4,-9999.0,-9999.0,-9999.0,13.84,12.5,8.8,28.44,8.0,2.0,10.78,25.0,886.1,0.0,11.5,2.11,24.2,840.3,-9999.0,-9999.0,-9999.0,-9999.0,-9999.0,-9999.0,-9999.0,0.0,0,1,"time.struct_time(tm_year=2022, tm_mon=2, tm_mday=7, tm_hour=21, tm_min=15, tm_sec=35, tm_wday=0, tm_yday=38, tm_isdst=-1)",2022-02-07,2022,2,38,7,15,21,BUS03
2022-02-07 21:18:05,40.765747,-111.90966,1280.1,-9999.0,-9999.0,-9999.0,13.85,12.62,8.95,27.53,9.0,2.0,11.0,25.0,886.0,0.0,17.9,2.1,24.4,839.9,-9999.0,-9999.0,-9999.0,-9999.0,-9999.0,-9999.0,-9999.0,0.0,0,1,"time.struct_time(tm_year=2022, tm_mon=2, tm_mday=7, tm_hour=21, tm_min=18, tm_sec=5, tm_wday=0, tm_yday=38, tm_isdst=-1)",2022-02-07,2022,2,38,7,18,21,BUS03
2022-02-07 21:20:35,40.765751,-111.90966,1280.7,-9999.0,-9999.0,-9999.0,13.85,12.73,8.98,27.41,9.0,2.0,11.11,25.0,886.4,0.0,19.7,2.12,24.6,840.4,-9999.0,-9999.0,-9999.0,-9999.0,-9999.0,-9999.0,-9999.0,0.0,0,1,"time.struct_time(tm_year=2022, tm_mon=2, tm_mday=7, tm_hour=21, tm_min=20, tm_sec=35, tm_wday=0, tm_yday=38, tm_isdst=-1)",2022-02-07,2022,2,38,7,20,21,BUS03
2022-02-08 20:33:10,40.765331,-111.909561,1288.1,-9999.0,-9999.0,-9999.0,13.39,9.69,8.51,34.11,17.0,2.0,7.22,36.0,886.3,0.0,26.2,1.99,11.5,840.3,-9999.0,-9999.0,-9999.0,-9999.0,-9999.0,-9999.0,-9999.0,0.0,0,1,"time.struct_time(tm_year=2022, tm_mon=2, tm_mday=8, tm_hour=20, tm_min=33, tm_sec=10, tm_wday=1, tm_yday=39, tm_isdst=-1)",2022-02-08,2022,2,39,8,33,20,BUS03
2022-02-08 20:35:40,40.765335,-111.909569,1288.4,-9999.0,-9999.0,-9999.0,13.39,9.77,8.67,33.09,14.0,2.0,7.28,36.0,886.1,0.0,11.1,2.0,12.7,838.2,-9999.0,-9999.0,-9999.0,-9999.0,-9999.0,-9999.0,-9999.0,0.0,0,1,"time.struct_time(tm_year=2022, tm_mon=2, tm_mday=8, tm_hour=20, tm_min=35, tm_sec=40, tm_wday=1, tm_yday=39, tm_isdst=-1)",2022-02-08,2022,2,39,8,35,20,BUS03
2022-02-08 20:38:10,40.765339,-111.909569,1288.8,-9999.0,-9999.0,-9999.0,13.46,9.87,8.83,33.0,14.0,2.0,7.5,36.0,886.3,0.0,20.3,2.01,13.8,840.2,-9999.0,-9999.0,-9999.0,-9999.0,-9999.0,-9999.0,-9999.0,0.0,0,1,"time.struct_time(tm_year=2022, tm_mon=2, tm_mday=8, tm_hour=20, tm_min=38, tm_sec=10, tm_wday=1, tm_yday=39, tm_isdst=-1)",2022-02-08,2022,2,39,8,38,20,BUS03
2022-02-08 20:40:40,40.765339,-111.909569,1289.2,-9999.0,-9999.0,-9999.0,13.46,9.99,9.03,32.64,14.0,2.0,7.72,35.0,886.3,0.0,18.3,2.03,14.7,838.4,-9999.0,-9999.0,-9999.0,-9999.0,-9999.0,-9999.0,-9999.0,0.0,0,1,"time.struct_time(tm_year=2022, tm_mon=2, tm_mday=8, tm_hour=20, tm_min=40, tm_sec=40, tm_wday=1, tm_yday=39, tm_isdst=-1)",2022-02-08,2022,2,39,8,40,20,BUS03
2022-02-08 20:43:10,40.765343,-111.909569,1289.6,-9999.0,-9999.0,-9999.0,13.53,10.12,9.26,32.68,13.0,2.0,7.89,35.0,886.1,0.0,22.2,2.04,15.6,840.1,-9999.0,-9999.0,-9999.0,-9999.0,-9999.0,-9999.0,-9999.0,0.0,0,1,"time.struct_time(tm_year=2022, tm_mon=2, tm_mday=8, tm_hour=20, tm_min=43, tm_sec=10, tm_wday=1, tm_yday=39, tm_isdst=-1)",2022-02-08,2022,2,39,8,43,20,BUS03
2022-02-08 20:45:40,40.766144,-111.909721,1292.7,-9999.0,-9999.0,-9999.0,13.5,10.27,9.56,32.38,14.0,2.0,8.22,35.0,886.1,0.0,20.0,2.05,16.4,839.2,-9999.0,-9999.0,-9999.0,-9999.0,-9999.0,-9999.0,-9999.0,0.0,0,1,"time.struct_time(tm_year=2022, tm_mon=2, tm_mday=8, tm_hour=20, tm_min=45, tm_sec=40, tm_wday=1, tm_yday=39, tm_isdst=-1)",2022-02-08,2022,2,39,8,45,20,BUS03
2022-02-08 20:48:10,40.765682,-111.909882,1291.1,-9999.0,-9999.0,-9999.0,13.54,10.42,9.74,32.6,16.0,2.0,8.39,35.0,886.1,0.0,23.9,2.05,17.2,840.1,-9999.0,-9999.0,-9999.0,-9999.0,-9999.0,-9999.0,-9999.0,0.0,0,1,"time.struct_time(tm_year=2022, tm_mon=2, tm_mday=8, tm_hour=20, tm_min=48, tm_sec=10, tm_wday=1, tm_yday=39, tm_isdst=-1)",2022-02-08,2022,2,39,8,48,20,BUS03
2022-02-08 20:50:40,40.765678,-111.909851,1290.6,-9999.0,-9999.0,-9999.0,13.61,10.58,9.48,32.48,14.0,2.0,8.61,35.0,886.3,0.0,20.7,2.05,17.8,838.8,-9999.0,-9999.0,-9999.0,-9999.0,-9999.0,-9999.0,-9999.0,0.0,0,1,"time.struct_time(tm_year=2022, tm_mon=2, tm_mday=8, tm_hour=20, tm_min=50, tm_sec=40, tm_wday=1, tm_yday=39, tm_isdst=-1)",2022-02-08,2022,2,39,8,50,20,BUS03
2022-02-08 20:53:10,40.765736,-111.909805,1289.4,-9999.0,-9999.0,-9999.0,13.64,10.74,9.22,32.52,14.0,2.0,8.78,34.0,886.1,0.0,19.2,2.05,18.5,840.1,-9999.0,-9999.0,-9999.0,-9999.0,-9999.0,-9999.0,-9999.0,0.0,0,1,"time.struct_time(tm_year=2022, tm_mon=2, tm_mday=8, tm_hour=20, tm_min=53, tm_sec=10, tm_wday=1, tm_yday=39, tm_isdst=-1)",2022-02-08,2022,2,39,8,53,20,BUS03
2022-02-08 20:55:40,40.765732,-111.909805,1289.3,-9999.0,-9999.0,-9999.0,13.65,10.9,9.02,32.44,13.0,2.0,9.0,33.0,886.1,0.0,22.6,2.07,19.0,839.1,-9999.0,-9999.0,-9999.0,-9999.0,-9999.0,-9999.0,-9999.0,0.0,0,1,"time.struct_time(tm_year=2022, tm_mon=2, tm_mday=8, tm_hour=20, tm_min=55, tm_sec=40, tm_wday=1, tm_yday=39, tm_isdst=-1)",2022-02-08,2022,2,39,8,55,20,BUS03
2022-02-08 20:58:10,40.76572,-111.909805,1288.4,-9999.0,-9999.0,-9999.0,13.7,11.05,8.88,33.45,14.0,2.0,9.22,33.0,885.9,0.0,11.7,2.07,19.6,840.3,-9999.0,-9999.0,-9999.0,-9999.0,-9999.0,-9999.0,-9999.0,0.0,0,1,"time.struct_time(tm_year=2022, tm_mon=2, tm_mday=8, tm_hour=20, tm_min=58, tm_sec=10, tm_wday=1, tm_yday=39, tm_isdst=-1)",2022-02-08,2022,2,39,8,58,20,BUS03
2022-02-08 21:01:45,40.76572,-111.909805,1288.5,-9999.0,-9999.0,-9999.0,13.75,11.27,8.78,34.9,13.0,2.0,9.5,33.0,886.0,0.0,22.7,2.08,20.3,840.3,-9999.0,-9999.0,-9999.0,-9999.0,-9999.0,-9999.0,-9999.0,0.0,0,1,"time.struct_time(tm_year=2022, tm_mon=2, tm_mday=8, tm_hour=21, tm_min=1, tm_sec=45, tm_wday=1, tm_yday=39, tm_isdst=-1)",2022-02-08,2022,2,39,8,1,21,BUS03
2022-02-08 21:04:15,40.76572,-111.909782,1288.6,-9999.0,-9999.0,-9999.0,13.78,11.42,8.65,35.2,14.0,2.0,9.72,32.0,885.9,0.0,17.3,2.09,20.8,839.4,-9999.0,-9999.0,-9999.0,-9999.0,-9999.0,-9999.0,-9999.0,0.0,0,1,"time.struct_time(tm_year=2022, tm_mon=2, tm_mday=8, tm_hour=21, tm_min=4, tm_sec=15, tm_wday=1, tm_yday=39, tm_isdst=-1)",2022-02-08,2022,2,39,8,4,21,BUS03
2022-02-08 21:06:45,40.765724,-111.909782,1289.0,-9999.0,-9999.0,-9999.0,13.79,11.57,8.66,35.44,14.0,2.0,9.89,32.0,886.1,0.0,19.9,2.07,21.2,840.1,-9999.0,-9999.0,-9999.0,-9999.0,-9999.0,-9999.0,-9999.0,0.0,0,1,"time.struct_time(tm_year=2022, tm_mon=2, tm_mday=8, tm_hour=21, tm_min=6, tm_sec=45, tm_wday=1, tm_yday=39, tm_isdst=-1)",2022-02-08,2022,2,39,8,6,21,BUS03
2022-02-08 21:09:15,40.765724,-111.909782,1289.4,-9999.0,-9999.0,-9999.0,13.79,11.72,8.57,35.52,13.0,2.0,10.0,32.0,886.0,0.0,13.2,2.1,21.6,839.5,-9999.0,-9999.0,-9999.0,-9999.0,-9999.0,-9999.0,-9999.0,0.0,0,1,"time.struct_time(tm_year=2022, tm_mon=2, tm_mday=8, tm_hour=21, tm_min=9, tm_sec=15, tm_wday=1, tm_yday=39, tm_isdst=-1)",2022-02-08,2022,2,39,8,9,21,BUS03
2022-02-08 21:11:45,40.76572,-111.909782,1289.5,-9999.0,-9999.0,-9999.0,13.75,11.86,8.65,35.52,16.0,2.0,10.22,31.0,886.1,0.0,12.5,2.09,22.0,840.2,-9999.0,-9999.0,-9999.0,-9999.0,-9999.0,-9999.0,-9999.0,0.0,0,1,"time.struct_time(tm_year=2022, tm_mon=2, tm_mday=8, tm_hour=21, tm_min=11, tm_sec=45, tm_wday=1, tm_yday=39, tm_isdst=-1)",2022-02-08,2022,2,39,8,11,21,BUS03
2022-02-08 21:14:15,40.765732,-111.909767,1289.6,-9999.0,-9999.0,-9999.0,13.76,12.01,8.71,35.84,14.0,2.0,10.28,31.0,885.8,0.0,17.7,2.1,22.4,839.4,-9999.0,-9999.0,-9999.0,-9999.0,-9999.0,-9999.0,-9999.0,0.0,0,1,"time.struct_time(tm_year=2022, tm_mon=2, tm_mday=8, tm_hour=21, tm_min=14, tm_sec=15, tm_wday=1, tm_yday=39, tm_isdst=-1)",2022-02-08,2022,2,39,8,14,21,BUS03
2022-02-08 21:16:45,40.765739,-111.90976,1289.8,-9999.0,-9999.0,-9999.0,13.76,12.14,8.71,36.22,17.0,2.0,10.5,31.0,885.7,0.0,10.6,2.09,22.7,840.0,-9999.0,-9999.0,-9999.0,-9999.0,-9999.0,-9999.0,-9999.0,0.0,0,1,"time.struct_time(tm_year=2022, tm_mon=2, tm_mday=8, tm_hour=21, tm_min=16, tm_sec=45, tm_wday=1, tm_yday=39, tm_isdst=-1)",2022-02-08,2022,2,39,8,16,21,BUS03
2022-02-08 21:19:15,40.765751,-111.909744,1289.7,-9999.0,-9999.0,-9999.0,13.76,12.28,8.77,36.06,15.0,2.0,10.61,31.0,885.7,0.0,16.0,2.1,23.0,839.4,-9999.0,-9999.0,-9999.0,-9999.0,-9999.0,-9999.0,-9999.0,0.0,0,1,"time.struct_time(tm_year=2022, tm_mon=2, tm_mday=8, tm_hour=21, tm_min=19, tm_sec=15, tm_wday=1, tm_yday=39, tm_isdst=-1)",2022-02-08,2022,2,39,8,19,21,BUS03
2022-02-08 21:21:45,40.765755,-111.909729,1289.6,-9999.0,-9999.0,-9999.0,13.76,12.41,8.83,35.76,15.0,2.0,10.72,31.0,885.5,0.0,14.9,2.11,23.3,839.8,-9999.0,-9999.0,-9999.0,-9999.0,-9999.0,-9999.0,-9999.0,0.0,0,1,"time.struct_time(tm_year=2022, tm_mon=2, tm_mday=8, tm_hour=21, tm_min=21, tm_sec=45, tm_wday=1, tm_yday=39, tm_isdst=-1)",2022-02-08,2022,2,39,8,21,21,BUS03
2022-02-08 21:24:15,40.765759,-111.909714,1289.7,-9999.0,-9999.0,-9999.0,13.77,12.54,8.74,35.86,14.0,2.0,10.78,30.0,885.6,0.0,15.8,2.11,23.6,839.4,-9999.0,-9999.0,-9999.0,-9999.0,-9999.0,-9999.0,-9999.0,0.0,0,1,"time.struct_time(tm_year=2022, tm_mon=2, tm_mday=8, tm_hour=21, tm_min=24, tm_sec=15, tm_wday=1, tm_yday=39, tm_isdst=-1)",2022-02-08,2022,2,39,8,24,21,BUS03
2022-02-08 21:26:45,40.765759,-111.909706,1289.5,-9999.0,-9999.0,-9999.0,13.76,12.66,8.72,35.6,14.0,2.0,10.89,30.0,885.6,0.0,17.4,2.11,23.9,839.9,-9999.0,-9999.0,-9999.0,-9999.0,-9999.0,-9999.0,-9999.0,0.0,0,1,"time.struct_time(tm_year=2022, tm_mon=2, tm_mday=8, tm_hour=21, tm_min=26, tm_sec=45, tm_wday=1, tm_yday=39, tm_isdst=-1)",2022-02-08,2022,2,39,8,26,21,BUS03
2022-02-08 21:30:20,40.76577,-111.909698,1289.8,-9999.0,-9999.0,-9999.0,13.77,12.83,8.7,35.63,15.0,2.0,11.11,29.0,885.5,0.0,13.9,2.1,24.3,839.3,-9999.0,-9999.0,-9999.0,-9999.0,-9999.0,-9999.0,-9999.0,0.0,0,1,"time.struct_time(tm_year=2022, tm_mon=2, tm_mday=8, tm_hour=21, tm_min=30, tm_sec=20, tm_wday=1, tm_yday=39, tm_isdst=-1)",2022-02-08,2022,2,39,8,30,21,BUS03
2022-02-08 21:32:50,40.765766,-111.909691,1289.4,-9999.0,-9999.0,-9999.0,13.77,12.95,8.8,35.77,14.0,2.0,11.22,29.0,885.7,0.0,12.0,2.11,24.5,840.3,-9999.0,-9999.0,-9999.0,-9999.0,-9999.0,-9999.0,-9999.0,0.0,0,1,"time.struct_time(tm_year=2022, tm_mon=2, tm_mday=8, tm_hour=21, tm_min=32, tm_sec=50, tm_wday=1, tm_yday=39, tm_isdst=-1)",2022-02-08,2022,2,39,8,32,21,BUS03
2022-02-08 21:35:20,40.765766,-111.909691,1289.9,-9999.0,-9999.0,-9999.0,13.77,13.06,8.81,36.16,14.0,2.0,11.28,29.0,885.8,0.0,13.6,2.12,24.7,839.5,-9999.0,-9999.0,-9999.0,-9999.0,-9999.0,-9999.0,-9999.0,0.0,0,1,"time.struct_time(tm_year=2022, tm_mon=2, tm_mday=8, tm_hour=21, tm_min=35, tm_sec=20, tm_wday=1, tm_yday=39, tm_isdst=-1)",2022-02-08,2022,2,39,8,35,21,BUS03
2022-02-08 21:37:50,40.765766,-111.909691,1290.5,-9999.0,-9999.0,-9999.0,13.77,13.16,8.8,35.79,14.0,2.0,11.39,29.0,885.8,0.0,13.0,2.12,24.9,840.4,-9999.0,-9999.0,-9999.0,-9999.0,-9999.0,-9999.0,-9999.0,0.0,0,1,"time.struct_time(tm_year=2022, tm_mon=2, tm_mday=8, tm_hour=21, tm_min=37, tm_sec=50, tm_wday=1, tm_yday=39, tm_isdst=-1)",2022-02-08,2022,2,39,8,37,21,BUS03
2022-02-08 21:40:20,40.765766,-111.909691,1290.6,-9999.0,-9999.0,-9999.0,13.77,13.26,8.75,35.88,12.0,2.0,11.39,28.0,885.5,0.0,19.0,2.13,25.1,839.5,-9999.0,-9999.0,-9999.0,-9999.0,-9999.0,-9999.0,-9999.0,0.0,0,1,"time.struct_time(tm_year=2022, tm_mon=2, tm_mday=8, tm_hour=21, tm_min=40, tm_sec=20, tm_wday=1, tm_yday=39, tm_isdst=-1)",2022-02-08,2022,2,39,8,40,21,BUS03
2022-02-08 21:42:50,40.765778,-111.909683,1290.4,-9999.0,-9999.0,-9999.0,13.78,13.36,8.68,36.65,19.0,2.0,11.5,28.0,885.6,0.0,16.2,2.12,25.3,840.5,-9999.0,-9999.0,-9999.0,-9999.0,-9999.0,-9999.0,-9999.0,0.0,0,1,"time.struct_time(tm_year=2022, tm_mon=2, tm_mday=8, tm_hour=21, tm_min=42, tm_sec=50, tm_wday=1, tm_yday=39, tm_isdst=-1)",2022-02-08,2022,2,39,8,42,21,BUS03
2022-02-08 21:45:20,40.765778,-111.909683,1291.0,-9999.0,-9999.0,-9999.0,13.78,13.45,8.7,36.22,13.0,2.0,11.61,28.0,885.7,0.0,6.0,2.12,25.5,839.5,-9999.0,-9999.0,-9999.0,-9999.0,-9999.0,-9999.0,-9999.0,0.0,0,1,"time.struct_time(tm_year=2022, tm_mon=2, tm_mday=8, tm_hour=21, tm_min=45, tm_sec=20, tm_wday=1, tm_yday=39, tm_isdst=-1)",2022-02-08,2022,2,39,8,45,21,BUS03
2022-02-09 06:27:55,40.765659,-111.909668,1321.6,-9999.0,-9999.0,-9999.0,13.95,5.28,1.97,62.51,22.0,2.0,1.22,44.0,885.1,0.0,6.2,2.0,11.6,838.3,-9999.0,-9999.0,-9999.0,-9999.0,-9999.0,-9999.0,-9999.0,0.0,0,1,"time.struct_time(tm_year=2022, tm_mon=2, tm_mday=9, tm_hour=6, tm_min=27, tm_sec=55, tm_wday=2, tm_yday=40, tm_isdst=-1)",2022-02-09,2022,2,40,9,27,6,BUS03
2022-02-09 06:30:25,40.76585,-111.909607,1311.6,-9999.0,-9999.0,-9999.0,13.92,5.29,1.97,56.32,19.0,2.0,1.28,41.0,885.1,0.0,0.1,2.01,12.3,837.2,-9999.0,-9999.0,-9999.0,-9999.0,-9999.0,-9999.0,-9999.0,0.0,0,1,"time.struct_time(tm_year=2022, tm_mon=2, tm_mday=9, tm_hour=6, tm_min=30, tm_sec=25, tm_wday=2, tm_yday=40, tm_isdst=-1)",2022-02-09,2022,2,40,9,30,6,BUS03
2022-02-09 06:32:55,40.765774,-111.90966,1300.1,-9999.0,-9999.0,-9999.0,13.92,5.31,1.93,58.58,20.0,2.0,1.5,40.0,885.0,0.0,-0.2,2.01,12.9,838.4,-9999.0,-9999.0,-9999.0,-9999.0,-9999.0,-9999.0,-9999.0,0.0,0,1,"time.struct_time(tm_year=2022, tm_mon=2, tm_mday=9, tm_hour=6, tm_min=32, tm_sec=55, tm_wday=2, tm_yday=40, tm_isdst=-1)",2022-02-09,2022,2,40,9,32,6,BUS03
2022-02-09 06:35:25,40.765808,-111.909676,1299.5,-9999.0,-9999.0,-9999.0,13.92,5.34,1.93,59.1,18.0,2.0,1.72,39.0,885.1,0.0,-1.0,2.03,13.5,837.0,-9999.0,-9999.0,-9999.0,-9999.0,-9999.0,-9999.0,-9999.0,0.0,0,1,"time.struct_time(tm_year=2022, tm_mon=2, tm_mday=9, tm_hour=6, tm_min=35, tm_sec=25, tm_wday=2, tm_yday=40, tm_isdst=-1)",2022-02-09,2022,2,40,9,35,6,BUS03
2022-02-09 06:37:55,40.765812,-111.909698,1303.2,-9999.0,-9999.0,-9999.0,13.92,5.38,1.95,56.16,18.0,2.0,1.89,38.0,885.3,0.0,1.9,2.03,14.0,837.7,-9999.0,-9999.0,-9999.0,-9999.0,-9999.0,-9999.0,-9999.0,0.0,0,1,"time.struct_time(tm_year=2022, tm_mon=2, tm_mday=9, tm_hour=6, tm_min=37, tm_sec=55, tm_wday=2, tm_yday=40, tm_isdst=-1)",2022-02-09,2022,2,40,9,37,6,BUS03
2022-02-09 06:40:25,40.765865,-111.909721,1301.6,-9999.0,-9999.0,-9999.0,13.92,5.42,1.92,54.61,17.0,2.0,2.11,36.0,885.3,0.0,-1.0,2.02,14.5,836.9,-9999.0,-9999.0,-9999.0,-9999.0,-9999.0,-9999.0,-9999.0,0.0,0,1,"time.struct_time(tm_year=2022, tm_mon=2, tm_mday=9, tm_hour=6, tm_min=40, tm_sec=25, tm_wday=2, tm_yday=40, tm_isdst=-1)",2022-02-09,2022,2,40,9,40,6,BUS03
2022-02-09 06:42:55,40.765877,-111.909645,1304.9,-9999.0,-9999.0,-9999.0,13.92,5.46,1.71,56.06,17.0,2.0,2.28,35.0,885.1,0.0,1.9,2.04,14.9,837.6,-9999.0,-9999.0,-9999.0,-9999.0,-9999.0,-9999.0,-9999.0,0.0,0,1,"time.struct_time(tm_year=2022, tm_mon=2, tm_mday=9, tm_hour=6, tm_min=42, tm_sec=55, tm_wday=2, tm_yday=40, tm_isdst=-1)",2022-02-09,2022,2,40,9,42,6,BUS03
2022-02-09 06:45:25,40.765781,-111.909653,1300.6,-9999.0,-9999.0,-9999.0,13.93,5.5,1.67,55.96,18.0,2.0,2.39,35.0,885.0,0.0,2.3,2.03,15.3,836.7,-9999.0,-9999.0,-9999.0,-9999.0,-9999.0,-9999.0,-9999.0,0.0,0,1,"time.struct_time(tm_year=2022, tm_mon=2, tm_mday=9, tm_hour=6, tm_min=45, tm_sec=25, tm_wday=2, tm_yday=40, tm_isdst=-1)",2022-02-09,2022,2,40,9,45,6,BUS03
2022-02-09 06:47:55,40.765701,-111.909607,1279.5,-9999.0,-9999.0,-9999.0,13.93,5.54,1.61,55.08,19.0,2.0,2.5,34.0,885.2,0.0,-0.3,2.03,15.7,838.2,-9999.0,-9999.0,-9999.0,-9999.0,-9999.0,-9999.0,-9999.0,0.0,0,1,"time.struct_time(tm_year=2022, tm_mon=2, tm_mday=9, tm_hour=6, tm_min=47, tm_sec=55, tm_wday=2, tm_yday=40, tm_isdst=-1)",2022-02-09,2022,2,40,9,47,6,BUS03
2022-02-09 06:50:25,40.765778,-111.909538,1263.1,-9999.0,-9999.0,-9999.0,13.93,5.58,1.49,55.2,20.0,2.0,2.61,34.0,884.9,0.0,-0.5,2.03,16.0,836.8,-9999.0,-9999.0,-9999.0,-9999.0,-9999.0,-9999.0,-9999.0,0.0,0,1,"time.struct_time(tm_year=2022, tm_mon=2, tm_mday=9, tm_hour=6, tm_min=50, tm_sec=25, tm_wday=2, tm_yday=40, tm_isdst=-1)",2022-02-09,2022,2,40,9,50,6,BUS03
2022-02-09 06:52:55,40.765652,-111.909637,1274.2,-9999.0,-9999.0,-9999.0,13.93,5.61,1.41,55.68,20.0,2.0,2.78,34.0,885.1,0.0,-1.0,2.05,16.3,838.2,-9999.0,-9999.0,-9999.0,-9999.0,-9999.0,-9999.0,-9999.0,0.0,0,1,"time.struct_time(tm_year=2022, tm_mon=2, tm_mday=9, tm_hour=6, tm_min=52, tm_sec=55, tm_wday=2, tm_yday=40, tm_isdst=-1)",2022-02-09,2022,2,40,9,52,6,BUS03
2022-02-09 06:55:25,40.765491,-111.909416,1271.8,-9999.0,-9999.0,-9999.0,13.93,5.65,1.39,55.15,17.0,2.0,2.78,34.0,885.0,0.0,1.2,2.05,16.6,836.7,-9999.0,-9999.0,-9999.0,-9999.0,-9999.0,-9999.0,-9999.0,0.0,0,1,"time.struct_time(tm_year=2022, tm_mon=2, tm_mday=9, tm_hour=6, tm_min=55, tm_sec=25, tm_wday=2, tm_yday=40, tm_isdst=-1)",2022-02-09,2022,2,40,9,55,6,BUS03
2022-02-09 06:57:55,40.765957,-111.90966,1300.2,-9999.0,-9999.0,-9999.0,13.93,5.68,1.33,55.24,16.0,2.0,2.89,33.0,884.9,0.0,-0.7,2.05,16.9,838.0,-9999.0,-9999.0,-9999.0,-9999.0,-9999.0,-9999.0,-9999.0,0.0,0,1,"time.struct_time(tm_year=2022, tm_mon=2, tm_mday=9, tm_hour=6, tm_min=57, tm_sec=55, tm_wday=2, tm_yday=40, tm_isdst=-1)",2022-02-09,2022,2,40,9,57,6,BUS03
2022-02-09 07:00:25,40.765709,-111.909546,1276.1,-9999.0,-9999.0,-9999.0,13.93,5.71,1.25,55.54,14.0,2.0,3.0,33.0,885.0,0.0,-0.5,2.06,17.1,836.7,-9999.0,-9999.0,-9999.0,-9999.0,-9999.0,-9999.0,-9999.0,0.0,0,1,"time.struct_time(tm_year=2022, tm_mon=2, tm_mday=9, tm_hour=7, tm_min=0, tm_sec=25, tm_wday=2, tm_yday=40, tm_isdst=-1)",2022-02-09,2022,2,40,9,0,7,BUS03
2022-02-09 07:02:55,40.765846,-111.909637,1279.4,-9999.0,-9999.0,-9999.0,13.93,5.75,1.27,55.4,18.0,2.0,3.0,33.0,885.2,0.0,-3.2,2.05,17.4,838.4,-9999.0,-9999.0,-9999.0,-9999.0,-9999.0,-9999.0,-9999.0,0.0,0,1,"time.struct_time(tm_year=2022, tm_mon=2, tm_mday=9, tm_hour=7, tm_min=2, tm_sec=55, tm_wday=2, tm_yday=40, tm_isdst=-1)",2022-02-09,2022,2,40,9,2,7,BUS03
2022-02-09 07:05:25,40.76561,-111.9095,1276.6,-9999.0,-9999.0,-9999.0,13.93,5.78,1.39,55.06,27.0,2.0,3.0,33.0,884.9,0.0,-2.7,2.05,17.6,836.8,-9999.0,-9999.0,-9999.0,-9999.0,-9999.0,-9999.0,-9999.0,0.0,0,1,"time.struct_time(tm_year=2022, tm_mon=2, tm_mday=9, tm_hour=7, tm_min=5, tm_sec=25, tm_wday=2, tm_yday=40, tm_isdst=-1)",2022-02-09,2022,2,40,9,5,7,BUS03
2022-02-09 07:07:55,40.765575,-111.90947,1239.8,-9999.0,-9999.0,-9999.0,13.93,5.81,1.47,54.84,29.0,2.0,3.11,33.0,884.9,0.0,-0.9,2.06,17.8,838.4,-9999.0,-9999.0,-9999.0,-9999.0,-9999.0,-9999.0,-9999.0,0.0,0,1,"time.struct_time(tm_year=2022, tm_mon=2, tm_mday=9, tm_hour=7, tm_min=7, tm_sec=55, tm_wday=2, tm_yday=40, tm_isdst=-1)",2022-02-09,2022,2,40,9,7,7,BUS03
2022-02-09 07:10:25,40.765839,-111.909737,1263.8,-9999.0,-9999.0,-9999.0,13.93,5.84,1.49,54.59,20.0,2.0,3.11,33.0,884.8,0.0,-3.2,2.05,18.0,836.8,-9999.0,-9999.0,-9999.0,-9999.0,-9999.0,-9999.0,-9999.0,0.0,0,1,"time.struct_time(tm_year=2022, tm_mon=2, tm_mday=9, tm_hour=7, tm_min=10, tm_sec=25, tm_wday=2, tm_yday=40, tm_isdst=-1)",2022-02-09,2022,2,40,9,10,7,BUS03
2022-02-09 07:12:55,40.765896,-111.909706,1287.7,-9999.0,-9999.0,-9999.0,13.93,5.87,1.45,54.49,17.0,2.0,3.11,33.0,885.0,0.0,1.0,2.06,18.1,838.9,-9999.0,-9999.0,-9999.0,-9999.0,-9999.0,-9999.0,-9999.0,0.0,0,1,"time.struct_time(tm_year=2022, tm_mon=2, tm_mday=9, tm_hour=7, tm_min=12, tm_sec=55, tm_wday=2, tm_yday=40, tm_isdst=-1)",2022-02-09,2022,2,40,9,12,7,BUS03
2022-02-09 22:50:45,40.76582,-111.909843,1286.7,-9999.0,-9999.0,-9999.0,13.25,11.37,8.95,37.12,17.0,2.0,8.28,36.0,883.7,0.0,19.1,2.01,12.2,835.8,-9999.0,-9999.0,-9999.0,-9999.0,-9999.0,-9999.0,-9999.0,0.0,0,1,"time.struct_time(tm_year=2022, tm_mon=2, tm_mday=9, tm_hour=22, tm_min=50, tm_sec=45, tm_wday=2, tm_yday=40, tm_isdst=-1)",2022-02-09,2022,2,40,9,50,22,BUS03
2022-02-09 22:53:15,40.765553,-111.9095,1290.9,-9999.0,-9999.0,-9999.0,13.35,11.37,8.92,37.65,18.0,2.0,8.39,36.0,883.6,0.0,21.7,2.03,13.6,838.5,-9999.0,-9999.0,-9999.0,-9999.0,-9999.0,-9999.0,-9999.0,0.0,0,1,"time.struct_time(tm_year=2022, tm_mon=2, tm_mday=9, tm_hour=22, tm_min=53, tm_sec=15, tm_wday=2, tm_yday=40, tm_isdst=-1)",2022-02-09,2022,2,40,9,53,22,BUS03
2022-02-09 22:55:45,40.765648,-111.9095,1290.9,-9999.0,-9999.0,-9999.0,13.42,11.39,9.07,36.0,21.0,2.0,8.5,36.0,883.7,0.0,11.4,2.03,14.7,836.1,-9999.0,-9999.0,-9999.0,-9999.0,-9999.0,-9999.0,-9999.0,0.0,0,1,"time.struct_time(tm_year=2022, tm_mon=2, tm_mday=9, tm_hour=22, tm_min=55, tm_sec=45, tm_wday=2, tm_yday=40, tm_isdst=-1)",2022-02-09,2022,2,40,9,55,22,BUS03
2022-02-09 22:58:15,40.765766,-111.909676,1293.0,-9999.0,-9999.0,-9999.0,13.46,11.43,8.99,37.44,17.0,2.0,8.61,36.0,883.9,0.0,9.8,2.04,15.7,838.2,-9999.0,-9999.0,-9999.0,-9999.0,-9999.0,-9999.0,-9999.0,0.0,0,1,"time.struct_time(tm_year=2022, tm_mon=2, tm_mday=9, tm_hour=22, tm_min=58, tm_sec=15, tm_wday=2, tm_yday=40, tm_isdst=-1)",2022-02-09,2022,2,40,9,58,22,BUS03
2022-02-09 23:00:45,40.765774,-111.909676,1293.1,-9999.0,-9999.0,-9999.0,13.53,11.48,8.97,36.6,16.0,2.0,8.72,36.0,883.8,0.0,21.0,2.05,16.6,836.5,-9999.0,-9999.0,-9999.0,-9999.0,-9999.0,-9999.0,-9999.0,0.0,0,1,"time.struct_time(tm_year=2022, tm_mon=2, tm_mday=9, tm_hour=23, tm_min=0, tm_sec=45, tm_wday=2, tm_yday=40, tm_isdst=-1)",2022-02-09,2022,2,40,9,0,23,BUS03
2022-02-09 23:03:15,40.765774,-111.909683,1293.6,-9999.0,-9999.0,-9999.0,13.54,11.55,8.95,36.22,18.0,2.0,8.78,35.0,883.9,0.0,23.7,2.05,17.4,838.5,-9999.0,-9999.0,-9999.0,-9999.0,-9999.0,-9999.0,-9999.0,0.0,0,1,"time.struct_time(tm_year=2022, tm_mon=2, tm_mday=9, tm_hour=23, tm_min=3, tm_sec=15, tm_wday=2, tm_yday=40, tm_isdst=-1)",2022-02-09,2022,2,40,9,3,23,BUS03
2022-02-09 23:05:45,40.765774,-111.909691,1293.4,-9999.0,-9999.0,-9999.0,13.61,11.62,9.02,35.96,18.0,2.0,9.0,34.0,883.8,0.0,21.3,2.05,18.1,836.9,-9999.0,-9999.0,-9999.0,-9999.0,-9999.0,-9999.0,-9999.0,0.0,0,1,"time.struct_time(tm_year=2022, tm_mon=2, tm_mday=9, tm_hour=23, tm_min=5, tm_sec=45, tm_wday=2, tm_yday=40, tm_isdst=-1)",2022-02-09,2022,2,40,9,5,23,BUS03
2022-02-09 23:08:15,40.765778,-111.909691,1293.0,-9999.0,-9999.0,-9999.0,13.61,11.69,8.97,37.85,18.0,2.0,9.11,34.0,883.7,0.0,18.8,2.05,18.8,838.4,-9999.0,-9999.0,-9999.0,-9999.0,-9999.0,-9999.0,-9999.0,0.0,0,1,"time.struct_time(tm_year=2022, tm_mon=2, tm_mday=9, tm_hour=23, tm_min=8, tm_sec=15, tm_wday=2, tm_yday=40, tm_isdst=-1)",2022-02-09,2022,2,40,9,8,23,BUS03
2022-02-09 23:10:45,40.765781,-111.909691,1293.5,-9999.0,-9999.0,-9999.0,13.71,11.77,8.85,38.43,18.0,2.0,9.22,35.0,883.9,0.0,14.6,2.07,19.3,837.2,-9999.0,-9999.0,-9999.0,-9999.0,-9999.0,-9999.0,-9999.0,0.0,0,1,"time.struct_time(tm_year=2022, tm_mon=2, tm_mday=9, tm_hour=23, tm_min=10, tm_sec=45, tm_wday=2, tm_yday=40, tm_isdst=-1)",2022-02-09,2022,2,40,9,10,23,BUS03
2022-02-09 23:14:20,40.76577,-111.909698,1294.9,-9999.0,-9999.0,-9999.0,13.75,11.88,8.77,38.39,18.0,2.0,9.28,34.0,883.8,0.0,21.8,2.07,20.1,837.3,-9999.0,-9999.0,-9999.0,-9999.0,-9999.0,-9999.0,-9999.0,0.0,0,1,"time.struct_time(tm_year=2022, tm_mon=2, tm_mday=9, tm_hour=23, tm_min=14, tm_sec=20, tm_wday=2, tm_yday=40, tm_isdst=-1)",2022-02-09,2022,2,40,9,14,23,BUS03
2022-02-09 23:16:50,40.76577,-111.909714,1295.5,-9999.0,-9999.0,-9999.0,13.79,11.96,8.73,38.41,16.0,2.0,9.39,34.0,884.0,0.0,23.6,2.09,20.6,838.2,-9999.0,-9999.0,-9999.0,-9999.0,-9999.0,-9999.0,-9999.0,0.0,0,1,"time.struct_time(tm_year=2022, tm_mon=2, tm_mday=9, tm_hour=23, tm_min=16, tm_sec=50, tm_wday=2, tm_yday=40, tm_isdst=-1)",2022-02-09,2022,2,40,9,16,23,BUS03
2022-02-09 23:19:20,40.765781,-111.909721,1295.1,-9999.0,-9999.0,-9999.0,13.75,12.04,8.68,38.45,15.0,2.0,9.5,34.0,883.8,0.0,21.3,2.1,21.0,837.4,-9999.0,-9999.0,-9999.0,-9999.0,-9999.0,-9999.0,-9999.0,0.0,0,1,"time.struct_time(tm_year=2022, tm_mon=2, tm_mday=9, tm_hour=23, tm_min=19, tm_sec=20, tm_wday=2, tm_yday=40, tm_isdst=-1)",2022-02-09,2022,2,40,9,19,23,BUS03
2022-02-09 23:21:50,40.765778,-111.909721,1295.4,-9999.0,-9999.0,-9999.0,13.75,12.11,8.53,38.89,15.0,2.0,9.61,33.0,883.7,0.0,22.8,2.09,21.4,838.3,-9999.0,-9999.0,-9999.0,-9999.0,-9999.0,-9999.0,-9999.0,0.0,0,1,"time.struct_time(tm_year=2022, tm_mon=2, tm_mday=9, tm_hour=23, tm_min=21, tm_sec=50, tm_wday=2, tm_yday=40, tm_isdst=-1)",2022-02-09,2022,2,40,9,21,23,BUS03
2022-02-09 23:24:20,40.765762,-111.909706,1294.4,-9999.0,-9999.0,-9999.0,13.76,12.18,8.53,38.99,16.0,2.0,9.61,33.0,883.5,0.0,24.6,2.09,21.8,837.4,-9999.0,-9999.0,-9999.0,-9999.0,-9999.0,-9999.0,-9999.0,0.0,0,1,"time.struct_time(tm_year=2022, tm_mon=2, tm_mday=9, tm_hour=23, tm_min=24, tm_sec=20, tm_wday=2, tm_yday=40, tm_isdst=-1)",2022-02-09,2022,2,40,9,24,23,BUS03
2022-02-09 23:26:50,40.765755,-111.909721,1294.2,-9999.0,-9999.0,-9999.0,13.76,12.25,8.49,39.3,15.0,2.0,9.72,33.0,883.5,0.0,19.7,2.11,22.2,838.1,-9999.0,-9999.0,-9999.0,-9999.0,-9999.0,-9999.0,-9999.0,0.0,0,1,"time.struct_time(tm_year=2022, tm_mon=2, tm_mday=9, tm_hour=23, tm_min=26, tm_sec=50, tm_wday=2, tm_yday=40, tm_isdst=-1)",2022-02-09,2022,2,40,9,26,23,BUS03
2022-02-09 23:29:20,40.765743,-111.909714,1293.8,-9999.0,-9999.0,-9999.0,13.76,12.32,8.45,39.46,15.0,2.0,9.78,33.0,883.6,0.0,17.7,2.09,22.5,837.4,-9999.0,-9999.0,-9999.0,-9999.0,-9999.0,-9999.0,-9999.0,0.0,0,1,"time.struct_time(tm_year=2022, tm_mon=2, tm_mday=9, tm_hour=23, tm_min=29, tm_sec=20, tm_wday=2, tm_yday=40, tm_isdst=-1)",2022-02-09,2022,2,40,9,29,23,BUS03
