Timestamp_UTC,Latitude_ddeg,Longitude_ddeg,Elevation_m,GPS_Speed_m/s,GPS_Direction_deg,GPS_RMC_Valid_binary,Battery_Voltage_volts,Bus_Box_Temperature_degC,Bus_Top_Temperature_degC,Bus_Top_Relative_Humidity_%,ES642_PM2.5_Concentration_ug/m3,ES642_Air_Flow_Rate_L/min,ES642_Internal_Air_Temperature_degC,ES642_Internal_Relative_Humidity_%,ES642_Internal_Air_Pressure_hpa,ES642_Error_Code_code,2B_Ozone_Concentration_ppbv,2B_Air_Flow_Rate_L/min,2B_Internal_Air_Temperature_degC,2B_Internal_Air_Pressure_hpa,2B405_NO_Concentration_ppbv,2B405_NO2_Concentration_ppbv,2B405_NOX_Concentration_ppbv,2B405_Internal_Air_Temperature_degC,2B405_Internal_Air_Pressure_hpa,2B405_Air_Flow_Rate_L/min,2B405_Cell_O3_Flow_Rate_mL/min,PM2.5_Data_Flagged_binary,Ozone_Data_Flagged_binary,GPS_Data_Flagged_binary,Time_Tuple,Date,Year,Month,Day_of_Year,Day_of_Month,Minute
2023-04-01 00:00:00,40.578812,-111.833069,1464.6,-9999.0,-9999.0,-9999.0,13.81,13.38,8.2,33.12,3.0,2.0,9.61,23.0,857.4,0.0,43.5,1.81,29.5,817.0,-9999.0,-9999.0,-9999.0,-9999.0,-9999.0,-9999.0,-9999.0,0.0,0,0,"time.struct_time(tm_year=2023, tm_mon=4, tm_mday=1, tm_hour=0, tm_min=0, tm_sec=0, tm_wday=5, tm_yday=91, tm_isdst=-1)",2023-04-01,2023,4,91,1,0
2023-04-01 00:03:35,40.578808,-111.833069,1464.4,-9999.0,-9999.0,-9999.0,13.8,13.33,7.77,33.87,1.0,2.0,9.5,23.0,857.4,0.0,32.6,1.81,29.4,817.0,-9999.0,-9999.0,-9999.0,-9999.0,-9999.0,-9999.0,-9999.0,0.0,0,0,"time.struct_time(tm_year=2023, tm_mon=4, tm_mday=1, tm_hour=0, tm_min=3, tm_sec=35, tm_wday=5, tm_yday=91, tm_isdst=-1)",2023-04-01,2023,4,91,1,3
2023-04-01 00:06:05,40.578808,-111.833069,1464.3,-9999.0,-9999.0,-9999.0,13.8,13.29,7.39,33.41,1.0,2.0,9.5,23.0,857.6,0.0,45.6,1.81,29.4,817.3,-9999.0,-9999.0,-9999.0,-9999.0,-9999.0,-9999.0,-9999.0,0.0,0,0,"time.struct_time(tm_year=2023, tm_mon=4, tm_mday=1, tm_hour=0, tm_min=6, tm_sec=5, tm_wday=5, tm_yday=91, tm_isdst=-1)",2023-04-01,2023,4,91,1,6
2023-04-01 00:08:35,40.578808,-111.833069,1464.2,-9999.0,-9999.0,-9999.0,13.8,13.25,7.27,34.66,1.0,2.0,9.5,22.0,857.5,0.0,35.4,1.82,29.4,817.0,-9999.0,-9999.0,-9999.0,-9999.0,-9999.0,-9999.0,-9999.0,0.0,0,0,"time.struct_time(tm_year=2023, tm_mon=4, tm_mday=1, tm_hour=0, tm_min=8, tm_sec=35, tm_wday=5, tm_yday=91, tm_isdst=-1)",2023-04-01,2023,4,91,1,8
2023-04-01 00:11:05,40.578693,-111.834221,1462.3,-9999.0,-9999.0,-9999.0,13.8,13.22,7.47,32.64,6.0,2.0,9.61,23.0,857.7,0.0,48.9,1.81,29.4,817.4,-9999.0,-9999.0,-9999.0,-9999.0,-9999.0,-9999.0,-9999.0,0.0,0,0,"time.struct_time(tm_year=2023, tm_mon=4, tm_mday=1, tm_hour=0, tm_min=11, tm_sec=5, tm_wday=5, tm_yday=91, tm_isdst=-1)",2023-04-01,2023,4,91,1,11
2023-04-01 00:13:35,40.584442,-111.834023,1458.7,-9999.0,-9999.0,-9999.0,13.8,13.21,8.18,32.01,1.0,2.0,9.72,22.0,858.3,0.0,28.3,1.8,29.4,817.8,-9999.0,-9999.0,-9999.0,-9999.0,-9999.0,-9999.0,-9999.0,0.0,0,0,"time.struct_time(tm_year=2023, tm_mon=4, tm_mday=1, tm_hour=0, tm_min=13, tm_sec=35, tm_wday=5, tm_yday=91, tm_isdst=-1)",2023-04-01,2023,4,91,1,13
2023-04-01 00:16:05,40.602547,-111.833015,1416.0,-9999.0,-9999.0,-9999.0,13.8,13.17,8.64,31.59,2.0,2.0,9.72,23.0,863.3,0.0,47.8,1.8,29.4,822.9,-9999.0,-9999.0,-9999.0,-9999.0,-9999.0,-9999.0,-9999.0,0.0,0,0,"time.struct_time(tm_year=2023, tm_mon=4, tm_mday=1, tm_hour=0, tm_min=16, tm_sec=5, tm_wday=5, tm_yday=91, tm_isdst=-1)",2023-04-01,2023,4,91,1,16
2023-04-01 00:18:35,40.617241,-111.834236,1421.3,-9999.0,-9999.0,-9999.0,13.8,13.14,8.84,33.25,1.0,2.0,9.61,23.0,862.3,0.0,42.1,1.8,29.4,821.6,-9999.0,-9999.0,-9999.0,-9999.0,-9999.0,-9999.0,-9999.0,0.0,0,0,"time.struct_time(tm_year=2023, tm_mon=4, tm_mday=1, tm_hour=0, tm_min=18, tm_sec=35, tm_wday=5, tm_yday=91, tm_isdst=-1)",2023-04-01,2023,4,91,1,18
2023-04-01 00:21:05,40.633358,-111.834076,1363.5,-9999.0,-9999.0,-9999.0,13.81,13.13,9.58,31.37,2.0,2.0,9.61,23.0,868.7,0.0,41.3,1.78,29.4,828.2,-9999.0,-9999.0,-9999.0,-9999.0,-9999.0,-9999.0,-9999.0,0.0,0,0,"time.struct_time(tm_year=2023, tm_mon=4, tm_mday=1, tm_hour=0, tm_min=21, tm_sec=5, tm_wday=5, tm_yday=91, tm_isdst=-1)",2023-04-01,2023,4,91,1,21
2023-04-01 00:23:35,40.651756,-111.834976,1347.0,-9999.0,-9999.0,-9999.0,13.8,13.15,9.6,30.89,1.0,2.0,9.72,23.0,870.5,0.0,50.8,1.79,29.4,829.7,-9999.0,-9999.0,-9999.0,-9999.0,-9999.0,-9999.0,-9999.0,0.0,0,0,"time.struct_time(tm_year=2023, tm_mon=4, tm_mday=1, tm_hour=0, tm_min=23, tm_sec=35, tm_wday=5, tm_yday=91, tm_isdst=-1)",2023-04-01,2023,4,91,1,23
2023-04-01 00:26:05,40.665581,-111.83918,1332.9,-9999.0,-9999.0,-9999.0,13.8,13.16,9.2,32.95,2.0,2.0,9.72,24.0,871.8,0.0,44.0,1.79,29.4,831.4,-9999.0,-9999.0,-9999.0,-9999.0,-9999.0,-9999.0,-9999.0,0.0,0,0,"time.struct_time(tm_year=2023, tm_mon=4, tm_mday=1, tm_hour=0, tm_min=26, tm_sec=5, tm_wday=5, tm_yday=91, tm_isdst=-1)",2023-04-01,2023,4,91,1,26
2023-04-01 00:28:35,40.682808,-111.843582,1337.7,-9999.0,-9999.0,-9999.0,13.8,13.16,8.98,32.94,1.0,2.0,9.72,23.0,871.2,0.0,40.9,1.79,29.3,830.3,-9999.0,-9999.0,-9999.0,-9999.0,-9999.0,-9999.0,-9999.0,0.0,0,0,"time.struct_time(tm_year=2023, tm_mon=4, tm_mday=1, tm_hour=0, tm_min=28, tm_sec=35, tm_wday=5, tm_yday=91, tm_isdst=-1)",2023-04-01,2023,4,91,1,28
2023-04-01 00:31:05,40.690842,-111.846916,1337.1,-9999.0,-9999.0,-9999.0,13.8,13.16,9.04,32.36,1.0,2.0,9.72,23.0,871.2,0.0,43.0,1.79,29.3,830.6,-9999.0,-9999.0,-9999.0,-9999.0,-9999.0,-9999.0,-9999.0,0.0,0,0,"time.struct_time(tm_year=2023, tm_mon=4, tm_mday=1, tm_hour=0, tm_min=31, tm_sec=5, tm_wday=5, tm_yday=91, tm_isdst=-1)",2023-04-01,2023,4,91,1,31
2023-04-01 00:33:35,40.700977,-111.851051,1349.6,-9999.0,-9999.0,-9999.0,13.8,13.17,9.02,33.96,2.0,2.0,9.61,24.0,869.9,0.0,42.2,1.79,29.3,828.7,-9999.0,-9999.0,-9999.0,-9999.0,-9999.0,-9999.0,-9999.0,0.0,0,0,"time.struct_time(tm_year=2023, tm_mon=4, tm_mday=1, tm_hour=0, tm_min=33, tm_sec=35, tm_wday=5, tm_yday=91, tm_isdst=-1)",2023-04-01,2023,4,91,1,33
2023-04-01 00:36:05,40.712727,-111.856239,1340.3,-9999.0,-9999.0,-9999.0,13.81,13.19,8.83,37.81,1.0,2.0,9.61,24.0,870.6,0.0,45.9,1.78,29.3,830.0,-9999.0,-9999.0,-9999.0,-9999.0,-9999.0,-9999.0,-9999.0,0.0,0,0,"time.struct_time(tm_year=2023, tm_mon=4, tm_mday=1, tm_hour=0, tm_min=36, tm_sec=5, tm_wday=5, tm_yday=91, tm_isdst=-1)",2023-04-01,2023,4,91,1,36
2023-04-01 00:38:35,40.71891,-111.865379,1321.5,-9999.0,-9999.0,-9999.0,13.8,13.18,8.72,35.84,1.0,2.0,9.61,24.0,873.2,0.0,42.4,1.78,29.3,832.3,-9999.0,-9999.0,-9999.0,-9999.0,-9999.0,-9999.0,-9999.0,0.0,0,0,"time.struct_time(tm_year=2023, tm_mon=4, tm_mday=1, tm_hour=0, tm_min=38, tm_sec=35, tm_wday=5, tm_yday=91, tm_isdst=-1)",2023-04-01,2023,4,91,1,38
2023-04-01 00:41:05,40.725079,-111.865334,1325.6,-9999.0,-9999.0,-9999.0,13.81,13.17,8.82,38.33,1.0,2.0,9.5,25.0,872.7,0.0,31.9,1.79,29.3,832.4,-9999.0,-9999.0,-9999.0,-9999.0,-9999.0,-9999.0,-9999.0,0.0,0,0,"time.struct_time(tm_year=2023, tm_mon=4, tm_mday=1, tm_hour=0, tm_min=41, tm_sec=5, tm_wday=5, tm_yday=91, tm_isdst=-1)",2023-04-01,2023,4,91,1,41
2023-04-01 00:43:35,40.727455,-111.859657,1334.8,-9999.0,-9999.0,-9999.0,13.81,13.17,9.08,38.41,1.0,2.0,9.5,26.0,871.9,0.0,44.7,1.78,29.3,831.4,-9999.0,-9999.0,-9999.0,-9999.0,-9999.0,-9999.0,-9999.0,0.0,0,0,"time.struct_time(tm_year=2023, tm_mon=4, tm_mday=1, tm_hour=0, tm_min=43, tm_sec=35, tm_wday=5, tm_yday=91, tm_isdst=-1)",2023-04-01,2023,4,91,1,43
2023-04-01 00:46:05,40.739807,-111.859612,1324.9,-9999.0,-9999.0,-9999.0,13.81,13.17,9.06,37.64,2.0,2.0,9.5,26.0,872.7,0.0,44.0,1.78,29.3,832.1,-9999.0,-9999.0,-9999.0,-9999.0,-9999.0,-9999.0,-9999.0,0.0,0,0,"time.struct_time(tm_year=2023, tm_mon=4, tm_mday=1, tm_hour=0, tm_min=46, tm_sec=5, tm_wday=5, tm_yday=91, tm_isdst=-1)",2023-04-01,2023,4,91,1,46
2023-04-01 00:48:35,40.749352,-111.859497,1336.8,-9999.0,-9999.0,-9999.0,13.81,13.15,9.14,35.82,2.0,2.0,9.39,26.0,871.6,0.0,41.9,1.79,29.3,830.7,-9999.0,-9999.0,-9999.0,-9999.0,-9999.0,-9999.0,-9999.0,0.0,0,0,"time.struct_time(tm_year=2023, tm_mon=4, tm_mday=1, tm_hour=0, tm_min=48, tm_sec=35, tm_wday=5, tm_yday=91, tm_isdst=-1)",2023-04-01,2023,4,91,1,48
2023-04-01 00:51:05,40.755081,-111.853844,1388.4,-9999.0,-9999.0,-9999.0,13.81,13.13,9.06,36.28,1.0,2.0,9.39,25.0,866.1,0.0,40.9,1.8,29.2,825.6,-9999.0,-9999.0,-9999.0,-9999.0,-9999.0,-9999.0,-9999.0,0.0,0,0,"time.struct_time(tm_year=2023, tm_mon=4, tm_mday=1, tm_hour=0, tm_min=51, tm_sec=5, tm_wday=5, tm_yday=91, tm_isdst=-1)",2023-04-01,2023,4,91,1,51
2023-04-01 00:53:35,40.764286,-111.852318,1413.0,-9999.0,-9999.0,-9999.0,13.8,13.11,8.78,35.56,3.0,2.0,9.28,25.0,863.6,0.0,46.4,1.79,29.2,823.0,-9999.0,-9999.0,-9999.0,-9999.0,-9999.0,-9999.0,-9999.0,0.0,0,0,"time.struct_time(tm_year=2023, tm_mon=4, tm_mday=1, tm_hour=0, tm_min=53, tm_sec=35, tm_wday=5, tm_yday=91, tm_isdst=-1)",2023-04-01,2023,4,91,1,53
2023-04-01 00:56:05,40.765038,-111.861343,1357.2,-9999.0,-9999.0,-9999.0,13.81,13.08,8.6,37.04,1.0,2.0,9.22,25.0,869.3,0.0,43.3,1.79,29.2,828.8,-9999.0,-9999.0,-9999.0,-9999.0,-9999.0,-9999.0,-9999.0,0.0,0,0,"time.struct_time(tm_year=2023, tm_mon=4, tm_mday=1, tm_hour=0, tm_min=56, tm_sec=5, tm_wday=5, tm_yday=91, tm_isdst=-1)",2023-04-01,2023,4,91,1,56
2023-04-01 00:58:35,40.767235,-111.870636,1338.1,-9999.0,-9999.0,-9999.0,13.81,13.05,8.32,39.05,3.0,2.0,9.22,25.0,871.3,0.0,39.0,1.79,29.2,830.4,-9999.0,-9999.0,-9999.0,-9999.0,-9999.0,-9999.0,-9999.0,0.0,0,0,"time.struct_time(tm_year=2023, tm_mon=4, tm_mday=1, tm_hour=0, tm_min=58, tm_sec=35, tm_wday=5, tm_yday=91, tm_isdst=-1)",2023-04-01,2023,4,91,1,58
2023-04-01 01:01:05,40.767151,-111.884995,1313.5,-9999.0,-9999.0,-9999.0,13.8,13.0,8.26,36.87,13.0,2.0,9.11,25.0,874.0,0.0,38.0,1.77,29.2,833.4,-9999.0,-9999.0,-9999.0,-9999.0,-9999.0,-9999.0,-9999.0,0.0,0,0,"time.struct_time(tm_year=2023, tm_mon=4, tm_mday=1, tm_hour=1, tm_min=1, tm_sec=5, tm_wday=5, tm_yday=91, tm_isdst=-1)",2023-04-01,2023,4,91,1,1
2023-04-01 01:04:40,40.765106,-111.892197,1325.9,-9999.0,-9999.0,-9999.0,13.8,12.94,8.16,36.76,7.0,2.0,9.0,25.0,874.2,0.0,39.9,1.77,29.1,833.5,-9999.0,-9999.0,-9999.0,-9999.0,-9999.0,-9999.0,-9999.0,0.0,0,1,"time.struct_time(tm_year=2023, tm_mon=4, tm_mday=1, tm_hour=1, tm_min=4, tm_sec=40, tm_wday=5, tm_yday=91, tm_isdst=-1)",2023-04-01,2023,4,91,1,4
2023-04-01 01:07:10,40.765076,-111.905502,1293.4,-9999.0,-9999.0,-9999.0,13.8,12.89,8.28,36.57,7.0,2.0,8.89,25.0,876.0,0.0,37.9,1.78,29.1,835.3,-9999.0,-9999.0,-9999.0,-9999.0,-9999.0,-9999.0,-9999.0,0.0,0,1,"time.struct_time(tm_year=2023, tm_mon=4, tm_mday=1, tm_hour=1, tm_min=7, tm_sec=10, tm_wday=5, tm_yday=91, tm_isdst=-1)",2023-04-01,2023,4,91,1,7
2023-04-01 01:09:40,40.763519,-111.909416,1293.3,-9999.0,-9999.0,-9999.0,13.8,12.84,8.34,37.01,5.0,2.0,8.89,25.0,876.0,0.0,36.7,1.78,29.1,835.3,-9999.0,-9999.0,-9999.0,-9999.0,-9999.0,-9999.0,-9999.0,0.0,0,1,"time.struct_time(tm_year=2023, tm_mon=4, tm_mday=1, tm_hour=1, tm_min=9, tm_sec=40, tm_wday=5, tm_yday=91, tm_isdst=-1)",2023-04-01,2023,4,91,1,9
2023-04-01 01:12:10,40.763519,-111.909416,1293.3,-9999.0,-9999.0,-9999.0,13.8,12.81,8.44,36.59,2.0,2.0,8.89,25.0,876.1,0.0,35.6,1.77,29.1,835.6,-9999.0,-9999.0,-9999.0,-9999.0,-9999.0,-9999.0,-9999.0,0.0,0,1,"time.struct_time(tm_year=2023, tm_mon=4, tm_mday=1, tm_hour=1, tm_min=12, tm_sec=10, tm_wday=5, tm_yday=91, tm_isdst=-1)",2023-04-01,2023,4,91,1,12
2023-04-01 01:14:40,40.763523,-111.909424,1293.4,-9999.0,-9999.0,-9999.0,13.8,12.76,8.66,34.19,2.0,2.0,8.78,25.0,876.0,0.0,40.7,1.78,29.0,835.3,-9999.0,-9999.0,-9999.0,-9999.0,-9999.0,-9999.0,-9999.0,0.0,0,1,"time.struct_time(tm_year=2023, tm_mon=4, tm_mday=1, tm_hour=1, tm_min=14, tm_sec=40, tm_wday=5, tm_yday=91, tm_isdst=-1)",2023-04-01,2023,4,91,1,14
2023-04-01 01:17:10,40.763527,-111.909424,1293.6,-9999.0,-9999.0,-9999.0,13.81,12.71,9.04,33.81,3.0,2.0,8.78,25.0,876.3,0.0,30.3,1.78,29.0,835.6,-9999.0,-9999.0,-9999.0,-9999.0,-9999.0,-9999.0,-9999.0,0.0,0,1,"time.struct_time(tm_year=2023, tm_mon=4, tm_mday=1, tm_hour=1, tm_min=17, tm_sec=10, tm_wday=5, tm_yday=91, tm_isdst=-1)",2023-04-01,2023,4,91,1,17
2023-04-01 01:19:40,40.763531,-111.909416,1293.7,-9999.0,-9999.0,-9999.0,13.8,12.66,9.22,34.79,2.0,2.0,8.78,25.0,876.0,0.0,42.2,1.76,29.0,835.3,-9999.0,-9999.0,-9999.0,-9999.0,-9999.0,-9999.0,-9999.0,0.0,0,1,"time.struct_time(tm_year=2023, tm_mon=4, tm_mday=1, tm_hour=1, tm_min=19, tm_sec=40, tm_wday=5, tm_yday=91, tm_isdst=-1)",2023-04-01,2023,4,91,1,19
2023-04-01 01:22:10,40.763531,-111.909416,1293.7,-9999.0,-9999.0,-9999.0,13.81,12.62,9.34,34.25,2.0,2.0,8.72,25.0,876.0,0.0,41.7,1.78,28.9,835.7,-9999.0,-9999.0,-9999.0,-9999.0,-9999.0,-9999.0,-9999.0,0.0,0,1,"time.struct_time(tm_year=2023, tm_mon=4, tm_mday=1, tm_hour=1, tm_min=22, tm_sec=10, tm_wday=5, tm_yday=91, tm_isdst=-1)",2023-04-01,2023,4,91,1,22
2023-04-01 01:24:40,40.763535,-111.909416,1293.7,-9999.0,-9999.0,-9999.0,13.8,12.59,9.28,34.85,2.0,2.0,8.72,25.0,876.1,0.0,35.5,1.77,28.9,835.4,-9999.0,-9999.0,-9999.0,-9999.0,-9999.0,-9999.0,-9999.0,0.0,0,1,"time.struct_time(tm_year=2023, tm_mon=4, tm_mday=1, tm_hour=1, tm_min=24, tm_sec=40, tm_wday=5, tm_yday=91, tm_isdst=-1)",2023-04-01,2023,4,91,1,24
2023-04-01 01:27:10,40.763535,-111.909424,1293.8,-9999.0,-9999.0,-9999.0,13.8,12.56,9.2,34.67,3.0,2.0,8.61,25.0,876.3,0.0,39.3,1.77,28.9,835.6,-9999.0,-9999.0,-9999.0,-9999.0,-9999.0,-9999.0,-9999.0,0.0,0,1,"time.struct_time(tm_year=2023, tm_mon=4, tm_mday=1, tm_hour=1, tm_min=27, tm_sec=10, tm_wday=5, tm_yday=91, tm_isdst=-1)",2023-04-01,2023,4,91,1,27
2023-04-01 01:29:40,40.763538,-111.909424,1293.6,-9999.0,-9999.0,-9999.0,13.81,12.54,9.1,35.06,4.0,2.0,8.61,25.0,876.2,0.0,38.3,1.78,28.9,835.2,-9999.0,-9999.0,-9999.0,-9999.0,-9999.0,-9999.0,-9999.0,0.0,0,1,"time.struct_time(tm_year=2023, tm_mon=4, tm_mday=1, tm_hour=1, tm_min=29, tm_sec=40, tm_wday=5, tm_yday=91, tm_isdst=-1)",2023-04-01,2023,4,91,1,29
2023-04-01 01:32:10,40.763538,-111.909424,1293.6,-9999.0,-9999.0,-9999.0,13.8,12.51,9.04,35.11,3.0,2.0,8.5,26.0,876.1,0.0,40.5,1.78,28.9,835.6,-9999.0,-9999.0,-9999.0,-9999.0,-9999.0,-9999.0,-9999.0,0.0,0,1,"time.struct_time(tm_year=2023, tm_mon=4, tm_mday=1, tm_hour=1, tm_min=32, tm_sec=10, tm_wday=5, tm_yday=91, tm_isdst=-1)",2023-04-01,2023,4,91,1,32
2023-04-01 01:34:40,40.763538,-111.909424,1293.6,-9999.0,-9999.0,-9999.0,13.8,12.5,9.18,35.15,3.0,2.0,8.5,26.0,876.2,0.0,36.4,1.78,28.9,835.4,-9999.0,-9999.0,-9999.0,-9999.0,-9999.0,-9999.0,-9999.0,0.0,0,1,"time.struct_time(tm_year=2023, tm_mon=4, tm_mday=1, tm_hour=1, tm_min=34, tm_sec=40, tm_wday=5, tm_yday=91, tm_isdst=-1)",2023-04-01,2023,4,91,1,34
2023-04-01 01:37:10,40.763538,-111.909424,1293.6,-9999.0,-9999.0,-9999.0,13.8,12.48,9.16,35.5,2.0,2.0,8.5,26.0,876.1,0.0,34.7,1.77,28.8,835.6,-9999.0,-9999.0,-9999.0,-9999.0,-9999.0,-9999.0,-9999.0,0.0,0,1,"time.struct_time(tm_year=2023, tm_mon=4, tm_mday=1, tm_hour=1, tm_min=37, tm_sec=10, tm_wday=5, tm_yday=91, tm_isdst=-1)",2023-04-01,2023,4,91,1,37
2023-04-01 01:39:40,40.763542,-111.909424,1293.8,-9999.0,-9999.0,-9999.0,13.81,12.46,9.22,34.46,2.0,2.0,8.5,26.0,876.1,0.0,31.9,1.77,28.8,835.3,-9999.0,-9999.0,-9999.0,-9999.0,-9999.0,-9999.0,-9999.0,0.0,0,1,"time.struct_time(tm_year=2023, tm_mon=4, tm_mday=1, tm_hour=1, tm_min=39, tm_sec=40, tm_wday=5, tm_yday=91, tm_isdst=-1)",2023-04-01,2023,4,91,1,39
2023-04-01 01:42:10,40.763542,-111.909424,1293.9,-9999.0,-9999.0,-9999.0,13.81,12.45,9.16,34.25,2.0,2.0,8.5,25.0,876.1,0.0,39.3,1.78,28.8,835.7,-9999.0,-9999.0,-9999.0,-9999.0,-9999.0,-9999.0,-9999.0,0.0,0,1,"time.struct_time(tm_year=2023, tm_mon=4, tm_mday=1, tm_hour=1, tm_min=42, tm_sec=10, tm_wday=5, tm_yday=91, tm_isdst=-1)",2023-04-01,2023,4,91,1,42
2023-04-01 01:44:40,40.763542,-111.909424,1294.0,-9999.0,-9999.0,-9999.0,13.81,12.44,9.14,34.23,3.0,2.0,8.39,25.0,876.1,0.0,37.7,1.76,28.8,835.3,-9999.0,-9999.0,-9999.0,-9999.0,-9999.0,-9999.0,-9999.0,0.0,0,1,"time.struct_time(tm_year=2023, tm_mon=4, tm_mday=1, tm_hour=1, tm_min=44, tm_sec=40, tm_wday=5, tm_yday=91, tm_isdst=-1)",2023-04-01,2023,4,91,1,44
2023-04-01 01:47:10,40.763542,-111.909416,1294.0,-9999.0,-9999.0,-9999.0,13.8,12.43,9.06,34.57,2.0,2.0,8.39,26.0,876.1,0.0,35.5,1.78,28.8,835.7,-9999.0,-9999.0,-9999.0,-9999.0,-9999.0,-9999.0,-9999.0,0.0,0,1,"time.struct_time(tm_year=2023, tm_mon=4, tm_mday=1, tm_hour=1, tm_min=47, tm_sec=10, tm_wday=5, tm_yday=91, tm_isdst=-1)",2023-04-01,2023,4,91,1,47
2023-04-01 01:49:40,40.763542,-111.909416,1293.8,-9999.0,-9999.0,-9999.0,13.8,12.42,9.06,35.2,2.0,2.0,8.39,26.0,876.3,0.0,33.7,1.77,28.8,835.3,-9999.0,-9999.0,-9999.0,-9999.0,-9999.0,-9999.0,-9999.0,0.0,0,1,"time.struct_time(tm_year=2023, tm_mon=4, tm_mday=1, tm_hour=1, tm_min=49, tm_sec=40, tm_wday=5, tm_yday=91, tm_isdst=-1)",2023-04-01,2023,4,91,1,49
2023-04-01 01:52:10,40.763542,-111.909409,1293.7,-9999.0,-9999.0,-9999.0,13.8,12.42,8.94,35.12,2.0,2.0,8.28,26.0,876.1,0.0,34.0,1.78,28.8,835.7,-9999.0,-9999.0,-9999.0,-9999.0,-9999.0,-9999.0,-9999.0,0.0,0,1,"time.struct_time(tm_year=2023, tm_mon=4, tm_mday=1, tm_hour=1, tm_min=52, tm_sec=10, tm_wday=5, tm_yday=91, tm_isdst=-1)",2023-04-01,2023,4,91,1,52
2023-04-01 01:54:40,40.764256,-111.909149,1295.2,-9999.0,-9999.0,-9999.0,13.81,12.41,8.94,34.71,3.0,2.0,8.28,26.0,876.0,0.0,41.4,1.78,28.8,835.3,-9999.0,-9999.0,-9999.0,-9999.0,-9999.0,-9999.0,-9999.0,0.0,0,1,"time.struct_time(tm_year=2023, tm_mon=4, tm_mday=1, tm_hour=1, tm_min=54, tm_sec=40, tm_wday=5, tm_yday=91, tm_isdst=-1)",2023-04-01,2023,4,91,1,54
2023-04-01 01:57:10,40.761799,-111.902596,1300.5,-9999.0,-9999.0,-9999.0,13.81,12.38,8.96,35.69,4.0,2.0,8.28,26.0,875.9,0.0,35.3,1.77,28.8,835.1,-9999.0,-9999.0,-9999.0,-9999.0,-9999.0,-9999.0,-9999.0,0.0,0,1,"time.struct_time(tm_year=2023, tm_mon=4, tm_mday=1, tm_hour=1, tm_min=57, tm_sec=10, tm_wday=5, tm_yday=91, tm_isdst=-1)",2023-04-01,2023,4,91,1,57
2023-04-01 01:59:40,40.760677,-111.916306,1294.6,-9999.0,-9999.0,-9999.0,13.8,12.35,8.76,36.42,4.0,2.0,8.39,26.0,876.5,0.0,18.3,1.76,28.8,835.4,-9999.0,-9999.0,-9999.0,-9999.0,-9999.0,-9999.0,-9999.0,0.0,0,1,"time.struct_time(tm_year=2023, tm_mon=4, tm_mday=1, tm_hour=1, tm_min=59, tm_sec=40, tm_wday=5, tm_yday=91, tm_isdst=-1)",2023-04-01,2023,4,91,1,59
2023-04-01 02:02:10,40.758003,-111.91684,1295.0,-9999.0,-9999.0,-9999.0,13.81,12.34,8.74,37.03,7.0,2.0,8.39,26.0,876.3,0.0,16.1,1.78,28.8,835.5,-9999.0,-9999.0,-9999.0,-9999.0,-9999.0,-9999.0,-9999.0,0.0,0,1,"time.struct_time(tm_year=2023, tm_mon=4, tm_mday=1, tm_hour=2, tm_min=2, tm_sec=10, tm_wday=5, tm_yday=91, tm_isdst=-1)",2023-04-01,2023,4,91,1,2
2023-04-01 02:05:45,40.750729,-111.91687,1292.4,-9999.0,-9999.0,-9999.0,13.8,12.32,8.22,38.7,7.0,2.0,8.39,26.0,876.2,0.0,10.1,1.77,28.8,835.6,-9999.0,-9999.0,-9999.0,-9999.0,-9999.0,-9999.0,-9999.0,0.0,0,0,"time.struct_time(tm_year=2023, tm_mon=4, tm_mday=1, tm_hour=2, tm_min=5, tm_sec=45, tm_wday=5, tm_yday=91, tm_isdst=-1)",2023-04-01,2023,4,91,1,5
2023-04-01 02:08:15,40.736946,-111.91687,1294.3,-9999.0,-9999.0,-9999.0,13.8,12.28,7.93,39.89,11.0,2.0,8.39,27.0,876.2,0.0,23.6,1.78,28.7,835.4,-9999.0,-9999.0,-9999.0,-9999.0,-9999.0,-9999.0,-9999.0,0.0,0,0,"time.struct_time(tm_year=2023, tm_mon=4, tm_mday=1, tm_hour=2, tm_min=8, tm_sec=15, tm_wday=5, tm_yday=91, tm_isdst=-1)",2023-04-01,2023,4,91,1,8
2023-04-01 02:10:45,40.725857,-111.920609,1294.9,-9999.0,-9999.0,-9999.0,13.8,12.25,7.81,37.76,3.0,2.0,8.28,26.0,875.9,0.0,13.4,1.77,28.7,835.3,-9999.0,-9999.0,-9999.0,-9999.0,-9999.0,-9999.0,-9999.0,0.0,0,0,"time.struct_time(tm_year=2023, tm_mon=4, tm_mday=1, tm_hour=2, tm_min=10, tm_sec=45, tm_wday=5, tm_yday=91, tm_isdst=-1)",2023-04-01,2023,4,91,1,10
2023-04-01 02:13:15,40.728584,-111.938873,1297.4,-9999.0,-9999.0,-9999.0,13.84,12.18,7.73,41.16,4.0,2.0,8.28,27.0,875.8,0.0,18.9,1.76,28.7,834.8,-9999.0,-9999.0,-9999.0,-9999.0,-9999.0,-9999.0,-9999.0,0.0,0,0,"time.struct_time(tm_year=2023, tm_mon=4, tm_mday=1, tm_hour=2, tm_min=13, tm_sec=15, tm_wday=5, tm_yday=91, tm_isdst=-1)",2023-04-01,2023,4,91,1,13
2023-04-01 02:15:45,40.733185,-111.949684,1295.7,-9999.0,-9999.0,-9999.0,13.84,12.14,7.51,40.9,3.0,2.0,8.22,27.0,875.8,0.0,20.0,1.77,28.7,835.2,-9999.0,-9999.0,-9999.0,-9999.0,-9999.0,-9999.0,-9999.0,0.0,0,0,"time.struct_time(tm_year=2023, tm_mon=4, tm_mday=1, tm_hour=2, tm_min=15, tm_sec=45, tm_wday=5, tm_yday=91, tm_isdst=-1)",2023-04-01,2023,4,91,1,15
2023-04-01 02:18:15,40.732704,-111.958092,1297.8,-9999.0,-9999.0,-9999.0,13.84,12.11,7.55,36.93,2.0,2.0,8.22,26.0,875.9,0.0,22.3,1.77,28.7,835.1,-9999.0,-9999.0,-9999.0,-9999.0,-9999.0,-9999.0,-9999.0,0.0,0,0,"time.struct_time(tm_year=2023, tm_mon=4, tm_mday=1, tm_hour=2, tm_min=18, tm_sec=15, tm_wday=5, tm_yday=91, tm_isdst=-1)",2023-04-01,2023,4,91,1,18
2023-04-01 02:20:45,40.726509,-111.962448,1298.1,-9999.0,-9999.0,-9999.0,13.84,12.08,7.53,38.32,1.0,2.0,8.22,26.0,875.7,0.0,14.4,1.76,28.6,835.0,-9999.0,-9999.0,-9999.0,-9999.0,-9999.0,-9999.0,-9999.0,0.0,0,0,"time.struct_time(tm_year=2023, tm_mon=4, tm_mday=1, tm_hour=2, tm_min=20, tm_sec=45, tm_wday=5, tm_yday=91, tm_isdst=-1)",2023-04-01,2023,4,91,1,20
2023-04-01 02:23:15,40.7309,-111.975845,1296.7,-9999.0,-9999.0,-9999.0,13.84,12.03,7.71,40.16,5.0,2.0,8.22,26.0,876.0,0.0,15.1,1.77,28.6,835.1,-9999.0,-9999.0,-9999.0,-9999.0,-9999.0,-9999.0,-9999.0,0.0,0,0,"time.struct_time(tm_year=2023, tm_mon=4, tm_mday=1, tm_hour=2, tm_min=23, tm_sec=15, tm_wday=5, tm_yday=91, tm_isdst=-1)",2023-04-01,2023,4,91,1,23
2023-04-01 02:25:45,40.730865,-111.986885,1296.6,-9999.0,-9999.0,-9999.0,13.84,12.01,7.73,38.46,4.0,2.0,8.11,26.0,876.1,0.0,24.3,1.77,28.6,835.4,-9999.0,-9999.0,-9999.0,-9999.0,-9999.0,-9999.0,-9999.0,0.0,0,0,"time.struct_time(tm_year=2023, tm_mon=4, tm_mday=1, tm_hour=2, tm_min=25, tm_sec=45, tm_wday=5, tm_yday=91, tm_isdst=-1)",2023-04-01,2023,4,91,1,25
2023-04-01 02:28:15,40.721905,-111.986397,1295.9,-9999.0,-9999.0,-9999.0,13.84,11.99,7.81,36.63,2.0,2.0,8.11,26.0,875.2,0.0,17.9,1.77,28.5,834.1,-9999.0,-9999.0,-9999.0,-9999.0,-9999.0,-9999.0,-9999.0,0.0,0,0,"time.struct_time(tm_year=2023, tm_mon=4, tm_mday=1, tm_hour=2, tm_min=28, tm_sec=15, tm_wday=5, tm_yday=91, tm_isdst=-1)",2023-04-01,2023,4,91,1,28
2023-04-01 02:30:45,40.720661,-111.983185,1297.2,-9999.0,-9999.0,-9999.0,13.84,11.95,7.85,36.99,1.0,2.0,8.22,26.0,875.6,0.0,29.7,1.78,28.5,834.9,-9999.0,-9999.0,-9999.0,-9999.0,-9999.0,-9999.0,-9999.0,0.0,0,0,"time.struct_time(tm_year=2023, tm_mon=4, tm_mday=1, tm_hour=2, tm_min=30, tm_sec=45, tm_wday=5, tm_yday=91, tm_isdst=-1)",2023-04-01,2023,4,91,1,30
2023-04-01 02:33:15,40.717155,-111.977188,1297.8,-9999.0,-9999.0,-9999.0,13.84,11.92,7.81,38.26,3.0,2.0,8.22,26.0,875.6,0.0,25.6,1.77,28.4,834.4,-9999.0,-9999.0,-9999.0,-9999.0,-9999.0,-9999.0,-9999.0,0.0,0,0,"time.struct_time(tm_year=2023, tm_mon=4, tm_mday=1, tm_hour=2, tm_min=33, tm_sec=15, tm_wday=5, tm_yday=91, tm_isdst=-1)",2023-04-01,2023,4,91,1,33
2023-04-01 02:35:45,40.704105,-111.977165,1298.2,-9999.0,-9999.0,-9999.0,13.84,11.87,7.59,40.11,4.0,2.0,8.22,27.0,875.7,0.0,13.5,1.77,28.4,835.0,-9999.0,-9999.0,-9999.0,-9999.0,-9999.0,-9999.0,-9999.0,0.0,0,0,"time.struct_time(tm_year=2023, tm_mon=4, tm_mday=1, tm_hour=2, tm_min=35, tm_sec=45, tm_wday=5, tm_yday=91, tm_isdst=-1)",2023-04-01,2023,4,91,1,35
2023-04-01 02:38:15,40.692902,-111.975487,1305.3,-9999.0,-9999.0,-9999.0,13.84,11.85,7.33,45.04,2.0,2.0,8.22,27.0,874.7,0.0,22.5,1.78,28.4,833.8,-9999.0,-9999.0,-9999.0,-9999.0,-9999.0,-9999.0,-9999.0,0.0,0,0,"time.struct_time(tm_year=2023, tm_mon=4, tm_mday=1, tm_hour=2, tm_min=38, tm_sec=15, tm_wday=5, tm_yday=91, tm_isdst=-1)",2023-04-01,2023,4,91,1,38
2023-04-01 02:40:45,40.692944,-111.965454,1299.4,-9999.0,-9999.0,-9999.0,13.84,11.84,7.09,45.34,7.0,2.0,8.11,28.0,875.0,0.0,12.6,1.77,28.4,834.6,-9999.0,-9999.0,-9999.0,-9999.0,-9999.0,-9999.0,-9999.0,0.0,0,0,"time.struct_time(tm_year=2023, tm_mon=4, tm_mday=1, tm_hour=2, tm_min=40, tm_sec=45, tm_wday=5, tm_yday=91, tm_isdst=-1)",2023-04-01,2023,4,91,1,40
2023-04-01 02:43:15,40.693401,-111.960556,1299.2,-9999.0,-9999.0,-9999.0,13.84,11.83,6.83,47.67,3.0,2.0,8.0,28.0,875.7,0.0,15.7,1.77,28.3,834.6,-9999.0,-9999.0,-9999.0,-9999.0,-9999.0,-9999.0,-9999.0,0.0,0,0,"time.struct_time(tm_year=2023, tm_mon=4, tm_mday=1, tm_hour=2, tm_min=43, tm_sec=15, tm_wday=5, tm_yday=91, tm_isdst=-1)",2023-04-01,2023,4,91,1,43
2023-04-01 02:45:45,40.693405,-111.960556,1298.9,-9999.0,-9999.0,-9999.0,13.84,11.81,6.77,47.85,2.0,2.0,7.89,29.0,875.7,0.0,5.1,1.77,28.3,835.1,-9999.0,-9999.0,-9999.0,-9999.0,-9999.0,-9999.0,-9999.0,0.0,0,0,"time.struct_time(tm_year=2023, tm_mon=4, tm_mday=1, tm_hour=2, tm_min=45, tm_sec=45, tm_wday=5, tm_yday=91, tm_isdst=-1)",2023-04-01,2023,4,91,1,45
2023-04-01 02:48:15,40.693405,-111.960556,1299.0,-9999.0,-9999.0,-9999.0,13.84,11.79,6.69,48.6,2.0,2.0,7.89,29.0,875.5,0.0,11.0,1.77,28.2,834.7,-9999.0,-9999.0,-9999.0,-9999.0,-9999.0,-9999.0,-9999.0,0.0,0,0,"time.struct_time(tm_year=2023, tm_mon=4, tm_mday=1, tm_hour=2, tm_min=48, tm_sec=15, tm_wday=5, tm_yday=91, tm_isdst=-1)",2023-04-01,2023,4,91,1,48
2023-04-01 02:50:45,40.693405,-111.960556,1299.1,-9999.0,-9999.0,-9999.0,13.84,11.76,6.65,48.8,2.0,2.0,7.72,29.0,875.6,0.0,12.0,1.78,28.2,835.1,-9999.0,-9999.0,-9999.0,-9999.0,-9999.0,-9999.0,-9999.0,0.0,0,0,"time.struct_time(tm_year=2023, tm_mon=4, tm_mday=1, tm_hour=2, tm_min=50, tm_sec=45, tm_wday=5, tm_yday=91, tm_isdst=-1)",2023-04-01,2023,4,91,1,50
2023-04-01 02:53:15,40.693405,-111.960556,1299.4,-9999.0,-9999.0,-9999.0,13.84,11.72,6.63,47.43,5.0,2.0,7.72,29.0,875.5,0.0,11.6,1.77,28.2,834.8,-9999.0,-9999.0,-9999.0,-9999.0,-9999.0,-9999.0,-9999.0,0.0,0,0,"time.struct_time(tm_year=2023, tm_mon=4, tm_mday=1, tm_hour=2, tm_min=53, tm_sec=15, tm_wday=5, tm_yday=91, tm_isdst=-1)",2023-04-01,2023,4,91,1,53
2023-04-01 02:55:45,40.693401,-111.960556,1299.5,-9999.0,-9999.0,-9999.0,13.84,11.68,6.63,47.97,4.0,2.0,7.5,29.0,875.6,0.0,14.4,1.77,28.1,835.2,-9999.0,-9999.0,-9999.0,-9999.0,-9999.0,-9999.0,-9999.0,0.0,0,0,"time.struct_time(tm_year=2023, tm_mon=4, tm_mday=1, tm_hour=2, tm_min=55, tm_sec=45, tm_wday=5, tm_yday=91, tm_isdst=-1)",2023-04-01,2023,4,91,1,55
2023-04-01 02:58:15,40.693401,-111.960556,1299.8,-9999.0,-9999.0,-9999.0,13.84,11.63,6.66,48.26,2.0,2.0,7.39,29.0,875.6,0.0,9.4,1.76,28.1,834.7,-9999.0,-9999.0,-9999.0,-9999.0,-9999.0,-9999.0,-9999.0,0.0,0,0,"time.struct_time(tm_year=2023, tm_mon=4, tm_mday=1, tm_hour=2, tm_min=58, tm_sec=15, tm_wday=5, tm_yday=91, tm_isdst=-1)",2023-04-01,2023,4,91,1,58
2023-04-01 03:00:45,40.693405,-111.960564,1300.0,-9999.0,-9999.0,-9999.0,13.84,11.59,6.63,48.1,2.0,2.0,7.39,29.0,875.6,0.0,17.6,1.77,28.1,835.2,-9999.0,-9999.0,-9999.0,-9999.0,-9999.0,-9999.0,-9999.0,0.0,0,0,"time.struct_time(tm_year=2023, tm_mon=4, tm_mday=1, tm_hour=3, tm_min=0, tm_sec=45, tm_wday=5, tm_yday=91, tm_isdst=-1)",2023-04-01,2023,4,91,1,0
2023-04-01 03:03:15,40.692944,-111.967163,1306.2,-9999.0,-9999.0,-9999.0,13.84,11.53,6.61,47.79,3.0,2.0,7.28,29.0,875.3,0.0,20.2,1.77,28.0,834.3,-9999.0,-9999.0,-9999.0,-9999.0,-9999.0,-9999.0,-9999.0,0.0,0,0,"time.struct_time(tm_year=2023, tm_mon=4, tm_mday=1, tm_hour=3, tm_min=3, tm_sec=15, tm_wday=5, tm_yday=91, tm_isdst=-1)",2023-04-01,2023,4,91,1,3
2023-04-01 03:06:50,40.696476,-111.977097,1305.0,-9999.0,-9999.0,-9999.0,13.84,11.44,6.51,46.02,3.0,2.0,7.22,29.0,875.3,0.0,10.8,1.77,28.0,835.0,-9999.0,-9999.0,-9999.0,-9999.0,-9999.0,-9999.0,-9999.0,0.0,0,0,"time.struct_time(tm_year=2023, tm_mon=4, tm_mday=1, tm_hour=3, tm_min=6, tm_sec=50, tm_wday=5, tm_yday=91, tm_isdst=-1)",2023-04-01,2023,4,91,1,6
2023-04-01 03:09:20,40.715363,-111.97715,1297.3,-9999.0,-9999.0,-9999.0,13.84,11.37,6.7,46.11,3.0,2.0,7.22,29.0,876.0,0.0,10.6,1.76,28.0,834.7,-9999.0,-9999.0,-9999.0,-9999.0,-9999.0,-9999.0,-9999.0,0.0,0,0,"time.struct_time(tm_year=2023, tm_mon=4, tm_mday=1, tm_hour=3, tm_min=9, tm_sec=20, tm_wday=5, tm_yday=91, tm_isdst=-1)",2023-04-01,2023,4,91,1,9
2023-04-01 03:11:50,40.723003,-111.983505,1301.3,-9999.0,-9999.0,-9999.0,13.84,11.29,6.89,39.99,2.0,2.0,7.28,28.0,875.8,0.0,22.5,1.78,27.9,835.4,-9999.0,-9999.0,-9999.0,-9999.0,-9999.0,-9999.0,-9999.0,0.0,0,0,"time.struct_time(tm_year=2023, tm_mon=4, tm_mday=1, tm_hour=3, tm_min=11, tm_sec=50, tm_wday=5, tm_yday=91, tm_isdst=-1)",2023-04-01,2023,4,91,1,11
2023-04-01 03:14:20,40.730137,-111.986809,1294.0,-9999.0,-9999.0,-9999.0,13.84,11.22,6.97,40.83,2.0,2.0,7.28,28.0,876.0,0.0,13.5,1.75,27.9,834.6,-9999.0,-9999.0,-9999.0,-9999.0,-9999.0,-9999.0,-9999.0,0.0,0,0,"time.struct_time(tm_year=2023, tm_mon=4, tm_mday=1, tm_hour=3, tm_min=14, tm_sec=20, tm_wday=5, tm_yday=91, tm_isdst=-1)",2023-04-01,2023,4,91,1,14
2023-04-01 03:16:50,40.730835,-111.976036,1288.9,-9999.0,-9999.0,-9999.0,13.84,11.19,6.99,41.58,7.0,2.0,7.28,28.0,876.6,0.0,17.9,1.76,27.9,835.8,-9999.0,-9999.0,-9999.0,-9999.0,-9999.0,-9999.0,-9999.0,0.0,0,0,"time.struct_time(tm_year=2023, tm_mon=4, tm_mday=1, tm_hour=3, tm_min=16, tm_sec=50, tm_wday=5, tm_yday=91, tm_isdst=-1)",2023-04-01,2023,4,91,1,16
2023-04-01 03:19:20,40.726337,-111.961746,1292.9,-9999.0,-9999.0,-9999.0,13.84,11.17,6.87,46.86,4.0,2.0,7.28,29.0,876.4,0.0,0.2,1.77,27.8,835.0,-9999.0,-9999.0,-9999.0,-9999.0,-9999.0,-9999.0,-9999.0,0.0,0,0,"time.struct_time(tm_year=2023, tm_mon=4, tm_mday=1, tm_hour=3, tm_min=19, tm_sec=20, tm_wday=5, tm_yday=91, tm_isdst=-1)",2023-04-01,2023,4,91,1,19
2023-04-01 03:21:50,40.73307,-111.956879,1292.7,-9999.0,-9999.0,-9999.0,13.84,11.13,6.81,47.47,5.0,2.0,7.22,29.0,876.7,0.0,4.6,1.77,27.8,836.0,-9999.0,-9999.0,-9999.0,-9999.0,-9999.0,-9999.0,-9999.0,0.0,0,0,"time.struct_time(tm_year=2023, tm_mon=4, tm_mday=1, tm_hour=3, tm_min=21, tm_sec=50, tm_wday=5, tm_yday=91, tm_isdst=-1)",2023-04-01,2023,4,91,1,21
2023-04-01 03:24:20,40.73307,-111.956886,1292.8,-9999.0,-9999.0,-9999.0,13.84,11.11,6.81,47.67,3.0,2.0,7.11,30.0,876.6,0.0,4.1,1.77,27.7,835.7,-9999.0,-9999.0,-9999.0,-9999.0,-9999.0,-9999.0,-9999.0,0.0,0,0,"time.struct_time(tm_year=2023, tm_mon=4, tm_mday=1, tm_hour=3, tm_min=24, tm_sec=20, tm_wday=5, tm_yday=91, tm_isdst=-1)",2023-04-01,2023,4,91,1,24
2023-04-01 03:26:50,40.733101,-111.946434,1295.1,-9999.0,-9999.0,-9999.0,13.84,11.08,6.81,48.07,5.0,2.0,7.0,30.0,876.8,0.0,0.8,1.77,27.7,836.0,-9999.0,-9999.0,-9999.0,-9999.0,-9999.0,-9999.0,-9999.0,0.0,0,0,"time.struct_time(tm_year=2023, tm_mon=4, tm_mday=1, tm_hour=3, tm_min=26, tm_sec=50, tm_wday=5, tm_yday=91, tm_isdst=-1)",2023-04-01,2023,4,91,1,26
2023-04-01 03:29:20,40.726261,-111.938965,1297.6,-9999.0,-9999.0,-9999.0,13.84,11.03,6.28,51.41,3.0,2.0,6.89,31.0,876.5,0.0,-0.2,1.77,27.7,835.5,-9999.0,-9999.0,-9999.0,-9999.0,-9999.0,-9999.0,-9999.0,0.0,0,0,"time.struct_time(tm_year=2023, tm_mon=4, tm_mday=1, tm_hour=3, tm_min=29, tm_sec=20, tm_wday=5, tm_yday=91, tm_isdst=-1)",2023-04-01,2023,4,91,1,29
2023-04-01 03:31:50,40.725857,-111.922707,1292.6,-9999.0,-9999.0,-9999.0,13.84,10.95,6.12,51.73,6.0,2.0,6.78,30.0,876.6,0.0,-1.7,1.75,27.6,835.8,-9999.0,-9999.0,-9999.0,-9999.0,-9999.0,-9999.0,-9999.0,0.0,0,0,"time.struct_time(tm_year=2023, tm_mon=4, tm_mday=1, tm_hour=3, tm_min=31, tm_sec=50, tm_wday=5, tm_yday=91, tm_isdst=-1)",2023-04-01,2023,4,91,1,31
2023-04-01 03:34:20,40.727894,-111.911148,1290.3,-9999.0,-9999.0,-9999.0,13.84,10.88,6.04,51.09,3.0,2.0,6.78,30.0,876.7,0.0,3.8,1.76,27.6,835.7,-9999.0,-9999.0,-9999.0,-9999.0,-9999.0,-9999.0,-9999.0,0.0,0,0,"time.struct_time(tm_year=2023, tm_mon=4, tm_mday=1, tm_hour=3, tm_min=34, tm_sec=20, tm_wday=5, tm_yday=91, tm_isdst=-1)",2023-04-01,2023,4,91,1,34
2023-04-01 03:36:50,40.734001,-111.916763,1291.5,-9999.0,-9999.0,-9999.0,13.84,10.82,5.84,50.05,4.0,2.0,6.72,29.0,876.9,0.0,12.9,1.76,27.5,836.5,-9999.0,-9999.0,-9999.0,-9999.0,-9999.0,-9999.0,-9999.0,0.0,0,0,"time.struct_time(tm_year=2023, tm_mon=4, tm_mday=1, tm_hour=3, tm_min=36, tm_sec=50, tm_wday=5, tm_yday=91, tm_isdst=-1)",2023-04-01,2023,4,91,1,36
2023-04-01 03:39:20,40.734001,-111.916763,1291.3,-9999.0,-9999.0,-9999.0,13.84,10.78,5.76,50.28,2.0,2.0,6.61,28.0,877.1,0.0,8.7,1.76,27.5,836.0,-9999.0,-9999.0,-9999.0,-9999.0,-9999.0,-9999.0,-9999.0,0.0,0,0,"time.struct_time(tm_year=2023, tm_mon=4, tm_mday=1, tm_hour=3, tm_min=39, tm_sec=20, tm_wday=5, tm_yday=91, tm_isdst=-1)",2023-04-01,2023,4,91,1,39
2023-04-01 03:41:50,40.734001,-111.916763,1291.2,-9999.0,-9999.0,-9999.0,13.84,10.74,5.74,50.52,2.0,2.0,6.5,28.0,877.1,0.0,8.9,1.76,27.4,836.6,-9999.0,-9999.0,-9999.0,-9999.0,-9999.0,-9999.0,-9999.0,0.0,0,0,"time.struct_time(tm_year=2023, tm_mon=4, tm_mday=1, tm_hour=3, tm_min=41, tm_sec=50, tm_wday=5, tm_yday=91, tm_isdst=-1)",2023-04-01,2023,4,91,1,41
2023-04-01 03:44:20,40.736488,-111.916817,1290.9,-9999.0,-9999.0,-9999.0,13.84,10.69,5.7,50.06,5.0,2.0,6.39,28.0,877.0,0.0,18.9,1.76,27.4,835.9,-9999.0,-9999.0,-9999.0,-9999.0,-9999.0,-9999.0,-9999.0,0.0,0,0,"time.struct_time(tm_year=2023, tm_mon=4, tm_mday=1, tm_hour=3, tm_min=44, tm_sec=20, tm_wday=5, tm_yday=91, tm_isdst=-1)",2023-04-01,2023,4,91,1,44
2023-04-01 03:46:50,40.751896,-111.916626,1289.4,-9999.0,-9999.0,-9999.0,13.84,10.62,5.6,51.31,4.0,2.0,6.39,28.0,877.1,0.0,15.0,1.76,27.3,836.6,-9999.0,-9999.0,-9999.0,-9999.0,-9999.0,-9999.0,-9999.0,0.0,0,1,"time.struct_time(tm_year=2023, tm_mon=4, tm_mday=1, tm_hour=3, tm_min=46, tm_sec=50, tm_wday=5, tm_yday=91, tm_isdst=-1)",2023-04-01,2023,4,91,1,46
2023-04-01 03:49:20,40.76062,-111.916565,1289.6,-9999.0,-9999.0,-9999.0,13.84,10.55,5.46,51.77,16.0,2.0,6.39,28.0,877.1,0.0,14.5,1.76,27.3,836.3,-9999.0,-9999.0,-9999.0,-9999.0,-9999.0,-9999.0,-9999.0,0.0,0,1,"time.struct_time(tm_year=2023, tm_mon=4, tm_mday=1, tm_hour=3, tm_min=49, tm_sec=20, tm_wday=5, tm_yday=91, tm_isdst=-1)",2023-04-01,2023,4,91,1,49
2023-04-01 03:51:50,40.760632,-111.902832,1290.3,-9999.0,-9999.0,-9999.0,13.84,10.47,5.68,49.64,4.0,2.0,6.5,28.0,876.8,0.0,13.2,1.76,27.2,836.5,-9999.0,-9999.0,-9999.0,-9999.0,-9999.0,-9999.0,-9999.0,0.0,0,1,"time.struct_time(tm_year=2023, tm_mon=4, tm_mday=1, tm_hour=3, tm_min=51, tm_sec=50, tm_wday=5, tm_yday=91, tm_isdst=-1)",2023-04-01,2023,4,91,1,51
2023-04-01 03:54:20,40.765022,-111.904701,1299.7,-9999.0,-9999.0,-9999.0,13.84,10.42,5.82,48.98,4.0,2.0,6.5,28.0,876.8,0.0,14.4,1.77,27.1,836.2,-9999.0,-9999.0,-9999.0,-9999.0,-9999.0,-9999.0,-9999.0,0.0,0,1,"time.struct_time(tm_year=2023, tm_mon=4, tm_mday=1, tm_hour=3, tm_min=54, tm_sec=20, tm_wday=5, tm_yday=91, tm_isdst=-1)",2023-04-01,2023,4,91,1,54
2023-04-01 03:56:50,40.763523,-111.909409,1294.0,-9999.0,-9999.0,-9999.0,13.84,10.38,5.8,48.44,6.0,2.0,6.61,28.0,876.9,0.0,12.2,1.77,27.1,836.5,-9999.0,-9999.0,-9999.0,-9999.0,-9999.0,-9999.0,-9999.0,0.0,0,1,"time.struct_time(tm_year=2023, tm_mon=4, tm_mday=1, tm_hour=3, tm_min=56, tm_sec=50, tm_wday=5, tm_yday=91, tm_isdst=-1)",2023-04-01,2023,4,91,1,56
2023-04-01 03:59:20,40.763523,-111.909401,1294.0,-9999.0,-9999.0,-9999.0,13.84,10.35,5.81,48.63,3.0,2.0,6.61,28.0,877.0,0.0,18.1,1.77,27.0,836.6,-9999.0,-9999.0,-9999.0,-9999.0,-9999.0,-9999.0,-9999.0,0.0,0,1,"time.struct_time(tm_year=2023, tm_mon=4, tm_mday=1, tm_hour=3, tm_min=59, tm_sec=20, tm_wday=5, tm_yday=91, tm_isdst=-1)",2023-04-01,2023,4,91,1,59
2023-04-01 04:01:50,40.763527,-111.909401,1294.0,-9999.0,-9999.0,-9999.0,13.84,10.31,5.76,49.1,3.0,2.0,6.61,28.0,876.9,0.0,15.9,1.76,27.0,836.5,-9999.0,-9999.0,-9999.0,-9999.0,-9999.0,-9999.0,-9999.0,0.0,0,1,"time.struct_time(tm_year=2023, tm_mon=4, tm_mday=1, tm_hour=4, tm_min=1, tm_sec=50, tm_wday=5, tm_yday=91, tm_isdst=-1)",2023-04-01,2023,4,91,1,1
2023-04-01 04:04:20,40.763531,-111.909401,1294.0,-9999.0,-9999.0,-9999.0,13.83,10.26,5.74,48.39,4.0,2.0,6.39,28.0,876.9,0.0,15.2,1.77,26.9,836.5,-9999.0,-9999.0,-9999.0,-9999.0,-9999.0,-9999.0,-9999.0,0.0,0,1,"time.struct_time(tm_year=2023, tm_mon=4, tm_mday=1, tm_hour=4, tm_min=4, tm_sec=20, tm_wday=5, tm_yday=91, tm_isdst=-1)",2023-04-01,2023,4,91,1,4
2023-04-01 04:08:00,40.764908,-111.905083,1294.0,-9999.0,-9999.0,-9999.0,13.84,10.18,5.66,48.47,3.0,2.0,6.28,28.0,876.6,0.0,21.9,1.76,26.9,836.1,-9999.0,-9999.0,-9999.0,-9999.0,-9999.0,-9999.0,-9999.0,0.0,0,1,"time.struct_time(tm_year=2023, tm_mon=4, tm_mday=1, tm_hour=4, tm_min=8, tm_sec=0, tm_wday=5, tm_yday=91, tm_isdst=-1)",2023-04-01,2023,4,91,1,8
2023-04-01 04:10:30,40.765015,-111.895798,1304.9,-9999.0,-9999.0,-9999.0,13.84,10.11,5.82,45.92,2.0,2.0,6.28,28.0,875.5,0.0,20.2,1.76,26.8,834.8,-9999.0,-9999.0,-9999.0,-9999.0,-9999.0,-9999.0,-9999.0,0.0,0,1,"time.struct_time(tm_year=2023, tm_mon=4, tm_mday=1, tm_hour=4, tm_min=10, tm_sec=30, tm_wday=5, tm_yday=91, tm_isdst=-1)",2023-04-01,2023,4,91,1,10
2023-04-01 04:13:00,40.764961,-111.888641,1313.3,-9999.0,-9999.0,-9999.0,13.88,10.07,5.96,48.6,11.0,2.0,6.28,28.0,875.1,0.0,14.5,1.76,26.8,834.7,-9999.0,-9999.0,-9999.0,-9999.0,-9999.0,-9999.0,-9999.0,0.0,0,0,"time.struct_time(tm_year=2023, tm_mon=4, tm_mday=1, tm_hour=4, tm_min=13, tm_sec=0, tm_wday=5, tm_yday=91, tm_isdst=-1)",2023-04-01,2023,4,91,1,13
2023-04-01 04:15:30,40.767136,-111.876709,1326.1,-9999.0,-9999.0,-9999.0,13.88,10.03,5.7,49.28,2.0,2.0,6.39,29.0,873.1,0.0,23.0,1.75,26.7,832.9,-9999.0,-9999.0,-9999.0,-9999.0,-9999.0,-9999.0,-9999.0,0.0,0,0,"time.struct_time(tm_year=2023, tm_mon=4, tm_mday=1, tm_hour=4, tm_min=15, tm_sec=30, tm_wday=5, tm_yday=91, tm_isdst=-1)",2023-04-01,2023,4,91,1,15
2023-04-01 04:18:00,40.765026,-111.865227,1343.5,-9999.0,-9999.0,-9999.0,13.88,9.99,5.06,52.53,1.0,2.0,6.28,29.0,871.4,0.0,22.3,1.77,26.7,831.2,-9999.0,-9999.0,-9999.0,-9999.0,-9999.0,-9999.0,-9999.0,0.0,0,0,"time.struct_time(tm_year=2023, tm_mon=4, tm_mday=1, tm_hour=4, tm_min=18, tm_sec=0, tm_wday=5, tm_yday=91, tm_isdst=-1)",2023-04-01,2023,4,91,1,18
2023-04-01 04:20:30,40.764973,-111.853485,1403.1,-9999.0,-9999.0,-9999.0,13.88,9.94,4.67,49.88,2.0,2.0,6.22,29.0,865.5,0.0,29.0,1.78,26.6,825.1,-9999.0,-9999.0,-9999.0,-9999.0,-9999.0,-9999.0,-9999.0,0.0,0,0,"time.struct_time(tm_year=2023, tm_mon=4, tm_mday=1, tm_hour=4, tm_min=20, tm_sec=30, tm_wday=5, tm_yday=91, tm_isdst=-1)",2023-04-01,2023,4,91,1,20
2023-04-01 04:23:00,40.760612,-111.853531,1402.9,-9999.0,-9999.0,-9999.0,13.88,9.88,4.68,47.61,7.0,2.0,6.0,28.0,865.7,0.0,36.0,1.77,26.6,825.4,-9999.0,-9999.0,-9999.0,-9999.0,-9999.0,-9999.0,-9999.0,0.0,0,0,"time.struct_time(tm_year=2023, tm_mon=4, tm_mday=1, tm_hour=4, tm_min=23, tm_sec=0, tm_wday=5, tm_yday=91, tm_isdst=-1)",2023-04-01,2023,4,91,1,23
2023-04-01 04:25:30,40.75222,-111.853912,1383.9,-9999.0,-9999.0,-9999.0,13.88,9.82,4.54,51.35,4.0,2.0,5.89,28.0,867.8,0.0,34.0,1.77,26.6,827.7,-9999.0,-9999.0,-9999.0,-9999.0,-9999.0,-9999.0,-9999.0,0.0,0,0,"time.struct_time(tm_year=2023, tm_mon=4, tm_mday=1, tm_hour=4, tm_min=25, tm_sec=30, tm_wday=5, tm_yday=91, tm_isdst=-1)",2023-04-01,2023,4,91,1,25
2023-04-01 04:28:00,40.747528,-111.859505,1339.8,-9999.0,-9999.0,-9999.0,13.87,9.76,4.33,54.98,1.0,2.0,5.78,28.0,872.7,0.0,25.9,1.76,26.5,831.7,-9999.0,-9999.0,-9999.0,-9999.0,-9999.0,-9999.0,-9999.0,0.0,0,0,"time.struct_time(tm_year=2023, tm_mon=4, tm_mday=1, tm_hour=4, tm_min=28, tm_sec=0, tm_wday=5, tm_yday=91, tm_isdst=-1)",2023-04-01,2023,4,91,1,28
2023-04-01 04:30:30,40.732964,-111.859612,1329.5,-9999.0,-9999.0,-9999.0,13.87,9.67,4.13,55.83,1.0,2.0,5.72,29.0,873.3,0.0,23.6,1.76,26.5,833.1,-9999.0,-9999.0,-9999.0,-9999.0,-9999.0,-9999.0,-9999.0,0.0,0,0,"time.struct_time(tm_year=2023, tm_mon=4, tm_mday=1, tm_hour=4, tm_min=30, tm_sec=30, tm_wday=5, tm_yday=91, tm_isdst=-1)",2023-04-01,2023,4,91,1,30
2023-04-01 04:33:00,40.725407,-111.860428,1337.5,-9999.0,-9999.0,-9999.0,13.88,9.58,3.91,58.06,2.0,2.0,5.5,30.0,873.4,0.0,19.0,1.76,26.4,833.0,-9999.0,-9999.0,-9999.0,-9999.0,-9999.0,-9999.0,-9999.0,0.0,0,0,"time.struct_time(tm_year=2023, tm_mon=4, tm_mday=1, tm_hour=4, tm_min=33, tm_sec=0, tm_wday=5, tm_yday=91, tm_isdst=-1)",2023-04-01,2023,4,91,1,33
2023-04-01 04:35:30,40.719749,-111.865379,1327.1,-9999.0,-9999.0,-9999.0,13.88,9.5,3.99,57.8,2.0,2.0,5.28,30.0,874.0,0.0,17.6,1.77,26.4,833.5,-9999.0,-9999.0,-9999.0,-9999.0,-9999.0,-9999.0,-9999.0,0.0,0,0,"time.struct_time(tm_year=2023, tm_mon=4, tm_mday=1, tm_hour=4, tm_min=35, tm_sec=30, tm_wday=5, tm_yday=91, tm_isdst=-1)",2023-04-01,2023,4,91,1,35
2023-04-01 04:38:00,40.712479,-111.85527,1343.3,-9999.0,-9999.0,-9999.0,13.88,9.39,3.65,59.8,2.0,2.0,5.28,30.0,871.4,0.0,17.5,1.77,26.3,831.1,-9999.0,-9999.0,-9999.0,-9999.0,-9999.0,-9999.0,-9999.0,0.0,0,0,"time.struct_time(tm_year=2023, tm_mon=4, tm_mday=1, tm_hour=4, tm_min=38, tm_sec=0, tm_wday=5, tm_yday=91, tm_isdst=-1)",2023-04-01,2023,4,91,1,38
2023-04-01 04:40:30,40.696575,-111.849579,1353.4,-9999.0,-9999.0,-9999.0,13.88,9.26,3.37,57.93,1.0,2.0,5.22,29.0,870.5,0.0,28.9,1.76,26.3,829.9,-9999.0,-9999.0,-9999.0,-9999.0,-9999.0,-9999.0,-9999.0,0.0,0,0,"time.struct_time(tm_year=2023, tm_mon=4, tm_mday=1, tm_hour=4, tm_min=40, tm_sec=30, tm_wday=5, tm_yday=91, tm_isdst=-1)",2023-04-01,2023,4,91,1,40
2023-04-01 04:43:00,40.680241,-111.842979,1341.1,-9999.0,-9999.0,-9999.0,13.88,9.15,3.43,57.8,1.0,2.0,5.11,29.0,871.9,0.0,28.4,1.77,26.2,831.4,-9999.0,-9999.0,-9999.0,-9999.0,-9999.0,-9999.0,-9999.0,0.0,0,0,"time.struct_time(tm_year=2023, tm_mon=4, tm_mday=1, tm_hour=4, tm_min=43, tm_sec=0, tm_wday=5, tm_yday=91, tm_isdst=-1)",2023-04-01,2023,4,91,1,43
2023-04-01 04:45:30,40.664238,-111.839066,1333.2,-9999.0,-9999.0,-9999.0,13.88,9.04,3.57,66.05,3.0,2.0,5.0,29.0,872.9,0.0,-1.4,1.76,26.1,832.5,-9999.0,-9999.0,-9999.0,-9999.0,-9999.0,-9999.0,-9999.0,0.0,0,0,"time.struct_time(tm_year=2023, tm_mon=4, tm_mday=1, tm_hour=4, tm_min=45, tm_sec=30, tm_wday=5, tm_yday=91, tm_isdst=-1)",2023-04-01,2023,4,91,1,45
2023-04-01 04:48:00,40.645145,-111.834961,1350.7,-9999.0,-9999.0,-9999.0,13.88,8.95,2.7,67.0,1.0,2.0,5.0,29.0,871.0,0.0,8.5,1.76,26.1,830.6,-9999.0,-9999.0,-9999.0,-9999.0,-9999.0,-9999.0,-9999.0,0.0,0,0,"time.struct_time(tm_year=2023, tm_mon=4, tm_mday=1, tm_hour=4, tm_min=48, tm_sec=0, tm_wday=5, tm_yday=91, tm_isdst=-1)",2023-04-01,2023,4,91,1,48
2023-04-01 04:50:30,40.630123,-111.834061,1369.0,-9999.0,-9999.0,-9999.0,13.88,8.83,2.6,61.92,3.0,2.0,4.72,29.0,869.2,0.0,10.6,1.77,26.0,828.7,-9999.0,-9999.0,-9999.0,-9999.0,-9999.0,-9999.0,-9999.0,0.0,0,0,"time.struct_time(tm_year=2023, tm_mon=4, tm_mday=1, tm_hour=4, tm_min=50, tm_sec=30, tm_wday=5, tm_yday=91, tm_isdst=-1)",2023-04-01,2023,4,91,1,50
2023-04-01 04:53:00,40.607784,-111.833092,1400.3,-9999.0,-9999.0,-9999.0,13.88,8.68,3.19,62.21,1.0,2.0,4.72,28.0,865.2,0.0,6.5,1.78,25.9,825.0,-9999.0,-9999.0,-9999.0,-9999.0,-9999.0,-9999.0,-9999.0,0.0,0,0,"time.struct_time(tm_year=2023, tm_mon=4, tm_mday=1, tm_hour=4, tm_min=53, tm_sec=0, tm_wday=5, tm_yday=91, tm_isdst=-1)",2023-04-01,2023,4,91,1,53
2023-04-01 04:55:30,40.586506,-111.834244,1457.9,-9999.0,-9999.0,-9999.0,13.91,8.53,3.04,52.96,1.0,2.0,4.72,27.0,859.4,0.0,37.9,1.8,25.8,819.3,-9999.0,-9999.0,-9999.0,-9999.0,-9999.0,-9999.0,-9999.0,0.0,0,0,"time.struct_time(tm_year=2023, tm_mon=4, tm_mday=1, tm_hour=4, tm_min=55, tm_sec=30, tm_wday=5, tm_yday=91, tm_isdst=-1)",2023-04-01,2023,4,91,1,55
2023-04-01 04:58:00,40.578831,-111.833069,1471.8,-9999.0,-9999.0,-9999.0,13.91,8.44,3.08,51.98,6.0,2.0,4.72,26.0,858.4,0.0,20.3,1.79,25.8,818.4,-9999.0,-9999.0,-9999.0,-9999.0,-9999.0,-9999.0,-9999.0,0.0,0,0,"time.struct_time(tm_year=2023, tm_mon=4, tm_mday=1, tm_hour=4, tm_min=58, tm_sec=0, tm_wday=5, tm_yday=91, tm_isdst=-1)",2023-04-01,2023,4,91,1,58
2023-04-01 05:00:30,40.578831,-111.833069,1471.5,-9999.0,-9999.0,-9999.0,13.91,8.41,3.02,52.47,2.0,2.0,4.61,27.0,858.2,0.0,19.1,1.8,25.7,818.4,-9999.0,-9999.0,-9999.0,-9999.0,-9999.0,-9999.0,-9999.0,0.0,0,0,"time.struct_time(tm_year=2023, tm_mon=4, tm_mday=1, tm_hour=5, tm_min=0, tm_sec=30, tm_wday=5, tm_yday=91, tm_isdst=-1)",2023-04-01,2023,4,91,1,0
2023-04-01 05:03:00,40.578827,-111.833076,1471.0,-9999.0,-9999.0,-9999.0,13.91,8.38,2.96,51.14,2.0,2.0,4.39,26.0,858.2,0.0,19.0,1.8,25.6,818.4,-9999.0,-9999.0,-9999.0,-9999.0,-9999.0,-9999.0,-9999.0,0.0,0,0,"time.struct_time(tm_year=2023, tm_mon=4, tm_mday=1, tm_hour=5, tm_min=3, tm_sec=0, tm_wday=5, tm_yday=91, tm_isdst=-1)",2023-04-01,2023,4,91,1,3
2023-04-01 05:05:30,40.578827,-111.833076,1470.5,-9999.0,-9999.0,-9999.0,13.91,8.32,2.88,53.54,2.0,2.0,4.22,27.0,858.2,0.0,13.4,1.79,25.5,818.4,-9999.0,-9999.0,-9999.0,-9999.0,-9999.0,-9999.0,-9999.0,0.0,0,0,"time.struct_time(tm_year=2023, tm_mon=4, tm_mday=1, tm_hour=5, tm_min=5, tm_sec=30, tm_wday=5, tm_yday=91, tm_isdst=-1)",2023-04-01,2023,4,91,1,5
2023-04-01 05:09:10,40.578823,-111.833076,1470.0,-9999.0,-9999.0,-9999.0,13.92,8.22,2.7,54.61,1.0,2.0,4.11,27.0,858.3,0.0,25.7,1.79,25.4,818.4,-9999.0,-9999.0,-9999.0,-9999.0,-9999.0,-9999.0,-9999.0,0.0,0,0,"time.struct_time(tm_year=2023, tm_mon=4, tm_mday=1, tm_hour=5, tm_min=9, tm_sec=10, tm_wday=5, tm_yday=91, tm_isdst=-1)",2023-04-01,2023,4,91,1,9
2023-04-01 05:11:40,40.578819,-111.833076,1469.6,-9999.0,-9999.0,-9999.0,13.91,8.14,2.6,54.37,1.0,2.0,4.0,27.0,858.1,0.0,25.8,1.79,25.3,818.3,-9999.0,-9999.0,-9999.0,-9999.0,-9999.0,-9999.0,-9999.0,0.0,0,0,"time.struct_time(tm_year=2023, tm_mon=4, tm_mday=1, tm_hour=5, tm_min=11, tm_sec=40, tm_wday=5, tm_yday=91, tm_isdst=-1)",2023-04-01,2023,4,91,1,11
2023-04-01 05:14:10,40.578815,-111.833076,1469.2,-9999.0,-9999.0,-9999.0,13.91,8.05,2.46,53.56,1.0,2.0,3.78,27.0,858.1,0.0,24.4,1.79,25.3,818.3,-9999.0,-9999.0,-9999.0,-9999.0,-9999.0,-9999.0,-9999.0,0.0,0,0,"time.struct_time(tm_year=2023, tm_mon=4, tm_mday=1, tm_hour=5, tm_min=14, tm_sec=10, tm_wday=5, tm_yday=91, tm_isdst=-1)",2023-04-01,2023,4,91,1,14
2023-04-01 05:16:40,40.578815,-111.833076,1469.0,-9999.0,-9999.0,-9999.0,13.91,7.96,2.44,53.1,1.0,2.0,3.72,27.0,858.1,0.0,27.8,1.78,25.2,818.3,-9999.0,-9999.0,-9999.0,-9999.0,-9999.0,-9999.0,-9999.0,0.0,0,0,"time.struct_time(tm_year=2023, tm_mon=4, tm_mday=1, tm_hour=5, tm_min=16, tm_sec=40, tm_wday=5, tm_yday=91, tm_isdst=-1)",2023-04-01,2023,4,91,1,16
2023-04-01 05:19:10,40.578812,-111.833076,1468.7,-9999.0,-9999.0,-9999.0,13.91,7.88,2.42,54.45,1.0,2.0,3.61,27.0,858.1,0.0,15.2,1.78,25.1,818.4,-9999.0,-9999.0,-9999.0,-9999.0,-9999.0,-9999.0,-9999.0,0.0,0,0,"time.struct_time(tm_year=2023, tm_mon=4, tm_mday=1, tm_hour=5, tm_min=19, tm_sec=10, tm_wday=5, tm_yday=91, tm_isdst=-1)",2023-04-01,2023,4,91,1,19
2023-04-01 05:21:40,40.579559,-111.833923,1467.8,-9999.0,-9999.0,-9999.0,13.91,7.8,2.4,52.98,2.0,2.0,3.5,28.0,858.5,0.0,26.7,1.79,25.1,818.5,-9999.0,-9999.0,-9999.0,-9999.0,-9999.0,-9999.0,-9999.0,0.0,0,0,"time.struct_time(tm_year=2023, tm_mon=4, tm_mday=1, tm_hour=5, tm_min=21, tm_sec=40, tm_wday=5, tm_yday=91, tm_isdst=-1)",2023-04-01,2023,4,91,1,21
2023-04-01 05:24:10,40.600056,-111.832069,1425.4,-9999.0,-9999.0,-9999.0,13.91,7.68,2.74,56.55,2.0,2.0,3.61,28.0,862.7,0.0,21.5,1.78,25.0,821.8,-9999.0,-9999.0,-9999.0,-9999.0,-9999.0,-9999.0,-9999.0,0.0,0,0,"time.struct_time(tm_year=2023, tm_mon=4, tm_mday=1, tm_hour=5, tm_min=24, tm_sec=10, tm_wday=5, tm_yday=91, tm_isdst=-1)",2023-04-01,2023,4,91,1,24
2023-04-01 05:26:40,40.622215,-111.834198,1384.6,-9999.0,-9999.0,-9999.0,13.91,7.55,2.46,57.04,1.0,2.0,3.72,29.0,866.6,0.0,28.8,1.78,25.0,826.4,-9999.0,-9999.0,-9999.0,-9999.0,-9999.0,-9999.0,-9999.0,0.0,0,0,"time.struct_time(tm_year=2023, tm_mon=4, tm_mday=1, tm_hour=5, tm_min=26, tm_sec=40, tm_wday=5, tm_yday=91, tm_isdst=-1)",2023-04-01,2023,4,91,1,26
2023-04-01 05:29:10,40.630878,-111.849632,1338.7,-9999.0,-9999.0,-9999.0,13.91,7.47,2.6,60.54,1.0,2.0,3.61,30.0,871.1,0.0,17.6,1.76,24.9,830.0,-9999.0,-9999.0,-9999.0,-9999.0,-9999.0,-9999.0,-9999.0,0.0,0,0,"time.struct_time(tm_year=2023, tm_mon=4, tm_mday=1, tm_hour=5, tm_min=29, tm_sec=10, tm_wday=5, tm_yday=91, tm_isdst=-1)",2023-04-01,2023,4,91,1,29
2023-04-01 05:31:40,40.635319,-111.89975,1307.0,-9999.0,-9999.0,-9999.0,13.91,7.33,3.09,59.17,4.0,2.0,3.72,31.0,873.5,0.0,7.7,1.76,24.8,832.9,-9999.0,-9999.0,-9999.0,-9999.0,-9999.0,-9999.0,-9999.0,0.0,0,0,"time.struct_time(tm_year=2023, tm_mon=4, tm_mday=1, tm_hour=5, tm_min=31, tm_sec=40, tm_wday=5, tm_yday=91, tm_isdst=-1)",2023-04-01,2023,4,91,1,31
2023-04-01 05:34:10,40.670746,-111.901199,1297.5,-9999.0,-9999.0,-9999.0,13.91,7.22,3.76,56.03,4.0,2.0,3.78,31.0,874.4,0.0,12.1,1.75,24.8,833.7,-9999.0,-9999.0,-9999.0,-9999.0,-9999.0,-9999.0,-9999.0,0.0,0,0,"time.struct_time(tm_year=2023, tm_mon=4, tm_mday=1, tm_hour=5, tm_min=34, tm_sec=10, tm_wday=5, tm_yday=91, tm_isdst=-1)",2023-04-01,2023,4,91,1,34
2023-04-01 05:36:40,40.709835,-111.903717,1289.9,-9999.0,-9999.0,-9999.0,13.91,7.19,3.97,54.88,2.0,2.0,3.89,31.0,875.4,0.0,21.6,1.76,24.7,835.1,-9999.0,-9999.0,-9999.0,-9999.0,-9999.0,-9999.0,-9999.0,0.0,0,1,"time.struct_time(tm_year=2023, tm_mon=4, tm_mday=1, tm_hour=5, tm_min=36, tm_sec=40, tm_wday=5, tm_yday=91, tm_isdst=-1)",2023-04-01,2023,4,91,1,36
2023-04-01 05:39:10,40.748371,-111.907768,1296.3,-9999.0,-9999.0,-9999.0,13.91,7.19,4.29,50.62,2.0,2.0,4.11,30.0,874.8,0.0,28.0,1.76,24.6,833.9,-9999.0,-9999.0,-9999.0,-9999.0,-9999.0,-9999.0,-9999.0,0.0,0,1,"time.struct_time(tm_year=2023, tm_mon=4, tm_mday=1, tm_hour=5, tm_min=39, tm_sec=10, tm_wday=5, tm_yday=91, tm_isdst=-1)",2023-04-01,2023,4,91,1,39
2023-04-01 05:41:40,40.760624,-111.902855,1285.1,-9999.0,-9999.0,-9999.0,13.91,7.25,4.45,53.3,5.0,2.0,4.28,29.0,876.9,0.0,11.6,1.75,24.6,836.5,-9999.0,-9999.0,-9999.0,-9999.0,-9999.0,-9999.0,-9999.0,0.0,0,1,"time.struct_time(tm_year=2023, tm_mon=4, tm_mday=1, tm_hour=5, tm_min=41, tm_sec=40, tm_wday=5, tm_yday=91, tm_isdst=-1)",2023-04-01,2023,4,91,1,41
2023-04-01 05:44:10,40.765797,-111.908997,1292.7,-9999.0,-9999.0,-9999.0,13.91,7.36,4.49,51.97,4.0,2.0,4.5,29.0,876.9,0.0,14.1,1.74,24.5,836.1,-9999.0,-9999.0,-9999.0,-9999.0,-9999.0,-9999.0,-9999.0,0.0,0,1,"time.struct_time(tm_year=2023, tm_mon=4, tm_mday=1, tm_hour=5, tm_min=44, tm_sec=10, tm_wday=5, tm_yday=91, tm_isdst=-1)",2023-04-01,2023,4,91,1,44
2023-04-01 05:46:40,40.765705,-111.909973,1290.5,-9999.0,-9999.0,-9999.0,13.91,7.48,4.59,51.81,6.0,2.0,4.72,28.0,877.2,0.0,13.8,1.75,24.5,836.7,-9999.0,-9999.0,-9999.0,-9999.0,-9999.0,-9999.0,-9999.0,0.0,0,0,"time.struct_time(tm_year=2023, tm_mon=4, tm_mday=1, tm_hour=5, tm_min=46, tm_sec=40, tm_wday=5, tm_yday=91, tm_isdst=-1)",2023-04-01,2023,4,91,1,46
2023-04-01 05:49:10,40.765743,-111.909935,1286.1,-9999.0,-9999.0,-9999.0,13.91,7.58,4.57,52.45,3.0,2.0,4.89,28.0,877.0,0.0,8.3,1.75,24.5,836.2,-9999.0,-9999.0,-9999.0,-9999.0,-9999.0,-9999.0,-9999.0,0.0,0,0,"time.struct_time(tm_year=2023, tm_mon=4, tm_mday=1, tm_hour=5, tm_min=49, tm_sec=10, tm_wday=5, tm_yday=91, tm_isdst=-1)",2023-04-01,2023,4,91,1,49
2023-04-01 05:51:40,40.765743,-111.909935,1285.5,-9999.0,-9999.0,-9999.0,13.91,7.67,4.44,53.74,2.0,2.0,5.0,28.0,877.1,0.0,10.7,1.75,24.4,836.9,-9999.0,-9999.0,-9999.0,-9999.0,-9999.0,-9999.0,-9999.0,0.0,0,0,"time.struct_time(tm_year=2023, tm_mon=4, tm_mday=1, tm_hour=5, tm_min=51, tm_sec=40, tm_wday=5, tm_yday=91, tm_isdst=-1)",2023-04-01,2023,4,91,1,51
2023-04-01 05:54:10,40.765732,-111.909935,1284.4,-9999.0,-9999.0,-9999.0,13.91,7.76,4.39,53.72,3.0,2.0,5.22,29.0,877.0,0.0,3.5,1.76,24.4,836.3,-9999.0,-9999.0,-9999.0,-9999.0,-9999.0,-9999.0,-9999.0,0.0,0,0,"time.struct_time(tm_year=2023, tm_mon=4, tm_mday=1, tm_hour=5, tm_min=54, tm_sec=10, tm_wday=5, tm_yday=91, tm_isdst=-1)",2023-04-01,2023,4,91,1,54
2023-04-01 05:56:40,40.765728,-111.909943,1283.6,-9999.0,-9999.0,-9999.0,13.91,7.85,4.37,54.1,4.0,2.0,5.39,29.0,877.1,0.0,6.5,1.75,24.4,836.8,-9999.0,-9999.0,-9999.0,-9999.0,-9999.0,-9999.0,-9999.0,0.0,0,0,"time.struct_time(tm_year=2023, tm_mon=4, tm_mday=1, tm_hour=5, tm_min=56, tm_sec=40, tm_wday=5, tm_yday=91, tm_isdst=-1)",2023-04-01,2023,4,91,1,56
2023-04-01 05:59:10,40.765728,-111.90995,1282.9,-9999.0,-9999.0,-9999.0,13.91,7.94,4.33,54.78,3.0,2.0,5.5,29.0,877.2,0.0,4.4,1.75,24.4,836.3,-9999.0,-9999.0,-9999.0,-9999.0,-9999.0,-9999.0,-9999.0,0.0,0,0,"time.struct_time(tm_year=2023, tm_mon=4, tm_mday=1, tm_hour=5, tm_min=59, tm_sec=10, tm_wday=5, tm_yday=91, tm_isdst=-1)",2023-04-01,2023,4,91,1,59
2023-04-01 06:01:40,40.765724,-111.909958,1282.4,-9999.0,-9999.0,-9999.0,13.91,8.03,4.37,55.35,3.0,2.0,5.72,29.0,877.1,0.0,0.8,1.75,24.5,836.8,-9999.0,-9999.0,-9999.0,-9999.0,-9999.0,-9999.0,-9999.0,0.0,0,0,"time.struct_time(tm_year=2023, tm_mon=4, tm_mday=1, tm_hour=6, tm_min=1, tm_sec=40, tm_wday=5, tm_yday=91, tm_isdst=-1)",2023-04-01,2023,4,91,1,1
2023-04-01 06:04:10,40.765709,-111.909477,1285.8,-9999.0,-9999.0,-9999.0,13.91,8.13,4.44,55.34,7.0,2.0,5.78,30.0,877.1,0.0,-0.5,1.75,24.5,836.1,-9999.0,-9999.0,-9999.0,-9999.0,-9999.0,-9999.0,-9999.0,0.0,0,0,"time.struct_time(tm_year=2023, tm_mon=4, tm_mday=1, tm_hour=6, tm_min=4, tm_sec=10, tm_wday=5, tm_yday=91, tm_isdst=-1)",2023-04-01,2023,4,91,1,4
2023-04-01 06:06:40,40.765644,-111.909828,1288.0,-9999.0,-9999.0,-9999.0,13.91,8.22,6.41,50.38,4.0,2.0,5.89,31.0,877.2,0.0,-0.4,1.75,24.5,836.7,-9999.0,-9999.0,-9999.0,-9999.0,-9999.0,-9999.0,-9999.0,0.0,0,0,"time.struct_time(tm_year=2023, tm_mon=4, tm_mday=1, tm_hour=6, tm_min=6, tm_sec=40, tm_wday=5, tm_yday=91, tm_isdst=-1)",2023-04-01,2023,4,91,1,6
2023-04-01 06:10:20,40.765652,-111.909828,1287.6,-9999.0,-9999.0,-9999.0,13.88,8.43,8.91,43.79,6.0,2.0,6.61,32.0,877.1,0.0,-0.9,1.75,24.6,836.7,-9999.0,-9999.0,-9999.0,-9999.0,-9999.0,-9999.0,-9999.0,0.0,0,0,"time.struct_time(tm_year=2023, tm_mon=4, tm_mday=1, tm_hour=6, tm_min=10, tm_sec=20, tm_wday=5, tm_yday=91, tm_isdst=-1)",2023-04-01,2023,4,91,1,10
2023-04-01 06:12:50,40.76569,-111.909935,1285.5,-9999.0,-9999.0,-9999.0,13.88,8.65,10.02,37.94,17.0,2.0,7.11,31.0,877.1,0.0,4.6,1.75,24.6,836.1,-9999.0,-9999.0,-9999.0,-9999.0,-9999.0,-9999.0,-9999.0,0.0,0,0,"time.struct_time(tm_year=2023, tm_mon=4, tm_mday=1, tm_hour=6, tm_min=12, tm_sec=50, tm_wday=5, tm_yday=91, tm_isdst=-1)",2023-04-01,2023,4,91,1,12
2023-04-01 06:15:20,40.76569,-111.909935,1285.5,-9999.0,-9999.0,-9999.0,13.88,8.91,9.46,39.63,4.0,2.0,7.5,30.0,877.0,0.0,-0.3,1.75,24.7,836.8,-9999.0,-9999.0,-9999.0,-9999.0,-9999.0,-9999.0,-9999.0,0.0,0,0,"time.struct_time(tm_year=2023, tm_mon=4, tm_mday=1, tm_hour=6, tm_min=15, tm_sec=20, tm_wday=5, tm_yday=91, tm_isdst=-1)",2023-04-01,2023,4,91,1,15
2023-04-01 06:17:50,40.765694,-111.909943,1284.8,-9999.0,-9999.0,-9999.0,13.87,9.16,8.7,41.58,5.0,2.0,7.72,29.0,877.0,0.0,1.5,1.75,24.8,836.2,-9999.0,-9999.0,-9999.0,-9999.0,-9999.0,-9999.0,-9999.0,0.0,0,0,"time.struct_time(tm_year=2023, tm_mon=4, tm_mday=1, tm_hour=6, tm_min=17, tm_sec=50, tm_wday=5, tm_yday=91, tm_isdst=-1)",2023-04-01,2023,4,91,1,17
2023-04-01 06:20:20,40.76569,-111.90995,1284.8,-9999.0,-9999.0,-9999.0,13.88,9.39,7.99,43.61,4.0,2.0,7.89,28.0,876.9,0.0,2.8,1.75,24.9,836.7,-9999.0,-9999.0,-9999.0,-9999.0,-9999.0,-9999.0,-9999.0,0.0,0,0,"time.struct_time(tm_year=2023, tm_mon=4, tm_mday=1, tm_hour=6, tm_min=20, tm_sec=20, tm_wday=5, tm_yday=91, tm_isdst=-1)",2023-04-01,2023,4,91,1,20
2023-04-01 06:22:50,40.765694,-111.909966,1285.3,-9999.0,-9999.0,-9999.0,13.88,9.59,7.41,45.24,3.0,2.0,8.11,28.0,877.0,0.0,1.9,1.74,25.0,836.2,-9999.0,-9999.0,-9999.0,-9999.0,-9999.0,-9999.0,-9999.0,0.0,0,0,"time.struct_time(tm_year=2023, tm_mon=4, tm_mday=1, tm_hour=6, tm_min=22, tm_sec=50, tm_wday=5, tm_yday=91, tm_isdst=-1)",2023-04-01,2023,4,91,1,22
2023-04-01 06:25:20,40.765697,-111.909973,1285.8,-9999.0,-9999.0,-9999.0,13.88,9.76,6.87,47.11,5.0,2.0,8.22,28.0,877.0,0.0,1.8,1.75,25.1,836.8,-9999.0,-9999.0,-9999.0,-9999.0,-9999.0,-9999.0,-9999.0,0.0,0,0,"time.struct_time(tm_year=2023, tm_mon=4, tm_mday=1, tm_hour=6, tm_min=25, tm_sec=20, tm_wday=5, tm_yday=91, tm_isdst=-1)",2023-04-01,2023,4,91,1,25
2023-04-01 06:27:50,40.765701,-111.909981,1285.4,-9999.0,-9999.0,-9999.0,13.88,9.91,6.57,47.87,4.0,2.0,8.22,28.0,876.9,0.0,3.3,1.75,25.3,836.2,-9999.0,-9999.0,-9999.0,-9999.0,-9999.0,-9999.0,-9999.0,0.0,0,0,"time.struct_time(tm_year=2023, tm_mon=4, tm_mday=1, tm_hour=6, tm_min=27, tm_sec=50, tm_wday=5, tm_yday=91, tm_isdst=-1)",2023-04-01,2023,4,91,1,27
2023-04-01 06:30:20,40.765697,-111.909988,1284.6,-9999.0,-9999.0,-9999.0,13.88,10.04,6.29,49.26,4.0,2.0,8.28,28.0,877.1,0.0,3.5,1.74,25.4,836.7,-9999.0,-9999.0,-9999.0,-9999.0,-9999.0,-9999.0,-9999.0,0.0,0,0,"time.struct_time(tm_year=2023, tm_mon=4, tm_mday=1, tm_hour=6, tm_min=30, tm_sec=20, tm_wday=5, tm_yday=91, tm_isdst=-1)",2023-04-01,2023,4,91,1,30
2023-04-01 06:32:50,40.765694,-111.909988,1284.2,-9999.0,-9999.0,-9999.0,13.84,10.16,6.08,49.56,5.0,2.0,8.39,28.0,877.0,0.0,4.3,1.76,25.5,836.2,-9999.0,-9999.0,-9999.0,-9999.0,-9999.0,-9999.0,-9999.0,0.0,0,0,"time.struct_time(tm_year=2023, tm_mon=4, tm_mday=1, tm_hour=6, tm_min=32, tm_sec=50, tm_wday=5, tm_yday=91, tm_isdst=-1)",2023-04-01,2023,4,91,1,32
2023-04-01 06:35:20,40.765694,-111.909996,1283.9,-9999.0,-9999.0,-9999.0,13.84,10.26,5.86,49.57,3.0,2.0,8.39,28.0,876.9,0.0,3.0,1.76,25.6,836.5,-9999.0,-9999.0,-9999.0,-9999.0,-9999.0,-9999.0,-9999.0,0.0,0,0,"time.struct_time(tm_year=2023, tm_mon=4, tm_mday=1, tm_hour=6, tm_min=35, tm_sec=20, tm_wday=5, tm_yday=91, tm_isdst=-1)",2023-04-01,2023,4,91,1,35
2023-04-01 06:37:50,40.765678,-111.909996,1283.5,-9999.0,-9999.0,-9999.0,13.84,10.35,5.78,49.22,3.0,2.0,8.39,28.0,876.8,0.0,3.6,1.75,25.7,836.0,-9999.0,-9999.0,-9999.0,-9999.0,-9999.0,-9999.0,-9999.0,0.0,0,0,"time.struct_time(tm_year=2023, tm_mon=4, tm_mday=1, tm_hour=6, tm_min=37, tm_sec=50, tm_wday=5, tm_yday=91, tm_isdst=-1)",2023-04-01,2023,4,91,1,37
2023-04-01 06:40:20,40.765675,-111.909988,1282.1,-9999.0,-9999.0,-9999.0,13.84,10.43,5.78,49.19,3.0,2.0,8.5,28.0,876.9,0.0,11.3,1.75,25.8,836.5,-9999.0,-9999.0,-9999.0,-9999.0,-9999.0,-9999.0,-9999.0,0.0,0,0,"time.struct_time(tm_year=2023, tm_mon=4, tm_mday=1, tm_hour=6, tm_min=40, tm_sec=20, tm_wday=5, tm_yday=91, tm_isdst=-1)",2023-04-01,2023,4,91,1,40
2023-04-01 06:42:50,40.765675,-111.909988,1281.0,-9999.0,-9999.0,-9999.0,13.84,10.51,5.86,48.36,2.0,2.0,8.39,27.0,876.9,0.0,10.2,1.77,25.9,836.1,-9999.0,-9999.0,-9999.0,-9999.0,-9999.0,-9999.0,-9999.0,0.0,0,0,"time.struct_time(tm_year=2023, tm_mon=4, tm_mday=1, tm_hour=6, tm_min=42, tm_sec=50, tm_wday=5, tm_yday=91, tm_isdst=-1)",2023-04-01,2023,4,91,1,42
2023-04-01 06:45:20,40.765678,-111.909988,1280.5,-9999.0,-9999.0,-9999.0,13.84,10.58,5.84,47.97,3.0,2.0,8.39,27.0,876.8,0.0,11.3,1.76,26.0,836.5,-9999.0,-9999.0,-9999.0,-9999.0,-9999.0,-9999.0,-9999.0,0.0,0,0,"time.struct_time(tm_year=2023, tm_mon=4, tm_mday=1, tm_hour=6, tm_min=45, tm_sec=20, tm_wday=5, tm_yday=91, tm_isdst=-1)",2023-04-01,2023,4,91,1,45
2023-04-01 06:47:50,40.765675,-111.909996,1280.3,-9999.0,-9999.0,-9999.0,13.84,10.65,5.92,46.87,2.0,2.0,8.39,27.0,876.8,0.0,13.8,1.76,26.1,836.1,-9999.0,-9999.0,-9999.0,-9999.0,-9999.0,-9999.0,-9999.0,0.0,0,0,"time.struct_time(tm_year=2023, tm_mon=4, tm_mday=1, tm_hour=6, tm_min=47, tm_sec=50, tm_wday=5, tm_yday=91, tm_isdst=-1)",2023-04-01,2023,4,91,1,47
2023-04-01 06:50:20,40.765766,-111.909538,1290.9,-9999.0,-9999.0,-9999.0,13.84,10.71,5.98,46.79,7.0,2.0,8.39,27.0,876.8,0.0,25.5,1.76,26.2,836.4,-9999.0,-9999.0,-9999.0,-9999.0,-9999.0,-9999.0,-9999.0,0.0,0,0,"time.struct_time(tm_year=2023, tm_mon=4, tm_mday=1, tm_hour=6, tm_min=50, tm_sec=20, tm_wday=5, tm_yday=91, tm_isdst=-1)",2023-04-01,2023,4,91,1,50
2023-04-01 06:52:50,40.765823,-111.909599,1290.4,-9999.0,-9999.0,-9999.0,13.84,10.76,5.86,46.32,3.0,2.0,8.28,27.0,876.6,0.0,21.8,1.76,26.3,835.9,-9999.0,-9999.0,-9999.0,-9999.0,-9999.0,-9999.0,-9999.0,0.0,0,0,"time.struct_time(tm_year=2023, tm_mon=4, tm_mday=1, tm_hour=6, tm_min=52, tm_sec=50, tm_wday=5, tm_yday=91, tm_isdst=-1)",2023-04-01,2023,4,91,1,52
2023-04-01 06:55:20,40.765827,-111.90963,1290.1,-9999.0,-9999.0,-9999.0,13.84,10.8,5.88,46.77,3.0,2.0,8.22,27.0,876.6,0.0,16.8,1.77,26.4,836.3,-9999.0,-9999.0,-9999.0,-9999.0,-9999.0,-9999.0,-9999.0,0.0,0,0,"time.struct_time(tm_year=2023, tm_mon=4, tm_mday=1, tm_hour=6, tm_min=55, tm_sec=20, tm_wday=5, tm_yday=91, tm_isdst=-1)",2023-04-01,2023,4,91,1,55
2023-04-01 06:57:50,40.765869,-111.909599,1290.8,-9999.0,-9999.0,-9999.0,13.84,10.84,5.99,45.93,3.0,2.0,8.11,27.0,876.6,0.0,20.2,1.76,26.5,835.9,-9999.0,-9999.0,-9999.0,-9999.0,-9999.0,-9999.0,-9999.0,0.0,0,0,"time.struct_time(tm_year=2023, tm_mon=4, tm_mday=1, tm_hour=6, tm_min=57, tm_sec=50, tm_wday=5, tm_yday=91, tm_isdst=-1)",2023-04-01,2023,4,91,1,57
2023-04-01 07:00:20,40.765846,-111.909737,1289.1,-9999.0,-9999.0,-9999.0,13.84,10.88,6.08,45.87,3.0,2.0,8.11,27.0,876.6,0.0,16.3,1.76,26.6,836.2,-9999.0,-9999.0,-9999.0,-9999.0,-9999.0,-9999.0,-9999.0,0.0,0,0,"time.struct_time(tm_year=2023, tm_mon=4, tm_mday=1, tm_hour=7, tm_min=0, tm_sec=20, tm_wday=5, tm_yday=91, tm_isdst=-1)",2023-04-01,2023,4,91,1,0
2023-04-01 07:02:50,40.76582,-111.90976,1288.3,-9999.0,-9999.0,-9999.0,13.84,10.92,6.2,46.78,3.0,2.0,8.11,28.0,876.6,0.0,10.6,1.76,26.6,835.8,-9999.0,-9999.0,-9999.0,-9999.0,-9999.0,-9999.0,-9999.0,0.0,0,0,"time.struct_time(tm_year=2023, tm_mon=4, tm_mday=1, tm_hour=7, tm_min=2, tm_sec=50, tm_wday=5, tm_yday=91, tm_isdst=-1)",2023-04-01,2023,4,91,1,2
2023-04-01 07:05:20,40.76582,-111.90976,1288.2,-9999.0,-9999.0,-9999.0,13.84,10.96,6.27,47.14,2.0,2.0,8.0,28.0,876.6,0.0,15.4,1.76,26.7,836.2,-9999.0,-9999.0,-9999.0,-9999.0,-9999.0,-9999.0,-9999.0,0.0,0,0,"time.struct_time(tm_year=2023, tm_mon=4, tm_mday=1, tm_hour=7, tm_min=5, tm_sec=20, tm_wday=5, tm_yday=91, tm_isdst=-1)",2023-04-01,2023,4,91,1,5
2023-04-01 07:07:50,40.765812,-111.90976,1287.4,-9999.0,-9999.0,-9999.0,13.84,11.0,6.46,46.24,5.0,2.0,8.11,28.0,876.6,0.0,13.8,1.76,26.8,835.8,-9999.0,-9999.0,-9999.0,-9999.0,-9999.0,-9999.0,-9999.0,0.0,0,0,"time.struct_time(tm_year=2023, tm_mon=4, tm_mday=1, tm_hour=7, tm_min=7, tm_sec=50, tm_wday=5, tm_yday=91, tm_isdst=-1)",2023-04-01,2023,4,91,1,7
2023-04-01 07:11:30,40.765831,-111.909752,1286.2,-9999.0,-9999.0,-9999.0,13.84,11.05,6.67,46.45,3.0,2.0,8.0,28.0,876.3,0.0,6.5,1.77,26.8,835.8,-9999.0,-9999.0,-9999.0,-9999.0,-9999.0,-9999.0,-9999.0,0.0,0,0,"time.struct_time(tm_year=2023, tm_mon=4, tm_mday=1, tm_hour=7, tm_min=11, tm_sec=30, tm_wday=5, tm_yday=91, tm_isdst=-1)",2023-04-01,2023,4,91,1,11
2023-04-01 07:14:00,40.765839,-111.909737,1285.1,-9999.0,-9999.0,-9999.0,13.84,11.09,6.6,44.94,3.0,2.0,7.89,28.0,876.4,0.0,16.8,1.77,26.9,836.2,-9999.0,-9999.0,-9999.0,-9999.0,-9999.0,-9999.0,-9999.0,0.0,0,0,"time.struct_time(tm_year=2023, tm_mon=4, tm_mday=1, tm_hour=7, tm_min=14, tm_sec=0, tm_wday=5, tm_yday=91, tm_isdst=-1)",2023-04-01,2023,4,91,1,14
2023-04-01 07:16:30,40.765839,-111.909737,1284.0,-9999.0,-9999.0,-9999.0,13.84,11.12,6.5,45.12,3.0,2.0,7.89,28.0,876.6,0.0,10.3,1.76,27.0,835.7,-9999.0,-9999.0,-9999.0,-9999.0,-9999.0,-9999.0,-9999.0,0.0,0,0,"time.struct_time(tm_year=2023, tm_mon=4, tm_mday=1, tm_hour=7, tm_min=16, tm_sec=30, tm_wday=5, tm_yday=91, tm_isdst=-1)",2023-04-01,2023,4,91,1,16
2023-04-01 07:19:00,40.765831,-111.909744,1283.4,-9999.0,-9999.0,-9999.0,13.84,11.16,6.45,46.18,2.0,2.0,7.89,28.0,876.4,0.0,18.4,1.77,27.0,836.0,-9999.0,-9999.0,-9999.0,-9999.0,-9999.0,-9999.0,-9999.0,0.0,0,0,"time.struct_time(tm_year=2023, tm_mon=4, tm_mday=1, tm_hour=7, tm_min=19, tm_sec=0, tm_wday=5, tm_yday=91, tm_isdst=-1)",2023-04-01,2023,4,91,1,19
2023-04-01 07:21:30,40.765823,-111.909744,1283.2,-9999.0,-9999.0,-9999.0,13.84,11.21,6.49,45.68,3.0,2.0,8.0,28.0,876.6,0.0,14.7,1.76,27.1,835.7,-9999.0,-9999.0,-9999.0,-9999.0,-9999.0,-9999.0,-9999.0,0.0,0,0,"time.struct_time(tm_year=2023, tm_mon=4, tm_mday=1, tm_hour=7, tm_min=21, tm_sec=30, tm_wday=5, tm_yday=91, tm_isdst=-1)",2023-04-01,2023,4,91,1,21
2023-04-01 07:24:00,40.76582,-111.909744,1282.5,-9999.0,-9999.0,-9999.0,13.84,11.26,6.59,46.01,3.0,2.0,8.0,28.0,876.6,0.0,14.5,1.76,27.1,836.1,-9999.0,-9999.0,-9999.0,-9999.0,-9999.0,-9999.0,-9999.0,0.0,0,0,"time.struct_time(tm_year=2023, tm_mon=4, tm_mday=1, tm_hour=7, tm_min=24, tm_sec=0, tm_wday=5, tm_yday=91, tm_isdst=-1)",2023-04-01,2023,4,91,1,24
2023-04-01 07:26:30,40.76582,-111.909752,1281.7,-9999.0,-9999.0,-9999.0,13.84,11.3,6.69,44.4,3.0,2.0,8.0,28.0,876.6,0.0,14.5,1.76,27.2,835.7,-9999.0,-9999.0,-9999.0,-9999.0,-9999.0,-9999.0,-9999.0,0.0,0,0,"time.struct_time(tm_year=2023, tm_mon=4, tm_mday=1, tm_hour=7, tm_min=26, tm_sec=30, tm_wday=5, tm_yday=91, tm_isdst=-1)",2023-04-01,2023,4,91,1,26
2023-04-01 07:29:00,40.765823,-111.909752,1280.3,-9999.0,-9999.0,-9999.0,13.84,11.36,6.75,43.76,2.0,2.0,8.11,28.0,876.4,0.0,12.2,1.77,27.2,836.1,-9999.0,-9999.0,-9999.0,-9999.0,-9999.0,-9999.0,-9999.0,0.0,0,0,"time.struct_time(tm_year=2023, tm_mon=4, tm_mday=1, tm_hour=7, tm_min=29, tm_sec=0, tm_wday=5, tm_yday=91, tm_isdst=-1)",2023-04-01,2023,4,91,1,29
2023-04-01 07:31:30,40.765827,-111.909744,1280.5,-9999.0,-9999.0,-9999.0,13.84,11.41,6.74,43.7,2.0,2.0,8.11,28.0,876.4,0.0,11.3,1.76,27.3,835.7,-9999.0,-9999.0,-9999.0,-9999.0,-9999.0,-9999.0,-9999.0,0.0,0,0,"time.struct_time(tm_year=2023, tm_mon=4, tm_mday=1, tm_hour=7, tm_min=31, tm_sec=30, tm_wday=5, tm_yday=91, tm_isdst=-1)",2023-04-01,2023,4,91,1,31
2023-04-01 07:34:00,40.76582,-111.909737,1279.5,-9999.0,-9999.0,-9999.0,13.84,11.46,6.75,45.17,2.0,2.0,8.22,28.0,876.3,0.0,9.8,1.77,27.3,836.0,-9999.0,-9999.0,-9999.0,-9999.0,-9999.0,-9999.0,-9999.0,0.0,0,0,"time.struct_time(tm_year=2023, tm_mon=4, tm_mday=1, tm_hour=7, tm_min=34, tm_sec=0, tm_wday=5, tm_yday=91, tm_isdst=-1)",2023-04-01,2023,4,91,1,34
2023-04-01 07:36:30,40.765808,-111.909744,1278.7,-9999.0,-9999.0,-9999.0,13.84,11.52,6.81,43.79,2.0,2.0,8.28,28.0,876.5,0.0,11.4,1.77,27.4,835.6,-9999.0,-9999.0,-9999.0,-9999.0,-9999.0,-9999.0,-9999.0,0.0,0,0,"time.struct_time(tm_year=2023, tm_mon=4, tm_mday=1, tm_hour=7, tm_min=36, tm_sec=30, tm_wday=5, tm_yday=91, tm_isdst=-1)",2023-04-01,2023,4,91,1,36
2023-04-01 07:39:00,40.765804,-111.909752,1277.4,-9999.0,-9999.0,-9999.0,13.84,11.58,6.81,43.01,3.0,2.0,8.28,28.0,876.6,0.0,7.9,1.77,27.5,836.1,-9999.0,-9999.0,-9999.0,-9999.0,-9999.0,-9999.0,-9999.0,0.0,0,0,"time.struct_time(tm_year=2023, tm_mon=4, tm_mday=1, tm_hour=7, tm_min=39, tm_sec=0, tm_wday=5, tm_yday=91, tm_isdst=-1)",2023-04-01,2023,4,91,1,39
2023-04-01 07:41:30,40.765804,-111.90976,1276.8,-9999.0,-9999.0,-9999.0,13.84,11.64,6.6,44.01,3.0,2.0,8.39,28.0,876.6,0.0,13.7,1.77,27.5,835.7,-9999.0,-9999.0,-9999.0,-9999.0,-9999.0,-9999.0,-9999.0,0.0,0,0,"time.struct_time(tm_year=2023, tm_mon=4, tm_mday=1, tm_hour=7, tm_min=41, tm_sec=30, tm_wday=5, tm_yday=91, tm_isdst=-1)",2023-04-01,2023,4,91,1,41
2023-04-01 07:44:00,40.7658,-111.90976,1276.0,-9999.0,-9999.0,-9999.0,13.84,11.7,6.4,44.87,3.0,2.0,8.39,28.0,876.5,0.0,14.7,1.77,27.6,836.1,-9999.0,-9999.0,-9999.0,-9999.0,-9999.0,-9999.0,-9999.0,0.0,0,0,"time.struct_time(tm_year=2023, tm_mon=4, tm_mday=1, tm_hour=7, tm_min=44, tm_sec=0, tm_wday=5, tm_yday=91, tm_isdst=-1)",2023-04-01,2023,4,91,1,44
2023-04-01 07:46:30,40.765785,-111.90976,1275.0,-9999.0,-9999.0,-9999.0,13.84,11.75,6.46,44.36,2.0,2.0,8.5,28.0,876.6,0.0,10.0,1.77,27.6,835.7,-9999.0,-9999.0,-9999.0,-9999.0,-9999.0,-9999.0,-9999.0,0.0,0,0,"time.struct_time(tm_year=2023, tm_mon=4, tm_mday=1, tm_hour=7, tm_min=46, tm_sec=30, tm_wday=5, tm_yday=91, tm_isdst=-1)",2023-04-01,2023,4,91,1,46
2023-04-01 07:49:00,40.765778,-111.90976,1274.4,-9999.0,-9999.0,-9999.0,13.84,11.8,6.42,45.01,2.0,2.0,8.5,28.0,876.5,0.0,16.2,1.77,27.7,836.1,-9999.0,-9999.0,-9999.0,-9999.0,-9999.0,-9999.0,-9999.0,0.0,0,0,"time.struct_time(tm_year=2023, tm_mon=4, tm_mday=1, tm_hour=7, tm_min=49, tm_sec=0, tm_wday=5, tm_yday=91, tm_isdst=-1)",2023-04-01,2023,4,91,1,49
2023-04-01 07:51:30,40.76577,-111.90976,1273.8,-9999.0,-9999.0,-9999.0,13.84,11.86,6.28,45.03,3.0,2.0,8.5,28.0,876.5,0.0,14.7,1.77,27.8,835.7,-9999.0,-9999.0,-9999.0,-9999.0,-9999.0,-9999.0,-9999.0,0.0,0,0,"time.struct_time(tm_year=2023, tm_mon=4, tm_mday=1, tm_hour=7, tm_min=51, tm_sec=30, tm_wday=5, tm_yday=91, tm_isdst=-1)",2023-04-01,2023,4,91,1,51
2023-04-01 07:54:00,40.765781,-111.90976,1273.7,-9999.0,-9999.0,-9999.0,13.84,11.91,5.58,47.87,3.0,2.0,8.5,28.0,876.6,0.0,13.2,1.77,27.8,836.1,-9999.0,-9999.0,-9999.0,-9999.0,-9999.0,-9999.0,-9999.0,0.0,0,0,"time.struct_time(tm_year=2023, tm_mon=4, tm_mday=1, tm_hour=7, tm_min=54, tm_sec=0, tm_wday=5, tm_yday=91, tm_isdst=-1)",2023-04-01,2023,4,91,1,54
2023-04-01 07:56:30,40.765797,-111.90976,1274.1,-9999.0,-9999.0,-9999.0,13.84,11.95,4.84,49.94,2.0,2.0,8.5,28.0,876.4,0.0,4.6,1.76,27.9,835.6,-9999.0,-9999.0,-9999.0,-9999.0,-9999.0,-9999.0,-9999.0,0.0,0,0,"time.struct_time(tm_year=2023, tm_mon=4, tm_mday=1, tm_hour=7, tm_min=56, tm_sec=30, tm_wday=5, tm_yday=91, tm_isdst=-1)",2023-04-01,2023,4,91,1,56
2023-04-01 07:59:00,40.76582,-111.909737,1273.6,-9999.0,-9999.0,-9999.0,13.84,11.98,4.72,50.42,2.0,2.0,8.5,28.0,876.5,0.0,8.8,1.78,28.0,836.0,-9999.0,-9999.0,-9999.0,-9999.0,-9999.0,-9999.0,-9999.0,0.0,0,0,"time.struct_time(tm_year=2023, tm_mon=4, tm_mday=1, tm_hour=7, tm_min=59, tm_sec=0, tm_wday=5, tm_yday=91, tm_isdst=-1)",2023-04-01,2023,4,91,1,59
2023-04-01 08:01:30,40.765846,-111.909721,1273.3,-9999.0,-9999.0,-9999.0,13.84,12.0,4.88,49.42,2.0,2.0,8.5,28.0,876.6,0.0,4.2,1.77,28.0,835.9,-9999.0,-9999.0,-9999.0,-9999.0,-9999.0,-9999.0,-9999.0,0.0,0,0,"time.struct_time(tm_year=2023, tm_mon=4, tm_mday=1, tm_hour=8, tm_min=1, tm_sec=30, tm_wday=5, tm_yday=91, tm_isdst=-1)",2023-04-01,2023,4,91,1,1
2023-04-01 08:04:00,40.765862,-111.909721,1273.2,-9999.0,-9999.0,-9999.0,13.84,12.03,5.12,47.65,2.0,2.0,8.5,28.0,876.6,0.0,1.6,1.76,28.1,836.2,-9999.0,-9999.0,-9999.0,-9999.0,-9999.0,-9999.0,-9999.0,0.0,0,0,"time.struct_time(tm_year=2023, tm_mon=4, tm_mday=1, tm_hour=8, tm_min=4, tm_sec=0, tm_wday=5, tm_yday=91, tm_isdst=-1)",2023-04-01,2023,4,91,1,4
2023-04-01 08:06:30,40.765873,-111.909721,1273.3,-9999.0,-9999.0,-9999.0,13.84,12.06,5.44,46.95,1.0,2.0,8.61,28.0,876.7,0.0,7.9,1.77,28.1,835.6,-9999.0,-9999.0,-9999.0,-9999.0,-9999.0,-9999.0,-9999.0,0.0,0,0,"time.struct_time(tm_year=2023, tm_mon=4, tm_mday=1, tm_hour=8, tm_min=6, tm_sec=30, tm_wday=5, tm_yday=91, tm_isdst=-1)",2023-04-01,2023,4,91,1,6
2023-04-01 08:09:00,40.765869,-111.909721,1272.2,-9999.0,-9999.0,-9999.0,13.84,12.09,5.78,46.0,4.0,2.0,8.61,28.0,876.5,0.0,11.2,1.77,28.2,836.0,-9999.0,-9999.0,-9999.0,-9999.0,-9999.0,-9999.0,-9999.0,0.0,0,0,"time.struct_time(tm_year=2023, tm_mon=4, tm_mday=1, tm_hour=8, tm_min=9, tm_sec=0, tm_wday=5, tm_yday=91, tm_isdst=-1)",2023-04-01,2023,4,91,1,9
2023-04-01 08:12:40,40.765862,-111.909737,1270.4,-9999.0,-9999.0,-9999.0,13.84,12.14,6.05,45.03,2.0,2.0,8.61,28.0,876.7,0.0,6.9,1.77,28.2,836.1,-9999.0,-9999.0,-9999.0,-9999.0,-9999.0,-9999.0,-9999.0,0.0,0,0,"time.struct_time(tm_year=2023, tm_mon=4, tm_mday=1, tm_hour=8, tm_min=12, tm_sec=40, tm_wday=5, tm_yday=91, tm_isdst=-1)",2023-04-01,2023,4,91,1,12
2023-04-01 08:15:10,40.765865,-111.909744,1270.1,-9999.0,-9999.0,-9999.0,13.84,12.17,6.04,45.28,2.0,2.0,8.61,28.0,876.5,0.0,3.7,1.76,28.3,835.8,-9999.0,-9999.0,-9999.0,-9999.0,-9999.0,-9999.0,-9999.0,0.0,0,0,"time.struct_time(tm_year=2023, tm_mon=4, tm_mday=1, tm_hour=8, tm_min=15, tm_sec=10, tm_wday=5, tm_yday=91, tm_isdst=-1)",2023-04-01,2023,4,91,1,15
2023-04-01 08:17:40,40.765892,-111.909744,1269.9,-9999.0,-9999.0,-9999.0,13.84,12.21,5.98,46.14,2.0,2.0,8.61,28.0,876.7,0.0,6.2,1.77,28.3,836.2,-9999.0,-9999.0,-9999.0,-9999.0,-9999.0,-9999.0,-9999.0,0.0,0,0,"time.struct_time(tm_year=2023, tm_mon=4, tm_mday=1, tm_hour=8, tm_min=17, tm_sec=40, tm_wday=5, tm_yday=91, tm_isdst=-1)",2023-04-01,2023,4,91,1,17
2023-04-01 08:20:10,40.765888,-111.909744,1269.8,-9999.0,-9999.0,-9999.0,13.84,12.25,6.02,45.88,2.0,2.0,8.61,28.0,876.5,0.0,9.5,1.77,28.4,835.7,-9999.0,-9999.0,-9999.0,-9999.0,-9999.0,-9999.0,-9999.0,0.0,0,0,"time.struct_time(tm_year=2023, tm_mon=4, tm_mday=1, tm_hour=8, tm_min=20, tm_sec=10, tm_wday=5, tm_yday=91, tm_isdst=-1)",2023-04-01,2023,4,91,1,20
2023-04-01 08:22:40,40.765884,-111.90976,1270.0,-9999.0,-9999.0,-9999.0,13.84,12.29,6.18,45.07,2.0,2.0,8.72,28.0,876.7,0.0,13.7,1.77,28.4,836.0,-9999.0,-9999.0,-9999.0,-9999.0,-9999.0,-9999.0,-9999.0,0.0,0,0,"time.struct_time(tm_year=2023, tm_mon=4, tm_mday=1, tm_hour=8, tm_min=22, tm_sec=40, tm_wday=5, tm_yday=91, tm_isdst=-1)",2023-04-01,2023,4,91,1,22
2023-04-01 08:25:10,40.765877,-111.90976,1269.4,-9999.0,-9999.0,-9999.0,13.84,12.33,6.22,44.71,2.0,2.0,8.72,28.0,876.7,0.0,10.3,1.77,28.5,835.8,-9999.0,-9999.0,-9999.0,-9999.0,-9999.0,-9999.0,-9999.0,0.0,0,0,"time.struct_time(tm_year=2023, tm_mon=4, tm_mday=1, tm_hour=8, tm_min=25, tm_sec=10, tm_wday=5, tm_yday=91, tm_isdst=-1)",2023-04-01,2023,4,91,1,25
2023-04-01 08:27:40,40.765869,-111.909752,1269.4,-9999.0,-9999.0,-9999.0,13.84,12.37,6.22,44.19,2.0,2.0,8.72,28.0,876.7,0.0,12.4,1.77,28.5,836.1,-9999.0,-9999.0,-9999.0,-9999.0,-9999.0,-9999.0,-9999.0,0.0,0,0,"time.struct_time(tm_year=2023, tm_mon=4, tm_mday=1, tm_hour=8, tm_min=27, tm_sec=40, tm_wday=5, tm_yday=91, tm_isdst=-1)",2023-04-01,2023,4,91,1,27
2023-04-01 08:30:10,40.765865,-111.90976,1269.0,-9999.0,-9999.0,-9999.0,13.84,12.4,6.18,43.29,2.0,2.0,8.78,28.0,876.6,0.0,16.6,1.76,28.5,835.8,-9999.0,-9999.0,-9999.0,-9999.0,-9999.0,-9999.0,-9999.0,0.0,0,0,"time.struct_time(tm_year=2023, tm_mon=4, tm_mday=1, tm_hour=8, tm_min=30, tm_sec=10, tm_wday=5, tm_yday=91, tm_isdst=-1)",2023-04-01,2023,4,91,1,30
2023-04-01 08:32:40,40.765858,-111.90976,1268.8,-9999.0,-9999.0,-9999.0,13.84,12.43,6.16,43.53,2.0,2.0,8.72,27.0,876.4,0.0,14.6,1.78,28.6,836.2,-9999.0,-9999.0,-9999.0,-9999.0,-9999.0,-9999.0,-9999.0,0.0,0,0,"time.struct_time(tm_year=2023, tm_mon=4, tm_mday=1, tm_hour=8, tm_min=32, tm_sec=40, tm_wday=5, tm_yday=91, tm_isdst=-1)",2023-04-01,2023,4,91,1,32
2023-04-01 08:35:10,40.765862,-111.90976,1268.8,-9999.0,-9999.0,-9999.0,13.84,12.46,6.24,42.79,2.0,2.0,8.72,27.0,876.4,0.0,17.8,1.77,28.6,835.8,-9999.0,-9999.0,-9999.0,-9999.0,-9999.0,-9999.0,-9999.0,0.0,0,0,"time.struct_time(tm_year=2023, tm_mon=4, tm_mday=1, tm_hour=8, tm_min=35, tm_sec=10, tm_wday=5, tm_yday=91, tm_isdst=-1)",2023-04-01,2023,4,91,1,35
2023-04-01 08:37:40,40.765862,-111.90976,1268.0,-9999.0,-9999.0,-9999.0,13.84,12.48,6.26,42.87,4.0,2.0,8.72,27.0,876.4,0.0,16.0,1.78,28.7,836.0,-9999.0,-9999.0,-9999.0,-9999.0,-9999.0,-9999.0,-9999.0,0.0,0,0,"time.struct_time(tm_year=2023, tm_mon=4, tm_mday=1, tm_hour=8, tm_min=37, tm_sec=40, tm_wday=5, tm_yday=91, tm_isdst=-1)",2023-04-01,2023,4,91,1,37
2023-04-01 08:40:10,40.765862,-111.909752,1269.2,-9999.0,-9999.0,-9999.0,13.84,12.5,6.34,42.02,3.0,2.0,8.61,27.0,876.7,0.0,18.5,1.77,28.7,835.7,-9999.0,-9999.0,-9999.0,-9999.0,-9999.0,-9999.0,-9999.0,0.0,0,0,"time.struct_time(tm_year=2023, tm_mon=4, tm_mday=1, tm_hour=8, tm_min=40, tm_sec=10, tm_wday=5, tm_yday=91, tm_isdst=-1)",2023-04-01,2023,4,91,1,40
2023-04-01 08:42:40,40.765858,-111.909744,1270.6,-9999.0,-9999.0,-9999.0,13.84,12.51,6.45,41.87,2.0,2.0,8.61,27.0,876.6,0.0,27.4,1.77,28.7,836.1,-9999.0,-9999.0,-9999.0,-9999.0,-9999.0,-9999.0,-9999.0,0.0,0,0,"time.struct_time(tm_year=2023, tm_mon=4, tm_mday=1, tm_hour=8, tm_min=42, tm_sec=40, tm_wday=5, tm_yday=91, tm_isdst=-1)",2023-04-01,2023,4,91,1,42
2023-04-01 08:45:10,40.765869,-111.909744,1270.9,-9999.0,-9999.0,-9999.0,13.84,12.51,6.54,41.44,2.0,2.0,8.5,27.0,876.5,0.0,21.9,1.78,28.8,835.6,-9999.0,-9999.0,-9999.0,-9999.0,-9999.0,-9999.0,-9999.0,0.0,0,0,"time.struct_time(tm_year=2023, tm_mon=4, tm_mday=1, tm_hour=8, tm_min=45, tm_sec=10, tm_wday=5, tm_yday=91, tm_isdst=-1)",2023-04-01,2023,4,91,1,45
2023-04-01 08:47:40,40.765888,-111.909737,1270.6,-9999.0,-9999.0,-9999.0,13.84,12.51,6.69,40.68,2.0,2.0,8.5,27.0,876.5,0.0,20.8,1.78,28.8,836.0,-9999.0,-9999.0,-9999.0,-9999.0,-9999.0,-9999.0,-9999.0,0.0,0,0,"time.struct_time(tm_year=2023, tm_mon=4, tm_mday=1, tm_hour=8, tm_min=47, tm_sec=40, tm_wday=5, tm_yday=91, tm_isdst=-1)",2023-04-01,2023,4,91,1,47
2023-04-01 08:50:10,40.765877,-111.909729,1271.3,-9999.0,-9999.0,-9999.0,13.84,12.52,6.69,41.44,4.0,2.0,8.39,27.0,876.3,0.0,21.0,1.78,28.8,835.6,-9999.0,-9999.0,-9999.0,-9999.0,-9999.0,-9999.0,-9999.0,0.0,0,0,"time.struct_time(tm_year=2023, tm_mon=4, tm_mday=1, tm_hour=8, tm_min=50, tm_sec=10, tm_wday=5, tm_yday=91, tm_isdst=-1)",2023-04-01,2023,4,91,1,50
2023-04-01 08:52:40,40.765896,-111.909729,1271.9,-9999.0,-9999.0,-9999.0,13.84,12.52,6.77,40.44,1.0,2.0,8.5,27.0,876.4,0.0,23.4,1.77,28.9,835.9,-9999.0,-9999.0,-9999.0,-9999.0,-9999.0,-9999.0,-9999.0,0.0,0,0,"time.struct_time(tm_year=2023, tm_mon=4, tm_mday=1, tm_hour=8, tm_min=52, tm_sec=40, tm_wday=5, tm_yday=91, tm_isdst=-1)",2023-04-01,2023,4,91,1,52
2023-04-01 08:55:10,40.765888,-111.909729,1271.4,-9999.0,-9999.0,-9999.0,13.84,12.52,6.63,41.34,1.0,2.0,8.5,27.0,876.5,0.0,22.0,1.78,28.9,835.6,-9999.0,-9999.0,-9999.0,-9999.0,-9999.0,-9999.0,-9999.0,0.0,0,0,"time.struct_time(tm_year=2023, tm_mon=4, tm_mday=1, tm_hour=8, tm_min=55, tm_sec=10, tm_wday=5, tm_yday=91, tm_isdst=-1)",2023-04-01,2023,4,91,1,55
2023-04-01 08:57:40,40.765896,-111.909737,1272.1,-9999.0,-9999.0,-9999.0,13.84,12.52,6.53,41.14,2.0,2.0,8.5,27.0,876.3,0.0,19.3,1.78,28.9,835.9,-9999.0,-9999.0,-9999.0,-9999.0,-9999.0,-9999.0,-9999.0,0.0,0,0,"time.struct_time(tm_year=2023, tm_mon=4, tm_mday=1, tm_hour=8, tm_min=57, tm_sec=40, tm_wday=5, tm_yday=91, tm_isdst=-1)",2023-04-01,2023,4,91,1,57
2023-04-01 09:00:10,40.765896,-111.909737,1271.6,-9999.0,-9999.0,-9999.0,13.84,12.53,6.46,41.4,2.0,2.0,8.5,27.0,876.3,0.0,11.7,1.77,28.9,835.5,-9999.0,-9999.0,-9999.0,-9999.0,-9999.0,-9999.0,-9999.0,0.0,0,0,"time.struct_time(tm_year=2023, tm_mon=4, tm_mday=1, tm_hour=9, tm_min=0, tm_sec=10, tm_wday=5, tm_yday=91, tm_isdst=-1)",2023-04-01,2023,4,91,1,0
2023-04-01 09:02:40,40.7659,-111.909752,1270.9,-9999.0,-9999.0,-9999.0,13.84,12.54,6.5,41.01,2.0,2.0,8.5,27.0,876.2,0.0,18.3,1.77,28.9,835.8,-9999.0,-9999.0,-9999.0,-9999.0,-9999.0,-9999.0,-9999.0,0.0,0,0,"time.struct_time(tm_year=2023, tm_mon=4, tm_mday=1, tm_hour=9, tm_min=2, tm_sec=40, tm_wday=5, tm_yday=91, tm_isdst=-1)",2023-04-01,2023,4,91,1,2
2023-04-01 09:05:10,40.765888,-111.909744,1271.3,-9999.0,-9999.0,-9999.0,13.84,12.54,6.54,40.82,1.0,2.0,8.5,27.0,876.2,0.0,22.1,1.77,29.0,835.4,-9999.0,-9999.0,-9999.0,-9999.0,-9999.0,-9999.0,-9999.0,0.0,0,0,"time.struct_time(tm_year=2023, tm_mon=4, tm_mday=1, tm_hour=9, tm_min=5, tm_sec=10, tm_wday=5, tm_yday=91, tm_isdst=-1)",2023-04-01,2023,4,91,1,5
2023-04-01 09:07:40,40.765888,-111.909737,1271.5,-9999.0,-9999.0,-9999.0,13.84,12.55,6.53,41.18,1.0,2.0,8.5,27.0,876.3,0.0,15.0,1.77,29.0,835.8,-9999.0,-9999.0,-9999.0,-9999.0,-9999.0,-9999.0,-9999.0,0.0,0,0,"time.struct_time(tm_year=2023, tm_mon=4, tm_mday=1, tm_hour=9, tm_min=7, tm_sec=40, tm_wday=5, tm_yday=91, tm_isdst=-1)",2023-04-01,2023,4,91,1,7
2023-04-01 09:10:10,40.765888,-111.909744,1271.8,-9999.0,-9999.0,-9999.0,13.81,12.56,6.4,41.36,1.0,2.0,8.5,26.0,876.1,0.0,25.5,1.78,29.0,835.4,-9999.0,-9999.0,-9999.0,-9999.0,-9999.0,-9999.0,-9999.0,0.0,0,0,"time.struct_time(tm_year=2023, tm_mon=4, tm_mday=1, tm_hour=9, tm_min=10, tm_sec=10, tm_wday=5, tm_yday=91, tm_isdst=-1)",2023-04-01,2023,4,91,1,10
2023-04-01 09:13:45,40.765881,-111.909744,1271.7,-9999.0,-9999.0,-9999.0,13.81,12.58,6.43,41.0,1.0,2.0,8.5,27.0,876.3,0.0,22.3,1.77,29.0,835.8,-9999.0,-9999.0,-9999.0,-9999.0,-9999.0,-9999.0,-9999.0,0.0,0,0,"time.struct_time(tm_year=2023, tm_mon=4, tm_mday=1, tm_hour=9, tm_min=13, tm_sec=45, tm_wday=5, tm_yday=91, tm_isdst=-1)",2023-04-01,2023,4,91,1,13
2023-04-01 09:16:15,40.765881,-111.909737,1272.1,-9999.0,-9999.0,-9999.0,13.81,12.59,6.3,42.26,1.0,2.0,8.5,27.0,876.1,0.0,20.6,1.78,29.0,835.4,-9999.0,-9999.0,-9999.0,-9999.0,-9999.0,-9999.0,-9999.0,0.0,0,0,"time.struct_time(tm_year=2023, tm_mon=4, tm_mday=1, tm_hour=9, tm_min=16, tm_sec=15, tm_wday=5, tm_yday=91, tm_isdst=-1)",2023-04-01,2023,4,91,1,16
2023-04-01 09:18:45,40.765888,-111.909729,1273.0,-9999.0,-9999.0,-9999.0,13.8,12.6,6.3,42.57,2.0,2.0,8.61,27.0,876.2,0.0,19.1,1.78,29.0,835.6,-9999.0,-9999.0,-9999.0,-9999.0,-9999.0,-9999.0,-9999.0,0.0,0,0,"time.struct_time(tm_year=2023, tm_mon=4, tm_mday=1, tm_hour=9, tm_min=18, tm_sec=45, tm_wday=5, tm_yday=91, tm_isdst=-1)",2023-04-01,2023,4,91,1,18
2023-04-01 09:21:15,40.765884,-111.909714,1274.4,-9999.0,-9999.0,-9999.0,13.81,12.61,6.44,42.09,2.0,2.0,8.61,27.0,876.0,0.0,16.9,1.78,29.1,835.3,-9999.0,-9999.0,-9999.0,-9999.0,-9999.0,-9999.0,-9999.0,0.0,0,0,"time.struct_time(tm_year=2023, tm_mon=4, tm_mday=1, tm_hour=9, tm_min=21, tm_sec=15, tm_wday=5, tm_yday=91, tm_isdst=-1)",2023-04-01,2023,4,91,1,21
2023-04-01 09:23:45,40.765892,-111.909714,1274.3,-9999.0,-9999.0,-9999.0,13.8,12.63,6.48,42.2,2.0,2.0,8.61,27.0,876.2,0.0,17.2,1.78,29.1,835.6,-9999.0,-9999.0,-9999.0,-9999.0,-9999.0,-9999.0,-9999.0,0.0,0,0,"time.struct_time(tm_year=2023, tm_mon=4, tm_mday=1, tm_hour=9, tm_min=23, tm_sec=45, tm_wday=5, tm_yday=91, tm_isdst=-1)",2023-04-01,2023,4,91,1,23
2023-04-01 09:26:15,40.765884,-111.909714,1274.9,-9999.0,-9999.0,-9999.0,13.8,12.65,6.3,43.54,1.0,2.0,8.72,27.0,876.0,0.0,16.3,1.77,29.1,835.2,-9999.0,-9999.0,-9999.0,-9999.0,-9999.0,-9999.0,-9999.0,0.0,0,0,"time.struct_time(tm_year=2023, tm_mon=4, tm_mday=1, tm_hour=9, tm_min=26, tm_sec=15, tm_wday=5, tm_yday=91, tm_isdst=-1)",2023-04-01,2023,4,91,1,26
2023-04-01 09:28:45,40.765888,-111.909706,1275.2,-9999.0,-9999.0,-9999.0,13.8,12.66,6.2,43.71,2.0,2.0,8.72,27.0,875.9,0.0,15.3,1.78,29.1,835.5,-9999.0,-9999.0,-9999.0,-9999.0,-9999.0,-9999.0,-9999.0,0.0,0,0,"time.struct_time(tm_year=2023, tm_mon=4, tm_mday=1, tm_hour=9, tm_min=28, tm_sec=45, tm_wday=5, tm_yday=91, tm_isdst=-1)",2023-04-01,2023,4,91,1,28
2023-04-01 09:31:15,40.765888,-111.909714,1275.3,-9999.0,-9999.0,-9999.0,13.8,12.67,6.06,44.21,2.0,2.0,8.72,27.0,875.8,0.0,3.3,1.79,29.1,835.1,-9999.0,-9999.0,-9999.0,-9999.0,-9999.0,-9999.0,-9999.0,0.0,0,0,"time.struct_time(tm_year=2023, tm_mon=4, tm_mday=1, tm_hour=9, tm_min=31, tm_sec=15, tm_wday=5, tm_yday=91, tm_isdst=-1)",2023-04-01,2023,4,91,1,31
2023-04-01 09:33:45,40.765884,-111.909714,1275.3,-9999.0,-9999.0,-9999.0,13.81,12.69,6.08,43.97,2.0,2.0,8.72,27.0,875.8,0.0,0.6,1.77,29.1,835.5,-9999.0,-9999.0,-9999.0,-9999.0,-9999.0,-9999.0,-9999.0,0.0,0,0,"time.struct_time(tm_year=2023, tm_mon=4, tm_mday=1, tm_hour=9, tm_min=33, tm_sec=45, tm_wday=5, tm_yday=91, tm_isdst=-1)",2023-04-01,2023,4,91,1,33
2023-04-01 09:36:15,40.765881,-111.909721,1276.2,-9999.0,-9999.0,-9999.0,13.8,12.7,5.9,44.83,2.0,2.0,8.72,27.0,876.0,0.0,7.6,1.78,29.1,835.1,-9999.0,-9999.0,-9999.0,-9999.0,-9999.0,-9999.0,-9999.0,0.0,0,0,"time.struct_time(tm_year=2023, tm_mon=4, tm_mday=1, tm_hour=9, tm_min=36, tm_sec=15, tm_wday=5, tm_yday=91, tm_isdst=-1)",2023-04-01,2023,4,91,1,36
2023-04-01 09:38:45,40.765873,-111.909721,1275.9,-9999.0,-9999.0,-9999.0,13.81,12.7,5.78,45.18,2.0,2.0,8.72,27.0,876.1,0.0,12.4,1.77,29.2,835.4,-9999.0,-9999.0,-9999.0,-9999.0,-9999.0,-9999.0,-9999.0,0.0,0,0,"time.struct_time(tm_year=2023, tm_mon=4, tm_mday=1, tm_hour=9, tm_min=38, tm_sec=45, tm_wday=5, tm_yday=91, tm_isdst=-1)",2023-04-01,2023,4,91,1,38
2023-04-01 09:41:15,40.765873,-111.909737,1275.9,-9999.0,-9999.0,-9999.0,13.81,12.71,5.66,45.15,2.0,2.0,8.72,27.0,875.8,0.0,10.4,1.78,29.2,834.9,-9999.0,-9999.0,-9999.0,-9999.0,-9999.0,-9999.0,-9999.0,0.0,0,0,"time.struct_time(tm_year=2023, tm_mon=4, tm_mday=1, tm_hour=9, tm_min=41, tm_sec=15, tm_wday=5, tm_yday=91, tm_isdst=-1)",2023-04-01,2023,4,91,1,41
2023-04-01 09:43:45,40.765888,-111.90976,1276.2,-9999.0,-9999.0,-9999.0,13.81,12.71,5.7,45.4,2.0,2.0,8.72,27.0,875.8,0.0,9.8,1.78,29.2,835.4,-9999.0,-9999.0,-9999.0,-9999.0,-9999.0,-9999.0,-9999.0,0.0,0,0,"time.struct_time(tm_year=2023, tm_mon=4, tm_mday=1, tm_hour=9, tm_min=43, tm_sec=45, tm_wday=5, tm_yday=91, tm_isdst=-1)",2023-04-01,2023,4,91,1,43
2023-04-01 09:46:15,40.765888,-111.909767,1276.4,-9999.0,-9999.0,-9999.0,13.8,12.72,5.78,44.77,2.0,2.0,8.78,27.0,875.6,0.0,8.3,1.78,29.2,835.1,-9999.0,-9999.0,-9999.0,-9999.0,-9999.0,-9999.0,-9999.0,0.0,0,0,"time.struct_time(tm_year=2023, tm_mon=4, tm_mday=1, tm_hour=9, tm_min=46, tm_sec=15, tm_wday=5, tm_yday=91, tm_isdst=-1)",2023-04-01,2023,4,91,1,46
2023-04-01 09:48:45,40.765892,-111.909775,1276.4,-9999.0,-9999.0,-9999.0,13.81,12.72,5.66,44.97,2.0,2.0,8.72,27.0,875.7,0.0,9.4,1.77,29.2,835.3,-9999.0,-9999.0,-9999.0,-9999.0,-9999.0,-9999.0,-9999.0,0.0,0,0,"time.struct_time(tm_year=2023, tm_mon=4, tm_mday=1, tm_hour=9, tm_min=48, tm_sec=45, tm_wday=5, tm_yday=91, tm_isdst=-1)",2023-04-01,2023,4,91,1,48
2023-04-01 09:51:15,40.765896,-111.909782,1276.7,-9999.0,-9999.0,-9999.0,13.8,12.72,5.55,45.03,2.0,2.0,8.78,27.0,875.8,0.0,9.3,1.78,29.2,834.8,-9999.0,-9999.0,-9999.0,-9999.0,-9999.0,-9999.0,-9999.0,0.0,0,0,"time.struct_time(tm_year=2023, tm_mon=4, tm_mday=1, tm_hour=9, tm_min=51, tm_sec=15, tm_wday=5, tm_yday=91, tm_isdst=-1)",2023-04-01,2023,4,91,1,51
2023-04-01 09:53:45,40.765884,-111.90979,1277.6,-9999.0,-9999.0,-9999.0,13.8,12.72,5.64,44.07,2.0,2.0,8.78,27.0,875.7,0.0,11.4,1.77,29.2,835.3,-9999.0,-9999.0,-9999.0,-9999.0,-9999.0,-9999.0,-9999.0,0.0,0,0,"time.struct_time(tm_year=2023, tm_mon=4, tm_mday=1, tm_hour=9, tm_min=53, tm_sec=45, tm_wday=5, tm_yday=91, tm_isdst=-1)",2023-04-01,2023,4,91,1,53
2023-04-01 09:56:15,40.765888,-111.909805,1277.6,-9999.0,-9999.0,-9999.0,13.81,12.72,5.62,44.33,2.0,2.0,8.78,27.0,875.7,0.0,16.2,1.78,29.2,834.9,-9999.0,-9999.0,-9999.0,-9999.0,-9999.0,-9999.0,-9999.0,0.0,0,0,"time.struct_time(tm_year=2023, tm_mon=4, tm_mday=1, tm_hour=9, tm_min=56, tm_sec=15, tm_wday=5, tm_yday=91, tm_isdst=-1)",2023-04-01,2023,4,91,1,56
2023-04-01 09:58:45,40.765888,-111.909805,1277.7,-9999.0,-9999.0,-9999.0,13.81,12.72,5.62,43.95,2.0,2.0,8.78,27.0,875.7,0.0,10.1,1.78,29.3,835.4,-9999.0,-9999.0,-9999.0,-9999.0,-9999.0,-9999.0,-9999.0,0.0,0,0,"time.struct_time(tm_year=2023, tm_mon=4, tm_mday=1, tm_hour=9, tm_min=58, tm_sec=45, tm_wday=5, tm_yday=91, tm_isdst=-1)",2023-04-01,2023,4,91,1,58
2023-04-01 10:01:15,40.765888,-111.909805,1278.2,-9999.0,-9999.0,-9999.0,13.81,12.73,5.64,43.17,1.0,2.0,8.78,26.0,875.6,0.0,21.1,1.78,29.3,835.0,-9999.0,-9999.0,-9999.0,-9999.0,-9999.0,-9999.0,-9999.0,0.0,0,0,"time.struct_time(tm_year=2023, tm_mon=4, tm_mday=1, tm_hour=10, tm_min=1, tm_sec=15, tm_wday=5, tm_yday=91, tm_isdst=-1)",2023-04-01,2023,4,91,1,1
2023-04-01 10:03:45,40.765892,-111.909798,1278.6,-9999.0,-9999.0,-9999.0,13.8,12.73,5.54,43.64,1.0,2.0,8.78,26.0,875.9,0.0,16.6,1.78,29.3,835.3,-9999.0,-9999.0,-9999.0,-9999.0,-9999.0,-9999.0,-9999.0,0.0,0,0,"time.struct_time(tm_year=2023, tm_mon=4, tm_mday=1, tm_hour=10, tm_min=3, tm_sec=45, tm_wday=5, tm_yday=91, tm_isdst=-1)",2023-04-01,2023,4,91,1,3
2023-04-01 10:06:15,40.765915,-111.909798,1278.7,-9999.0,-9999.0,-9999.0,13.8,12.73,5.72,43.29,1.0,2.0,8.78,26.0,875.7,0.0,19.2,1.77,29.3,834.9,-9999.0,-9999.0,-9999.0,-9999.0,-9999.0,-9999.0,-9999.0,0.0,0,0,"time.struct_time(tm_year=2023, tm_mon=4, tm_mday=1, tm_hour=10, tm_min=6, tm_sec=15, tm_wday=5, tm_yday=91, tm_isdst=-1)",2023-04-01,2023,4,91,1,6
2023-04-01 10:08:45,40.76593,-111.909798,1277.5,-9999.0,-9999.0,-9999.0,13.81,12.74,6.0,42.06,1.0,2.0,8.78,26.0,875.8,0.0,15.7,1.78,29.3,835.3,-9999.0,-9999.0,-9999.0,-9999.0,-9999.0,-9999.0,-9999.0,0.0,0,0,"time.struct_time(tm_year=2023, tm_mon=4, tm_mday=1, tm_hour=10, tm_min=8, tm_sec=45, tm_wday=5, tm_yday=91, tm_isdst=-1)",2023-04-01,2023,4,91,1,8
2023-04-01 10:11:15,40.765942,-111.909798,1278.0,-9999.0,-9999.0,-9999.0,13.8,12.74,6.3,41.5,1.0,2.0,8.72,26.0,875.5,0.0,23.3,1.78,29.3,834.8,-9999.0,-9999.0,-9999.0,-9999.0,-9999.0,-9999.0,-9999.0,0.0,0,0,"time.struct_time(tm_year=2023, tm_mon=4, tm_mday=1, tm_hour=10, tm_min=11, tm_sec=15, tm_wday=5, tm_yday=91, tm_isdst=-1)",2023-04-01,2023,4,91,1,11
2023-04-01 10:14:50,40.765942,-111.909805,1277.9,-9999.0,-9999.0,-9999.0,13.81,12.74,6.61,41.16,0.0,2.0,8.72,26.0,875.6,0.0,21.9,1.77,29.3,834.8,-9999.0,-9999.0,-9999.0,-9999.0,-9999.0,-9999.0,-9999.0,0.0,0,0,"time.struct_time(tm_year=2023, tm_mon=4, tm_mday=1, tm_hour=10, tm_min=14, tm_sec=50, tm_wday=5, tm_yday=91, tm_isdst=-1)",2023-04-01,2023,4,91,1,14
2023-04-01 10:17:20,40.765965,-111.909805,1277.5,-9999.0,-9999.0,-9999.0,13.81,12.75,6.69,41.14,1.0,2.0,8.78,26.0,875.5,0.0,20.4,1.78,29.3,835.2,-9999.0,-9999.0,-9999.0,-9999.0,-9999.0,-9999.0,-9999.0,0.0,0,0,"time.struct_time(tm_year=2023, tm_mon=4, tm_mday=1, tm_hour=10, tm_min=17, tm_sec=20, tm_wday=5, tm_yday=91, tm_isdst=-1)",2023-04-01,2023,4,91,1,17
2023-04-01 10:19:50,40.765965,-111.909805,1277.3,-9999.0,-9999.0,-9999.0,13.81,12.76,6.7,41.73,1.0,2.0,8.72,26.0,875.7,0.0,26.8,1.79,29.3,834.7,-9999.0,-9999.0,-9999.0,-9999.0,-9999.0,-9999.0,-9999.0,0.0,0,0,"time.struct_time(tm_year=2023, tm_mon=4, tm_mday=1, tm_hour=10, tm_min=19, tm_sec=50, tm_wday=5, tm_yday=91, tm_isdst=-1)",2023-04-01,2023,4,91,1,19
2023-04-01 10:22:20,40.765957,-111.909813,1277.4,-9999.0,-9999.0,-9999.0,13.81,12.77,6.68,42.16,1.0,2.0,8.72,27.0,875.5,0.0,31.0,1.77,29.3,835.2,-9999.0,-9999.0,-9999.0,-9999.0,-9999.0,-9999.0,-9999.0,0.0,0,0,"time.struct_time(tm_year=2023, tm_mon=4, tm_mday=1, tm_hour=10, tm_min=22, tm_sec=20, tm_wday=5, tm_yday=91, tm_isdst=-1)",2023-04-01,2023,4,91,1,22
2023-04-01 10:24:50,40.765945,-111.909813,1275.1,-9999.0,-9999.0,-9999.0,13.81,12.77,6.74,42.28,1.0,2.0,8.72,27.0,875.6,0.0,27.8,1.78,29.3,834.7,-9999.0,-9999.0,-9999.0,-9999.0,-9999.0,-9999.0,-9999.0,0.0,0,0,"time.struct_time(tm_year=2023, tm_mon=4, tm_mday=1, tm_hour=10, tm_min=24, tm_sec=50, tm_wday=5, tm_yday=91, tm_isdst=-1)",2023-04-01,2023,4,91,1,24
2023-04-01 10:27:20,40.765945,-111.909805,1274.6,-9999.0,-9999.0,-9999.0,13.8,12.78,6.77,42.34,1.0,2.0,8.72,27.0,875.6,0.0,29.4,1.76,29.3,835.1,-9999.0,-9999.0,-9999.0,-9999.0,-9999.0,-9999.0,-9999.0,0.0,0,0,"time.struct_time(tm_year=2023, tm_mon=4, tm_mday=1, tm_hour=10, tm_min=27, tm_sec=20, tm_wday=5, tm_yday=91, tm_isdst=-1)",2023-04-01,2023,4,91,1,27
2023-04-01 10:29:50,40.765949,-111.90979,1272.8,-9999.0,-9999.0,-9999.0,13.8,12.78,6.72,42.72,1.0,2.0,8.72,27.0,875.5,0.0,22.9,1.77,29.3,834.6,-9999.0,-9999.0,-9999.0,-9999.0,-9999.0,-9999.0,-9999.0,0.0,0,0,"time.struct_time(tm_year=2023, tm_mon=4, tm_mday=1, tm_hour=10, tm_min=29, tm_sec=50, tm_wday=5, tm_yday=91, tm_isdst=-1)",2023-04-01,2023,4,91,1,29
2023-04-01 10:32:20,40.765945,-111.909775,1272.2,-9999.0,-9999.0,-9999.0,13.81,12.79,6.56,43.39,1.0,2.0,8.72,27.0,875.5,0.0,26.0,1.79,29.3,834.9,-9999.0,-9999.0,-9999.0,-9999.0,-9999.0,-9999.0,-9999.0,0.0,0,0,"time.struct_time(tm_year=2023, tm_mon=4, tm_mday=1, tm_hour=10, tm_min=32, tm_sec=20, tm_wday=5, tm_yday=91, tm_isdst=-1)",2023-04-01,2023,4,91,1,32
2023-04-01 10:34:50,40.765942,-111.909775,1272.0,-9999.0,-9999.0,-9999.0,13.8,12.79,6.0,45.1,1.0,2.0,8.72,27.0,875.5,0.0,29.4,1.8,29.3,834.5,-9999.0,-9999.0,-9999.0,-9999.0,-9999.0,-9999.0,-9999.0,0.0,0,0,"time.struct_time(tm_year=2023, tm_mon=4, tm_mday=1, tm_hour=10, tm_min=34, tm_sec=50, tm_wday=5, tm_yday=91, tm_isdst=-1)",2023-04-01,2023,4,91,1,34
2023-04-01 10:37:20,40.765942,-111.909775,1272.0,-9999.0,-9999.0,-9999.0,13.81,12.79,5.76,45.3,1.0,2.0,8.72,27.0,875.5,0.0,29.0,1.78,29.3,834.9,-9999.0,-9999.0,-9999.0,-9999.0,-9999.0,-9999.0,-9999.0,0.0,0,0,"time.struct_time(tm_year=2023, tm_mon=4, tm_mday=1, tm_hour=10, tm_min=37, tm_sec=20, tm_wday=5, tm_yday=91, tm_isdst=-1)",2023-04-01,2023,4,91,1,37
2023-04-01 10:39:50,40.765949,-111.90976,1271.3,-9999.0,-9999.0,-9999.0,13.8,12.8,5.68,45.14,1.0,2.0,8.72,27.0,875.5,0.0,25.8,1.79,29.3,834.6,-9999.0,-9999.0,-9999.0,-9999.0,-9999.0,-9999.0,-9999.0,0.0,0,0,"time.struct_time(tm_year=2023, tm_mon=4, tm_mday=1, tm_hour=10, tm_min=39, tm_sec=50, tm_wday=5, tm_yday=91, tm_isdst=-1)",2023-04-01,2023,4,91,1,39
2023-04-01 10:42:20,40.765942,-111.909767,1271.3,-9999.0,-9999.0,-9999.0,13.81,12.8,5.52,45.25,1.0,2.0,8.72,27.0,875.6,0.0,28.2,1.78,29.3,834.9,-9999.0,-9999.0,-9999.0,-9999.0,-9999.0,-9999.0,-9999.0,0.0,0,0,"time.struct_time(tm_year=2023, tm_mon=4, tm_mday=1, tm_hour=10, tm_min=42, tm_sec=20, tm_wday=5, tm_yday=91, tm_isdst=-1)",2023-04-01,2023,4,91,1,42
2023-04-01 10:44:50,40.765953,-111.909775,1271.7,-9999.0,-9999.0,-9999.0,13.8,12.81,5.56,44.01,1.0,2.0,8.78,26.0,875.3,0.0,28.3,1.78,29.3,834.6,-9999.0,-9999.0,-9999.0,-9999.0,-9999.0,-9999.0,-9999.0,0.0,0,0,"time.struct_time(tm_year=2023, tm_mon=4, tm_mday=1, tm_hour=10, tm_min=44, tm_sec=50, tm_wday=5, tm_yday=91, tm_isdst=-1)",2023-04-01,2023,4,91,1,44
2023-04-01 10:47:20,40.765957,-111.909767,1271.6,-9999.0,-9999.0,-9999.0,13.8,12.81,5.71,43.91,1.0,2.0,8.78,26.0,875.4,0.0,25.7,1.78,29.3,834.9,-9999.0,-9999.0,-9999.0,-9999.0,-9999.0,-9999.0,-9999.0,0.0,0,0,"time.struct_time(tm_year=2023, tm_mon=4, tm_mday=1, tm_hour=10, tm_min=47, tm_sec=20, tm_wday=5, tm_yday=91, tm_isdst=-1)",2023-04-01,2023,4,91,1,47
2023-04-01 10:49:50,40.765957,-111.90976,1272.7,-9999.0,-9999.0,-9999.0,13.8,12.82,5.94,42.68,1.0,2.0,8.78,26.0,875.6,0.0,29.3,1.78,29.4,834.7,-9999.0,-9999.0,-9999.0,-9999.0,-9999.0,-9999.0,-9999.0,0.0,0,0,"time.struct_time(tm_year=2023, tm_mon=4, tm_mday=1, tm_hour=10, tm_min=49, tm_sec=50, tm_wday=5, tm_yday=91, tm_isdst=-1)",2023-04-01,2023,4,91,1,49
2023-04-01 10:52:20,40.765965,-111.909744,1273.5,-9999.0,-9999.0,-9999.0,13.81,12.83,6.22,41.01,1.0,2.0,8.78,26.0,875.5,0.0,32.4,1.78,29.4,835.0,-9999.0,-9999.0,-9999.0,-9999.0,-9999.0,-9999.0,-9999.0,0.0,0,0,"time.struct_time(tm_year=2023, tm_mon=4, tm_mday=1, tm_hour=10, tm_min=52, tm_sec=20, tm_wday=5, tm_yday=91, tm_isdst=-1)",2023-04-01,2023,4,91,1,52
2023-04-01 10:54:50,40.765957,-111.909752,1273.7,-9999.0,-9999.0,-9999.0,13.8,12.83,6.42,40.67,1.0,2.0,8.78,26.0,875.5,0.0,29.3,1.79,29.4,834.5,-9999.0,-9999.0,-9999.0,-9999.0,-9999.0,-9999.0,-9999.0,0.0,0,0,"time.struct_time(tm_year=2023, tm_mon=4, tm_mday=1, tm_hour=10, tm_min=54, tm_sec=50, tm_wday=5, tm_yday=91, tm_isdst=-1)",2023-04-01,2023,4,91,1,54
2023-04-01 10:57:20,40.765961,-111.90976,1272.8,-9999.0,-9999.0,-9999.0,13.8,12.84,6.5,40.57,1.0,2.0,8.78,26.0,875.3,0.0,31.6,1.78,29.4,835.0,-9999.0,-9999.0,-9999.0,-9999.0,-9999.0,-9999.0,-9999.0,0.0,0,0,"time.struct_time(tm_year=2023, tm_mon=4, tm_mday=1, tm_hour=10, tm_min=57, tm_sec=20, tm_wday=5, tm_yday=91, tm_isdst=-1)",2023-04-01,2023,4,91,1,57
2023-04-01 10:59:50,40.765957,-111.909767,1272.9,-9999.0,-9999.0,-9999.0,13.8,12.84,6.6,40.35,1.0,2.0,8.78,26.0,875.4,0.0,30.4,1.78,29.4,834.5,-9999.0,-9999.0,-9999.0,-9999.0,-9999.0,-9999.0,-9999.0,0.0,0,0,"time.struct_time(tm_year=2023, tm_mon=4, tm_mday=1, tm_hour=10, tm_min=59, tm_sec=50, tm_wday=5, tm_yday=91, tm_isdst=-1)",2023-04-01,2023,4,91,1,59
2023-04-01 11:02:20,40.765953,-111.909767,1273.9,-9999.0,-9999.0,-9999.0,13.8,12.84,6.7,40.35,1.0,2.0,8.78,26.0,875.4,0.0,27.6,1.78,29.4,835.0,-9999.0,-9999.0,-9999.0,-9999.0,-9999.0,-9999.0,-9999.0,0.0,0,0,"time.struct_time(tm_year=2023, tm_mon=4, tm_mday=1, tm_hour=11, tm_min=2, tm_sec=20, tm_wday=5, tm_yday=91, tm_isdst=-1)",2023-04-01,2023,4,91,1,2
2023-04-01 11:04:50,40.765949,-111.90976,1275.0,-9999.0,-9999.0,-9999.0,13.8,12.85,6.91,39.37,1.0,2.0,8.78,26.0,875.4,0.0,33.7,1.77,29.4,834.6,-9999.0,-9999.0,-9999.0,-9999.0,-9999.0,-9999.0,-9999.0,0.0,0,0,"time.struct_time(tm_year=2023, tm_mon=4, tm_mday=1, tm_hour=11, tm_min=4, tm_sec=50, tm_wday=5, tm_yday=91, tm_isdst=-1)",2023-04-01,2023,4,91,1,4
2023-04-01 11:07:20,40.765953,-111.90976,1275.0,-9999.0,-9999.0,-9999.0,13.81,12.85,7.07,39.37,1.0,2.0,8.78,26.0,875.6,0.0,27.1,1.78,29.4,834.9,-9999.0,-9999.0,-9999.0,-9999.0,-9999.0,-9999.0,-9999.0,0.0,0,0,"time.struct_time(tm_year=2023, tm_mon=4, tm_mday=1, tm_hour=11, tm_min=7, tm_sec=20, tm_wday=5, tm_yday=91, tm_isdst=-1)",2023-04-01,2023,4,91,1,7
2023-04-01 11:09:50,40.765953,-111.909752,1274.2,-9999.0,-9999.0,-9999.0,13.8,12.86,6.88,39.77,1.0,2.0,8.78,26.0,875.4,0.0,26.0,1.78,29.4,834.6,-9999.0,-9999.0,-9999.0,-9999.0,-9999.0,-9999.0,-9999.0,0.0,0,0,"time.struct_time(tm_year=2023, tm_mon=4, tm_mday=1, tm_hour=11, tm_min=9, tm_sec=50, tm_wday=5, tm_yday=91, tm_isdst=-1)",2023-04-01,2023,4,91,1,9
2023-04-01 11:12:20,40.765953,-111.909767,1274.7,-9999.0,-9999.0,-9999.0,13.8,12.87,6.86,39.11,0.0,2.0,8.78,26.0,875.5,0.0,28.8,1.77,29.4,834.9,-9999.0,-9999.0,-9999.0,-9999.0,-9999.0,-9999.0,-9999.0,0.0,0,0,"time.struct_time(tm_year=2023, tm_mon=4, tm_mday=1, tm_hour=11, tm_min=12, tm_sec=20, tm_wday=5, tm_yday=91, tm_isdst=-1)",2023-04-01,2023,4,91,1,12
2023-04-01 11:15:55,40.765942,-111.909775,1272.3,-9999.0,-9999.0,-9999.0,13.8,12.88,7.04,38.74,1.0,2.0,8.78,26.0,875.4,0.0,29.0,1.78,29.4,834.9,-9999.0,-9999.0,-9999.0,-9999.0,-9999.0,-9999.0,-9999.0,0.0,0,0,"time.struct_time(tm_year=2023, tm_mon=4, tm_mday=1, tm_hour=11, tm_min=15, tm_sec=55, tm_wday=5, tm_yday=91, tm_isdst=-1)",2023-04-01,2023,4,91,1,15
2023-04-01 11:18:25,40.765926,-111.909775,1271.1,-9999.0,-9999.0,-9999.0,13.81,12.89,7.22,38.44,1.0,2.0,8.78,26.0,875.4,0.0,16.7,1.78,29.4,834.9,-9999.0,-9999.0,-9999.0,-9999.0,-9999.0,-9999.0,-9999.0,0.0,0,0,"time.struct_time(tm_year=2023, tm_mon=4, tm_mday=1, tm_hour=11, tm_min=18, tm_sec=25, tm_wday=5, tm_yday=91, tm_isdst=-1)",2023-04-01,2023,4,91,1,18
2023-04-01 11:20:55,40.765919,-111.90979,1271.0,-9999.0,-9999.0,-9999.0,13.81,12.9,7.27,38.22,1.0,2.0,8.78,26.0,875.2,0.0,26.6,1.78,29.4,834.8,-9999.0,-9999.0,-9999.0,-9999.0,-9999.0,-9999.0,-9999.0,0.0,0,0,"time.struct_time(tm_year=2023, tm_mon=4, tm_mday=1, tm_hour=11, tm_min=20, tm_sec=55, tm_wday=5, tm_yday=91, tm_isdst=-1)",2023-04-01,2023,4,91,1,20
2023-04-01 11:23:25,40.765942,-111.909805,1271.5,-9999.0,-9999.0,-9999.0,13.8,12.91,7.22,38.52,1.0,2.0,8.78,26.0,875.4,0.0,19.1,1.77,29.4,834.9,-9999.0,-9999.0,-9999.0,-9999.0,-9999.0,-9999.0,-9999.0,0.0,0,0,"time.struct_time(tm_year=2023, tm_mon=4, tm_mday=1, tm_hour=11, tm_min=23, tm_sec=25, tm_wday=5, tm_yday=91, tm_isdst=-1)",2023-04-01,2023,4,91,1,23
2023-04-01 11:25:55,40.765942,-111.909805,1271.0,-9999.0,-9999.0,-9999.0,13.81,12.92,7.19,38.93,1.0,2.0,8.78,26.0,875.3,0.0,17.7,1.78,29.4,834.9,-9999.0,-9999.0,-9999.0,-9999.0,-9999.0,-9999.0,-9999.0,0.0,0,0,"time.struct_time(tm_year=2023, tm_mon=4, tm_mday=1, tm_hour=11, tm_min=25, tm_sec=55, tm_wday=5, tm_yday=91, tm_isdst=-1)",2023-04-01,2023,4,91,1,25
2023-04-01 11:28:25,40.765945,-111.909805,1271.7,-9999.0,-9999.0,-9999.0,13.81,12.94,7.17,39.03,1.0,2.0,8.78,26.0,875.3,0.0,14.0,1.77,29.4,834.9,-9999.0,-9999.0,-9999.0,-9999.0,-9999.0,-9999.0,-9999.0,0.0,0,0,"time.struct_time(tm_year=2023, tm_mon=4, tm_mday=1, tm_hour=11, tm_min=28, tm_sec=25, tm_wday=5, tm_yday=91, tm_isdst=-1)",2023-04-01,2023,4,91,1,28
2023-04-01 11:30:55,40.765926,-111.909798,1270.2,-9999.0,-9999.0,-9999.0,13.8,12.95,7.13,39.51,1.0,2.0,8.89,26.0,875.5,0.0,21.6,1.78,29.4,834.9,-9999.0,-9999.0,-9999.0,-9999.0,-9999.0,-9999.0,-9999.0,0.0,0,0,"time.struct_time(tm_year=2023, tm_mon=4, tm_mday=1, tm_hour=11, tm_min=30, tm_sec=55, tm_wday=5, tm_yday=91, tm_isdst=-1)",2023-04-01,2023,4,91,1,30
2023-04-01 11:33:25,40.765919,-111.90979,1269.2,-9999.0,-9999.0,-9999.0,13.8,12.97,7.04,39.57,1.0,2.0,9.0,26.0,875.6,0.0,31.7,1.78,29.4,835.0,-9999.0,-9999.0,-9999.0,-9999.0,-9999.0,-9999.0,-9999.0,0.0,0,0,"time.struct_time(tm_year=2023, tm_mon=4, tm_mday=1, tm_hour=11, tm_min=33, tm_sec=25, tm_wday=5, tm_yday=91, tm_isdst=-1)",2023-04-01,2023,4,91,1,33
2023-04-01 11:35:55,40.765907,-111.909782,1268.4,-9999.0,-9999.0,-9999.0,13.81,12.99,6.88,39.49,1.0,2.0,9.0,26.0,875.5,0.0,36.6,1.79,29.4,835.0,-9999.0,-9999.0,-9999.0,-9999.0,-9999.0,-9999.0,-9999.0,0.0,0,0,"time.struct_time(tm_year=2023, tm_mon=4, tm_mday=1, tm_hour=11, tm_min=35, tm_sec=55, tm_wday=5, tm_yday=91, tm_isdst=-1)",2023-04-01,2023,4,91,1,35
2023-04-01 11:38:25,40.7659,-111.909775,1267.9,-9999.0,-9999.0,-9999.0,13.8,13.01,6.72,40.99,1.0,2.0,9.11,26.0,875.3,0.0,24.9,1.79,29.4,835.0,-9999.0,-9999.0,-9999.0,-9999.0,-9999.0,-9999.0,-9999.0,0.0,0,0,"time.struct_time(tm_year=2023, tm_mon=4, tm_mday=1, tm_hour=11, tm_min=38, tm_sec=25, tm_wday=5, tm_yday=91, tm_isdst=-1)",2023-04-01,2023,4,91,1,38
2023-04-01 11:40:55,40.765892,-111.90976,1266.9,-9999.0,-9999.0,-9999.0,13.8,13.03,6.62,41.2,1.0,2.0,9.11,26.0,875.5,0.0,27.1,1.78,29.5,834.8,-9999.0,-9999.0,-9999.0,-9999.0,-9999.0,-9999.0,-9999.0,0.0,0,0,"time.struct_time(tm_year=2023, tm_mon=4, tm_mday=1, tm_hour=11, tm_min=40, tm_sec=55, tm_wday=5, tm_yday=91, tm_isdst=-1)",2023-04-01,2023,4,91,1,40
2023-04-01 11:43:25,40.765888,-111.909744,1267.0,-9999.0,-9999.0,-9999.0,13.8,13.04,6.84,40.47,1.0,2.0,9.11,26.0,875.5,0.0,30.4,1.78,29.5,834.9,-9999.0,-9999.0,-9999.0,-9999.0,-9999.0,-9999.0,-9999.0,0.0,0,0,"time.struct_time(tm_year=2023, tm_mon=4, tm_mday=1, tm_hour=11, tm_min=43, tm_sec=25, tm_wday=5, tm_yday=91, tm_isdst=-1)",2023-04-01,2023,4,91,1,43
2023-04-01 11:45:55,40.765884,-111.909737,1266.1,-9999.0,-9999.0,-9999.0,13.8,13.06,7.13,39.87,1.0,2.0,9.11,26.0,875.3,0.0,34.0,1.78,29.5,834.8,-9999.0,-9999.0,-9999.0,-9999.0,-9999.0,-9999.0,-9999.0,0.0,0,0,"time.struct_time(tm_year=2023, tm_mon=4, tm_mday=1, tm_hour=11, tm_min=45, tm_sec=55, tm_wday=5, tm_yday=91, tm_isdst=-1)",2023-04-01,2023,4,91,1,45
