Timestamp_UTC,Latitude_ddeg,Longitude_ddeg,Elevation_m,GPS_Speed_m/s,GPS_Direction_deg,GPS_RMC_Valid_binary,Battery_Voltage_volts,Bus_Box_Temperature_degC,Bus_Top_Temperature_degC,Bus_Top_Relative_Humidity_%,ES642_PM2.5_Concentration_ug/m3,ES642_Air_Flow_Rate_L/min,ES642_Internal_Air_Temperature_degC,ES642_Internal_Relative_Humidity_%,ES642_Internal_Air_Pressure_hpa,ES642_Error_Code_code,2B_Ozone_Concentration_ppbv,2B_Air_Flow_Rate_L/min,2B_Internal_Air_Temperature_degC,2B_Internal_Air_Pressure_hpa,2B405_NO_Concentration_ppbv,2B405_NO2_Concentration_ppbv,2B405_NOX_Concentration_ppbv,2B405_Internal_Air_Temperature_degC,2B405_Internal_Air_Pressure_hpa,2B405_Air_Flow_Rate_L/min,2B405_Cell_O3_Flow_Rate_mL/min,PM2.5_Data_Flagged_binary,Ozone_Data_Flagged_binary,GPS_Data_Flagged_binary,Time_Tuple,Date,Year,Month,Day_of_Year,Day_of_Month,Minute,Hour,Transit_ID
2023-02-01 00:00:00,40.765709,-111.909706,1292.1,-9999.0,-9999.0,-9999.0,13.95,4.95,-5.74,45.95,6.0,2.0,0.28,16.0,883.8,0.0,17.5,1.76,23.3,842.4,-9999.0,-9999.0,-9999.0,-9999.0,-9999.0,-9999.0,-9999.0,0.0,0,1,"time.struct_time(tm_year=2023, tm_mon=2, tm_mday=1, tm_hour=0, tm_min=0, tm_sec=0, tm_wday=2, tm_yday=32, tm_isdst=-1)",2023-02-01,2023,2,32,1,0,0,BUS01
2023-02-01 00:02:30,40.765717,-111.909721,1290.3,-9999.0,-9999.0,-9999.0,13.95,4.8,-5.73,46.19,5.0,2.0,0.22,16.0,883.8,0.0,19.3,1.75,23.1,842.9,-9999.0,-9999.0,-9999.0,-9999.0,-9999.0,-9999.0,-9999.0,0.0,0,1,"time.struct_time(tm_year=2023, tm_mon=2, tm_mday=1, tm_hour=0, tm_min=2, tm_sec=30, tm_wday=2, tm_yday=32, tm_isdst=-1)",2023-02-01,2023,2,32,1,2,0,BUS01
2023-02-01 00:05:00,40.765724,-111.909714,1290.0,-9999.0,-9999.0,-9999.0,13.95,4.66,-5.87,46.73,5.0,2.0,0.0,16.0,883.8,0.0,21.8,1.74,23.0,842.4,-9999.0,-9999.0,-9999.0,-9999.0,-9999.0,-9999.0,-9999.0,0.0,0,0,"time.struct_time(tm_year=2023, tm_mon=2, tm_mday=1, tm_hour=0, tm_min=5, tm_sec=0, tm_wday=2, tm_yday=32, tm_isdst=-1)",2023-02-01,2023,2,32,1,5,0,BUS01
2023-02-01 00:07:30,40.765732,-111.909714,1290.0,-9999.0,-9999.0,-9999.0,13.98,4.53,-5.95,47.1,5.0,2.0,-0.11,17.0,883.5,0.0,20.5,1.75,22.8,842.9,-9999.0,-9999.0,-9999.0,-9999.0,-9999.0,-9999.0,-9999.0,0.0,0,0,"time.struct_time(tm_year=2023, tm_mon=2, tm_mday=1, tm_hour=0, tm_min=7, tm_sec=30, tm_wday=2, tm_yday=32, tm_isdst=-1)",2023-02-01,2023,2,32,1,7,0,BUS01
2023-02-01 00:11:05,40.765724,-111.909714,1288.6,-9999.0,-9999.0,-9999.0,13.98,4.33,-5.95,47.32,5.0,2.0,-0.22,17.0,883.7,0.0,19.3,1.74,22.6,842.4,-9999.0,-9999.0,-9999.0,-9999.0,-9999.0,-9999.0,-9999.0,0.0,0,0,"time.struct_time(tm_year=2023, tm_mon=2, tm_mday=1, tm_hour=0, tm_min=11, tm_sec=5, tm_wday=2, tm_yday=32, tm_isdst=-1)",2023-02-01,2023,2,32,1,11,0,BUS01
2023-02-01 00:13:35,40.765717,-111.909721,1287.4,-9999.0,-9999.0,-9999.0,13.98,4.21,-5.91,47.4,5.0,2.0,-0.39,17.0,883.9,0.0,19.1,1.74,22.5,843.0,-9999.0,-9999.0,-9999.0,-9999.0,-9999.0,-9999.0,-9999.0,0.0,0,0,"time.struct_time(tm_year=2023, tm_mon=2, tm_mday=1, tm_hour=0, tm_min=13, tm_sec=35, tm_wday=2, tm_yday=32, tm_isdst=-1)",2023-02-01,2023,2,32,1,13,0,BUS01
2023-02-01 00:16:05,40.765728,-111.909729,1288.1,-9999.0,-9999.0,-9999.0,13.98,4.08,-5.87,47.42,5.0,2.0,-0.5,17.0,883.8,0.0,16.5,1.74,22.4,842.4,-9999.0,-9999.0,-9999.0,-9999.0,-9999.0,-9999.0,-9999.0,0.0,0,0,"time.struct_time(tm_year=2023, tm_mon=2, tm_mday=1, tm_hour=0, tm_min=16, tm_sec=5, tm_wday=2, tm_yday=32, tm_isdst=-1)",2023-02-01,2023,2,32,1,16,0,BUS01
2023-02-01 00:18:35,40.765736,-111.909721,1288.7,-9999.0,-9999.0,-9999.0,13.98,3.97,-5.91,47.22,5.0,2.0,-0.72,17.0,883.7,0.0,17.7,1.74,22.2,843.0,-9999.0,-9999.0,-9999.0,-9999.0,-9999.0,-9999.0,-9999.0,0.0,0,0,"time.struct_time(tm_year=2023, tm_mon=2, tm_mday=1, tm_hour=0, tm_min=18, tm_sec=35, tm_wday=2, tm_yday=32, tm_isdst=-1)",2023-02-01,2023,2,32,1,18,0,BUS01
2023-02-01 00:22:10,40.765759,-111.909714,1287.5,-9999.0,-9999.0,-9999.0,13.98,3.81,-6.01,47.72,5.0,2.0,-0.78,17.0,883.7,0.0,17.9,1.75,22.0,843.0,-9999.0,-9999.0,-9999.0,-9999.0,-9999.0,-9999.0,-9999.0,0.0,0,0,"time.struct_time(tm_year=2023, tm_mon=2, tm_mday=1, tm_hour=0, tm_min=22, tm_sec=10, tm_wday=2, tm_yday=32, tm_isdst=-1)",2023-02-01,2023,2,32,1,22,0,BUS01
2023-02-01 00:24:40,40.765766,-111.909706,1287.4,-9999.0,-9999.0,-9999.0,13.98,3.7,-6.07,47.82,6.0,2.0,-0.89,18.0,883.7,0.0,18.5,1.74,21.9,842.5,-9999.0,-9999.0,-9999.0,-9999.0,-9999.0,-9999.0,-9999.0,0.0,0,0,"time.struct_time(tm_year=2023, tm_mon=2, tm_mday=1, tm_hour=0, tm_min=24, tm_sec=40, tm_wday=2, tm_yday=32, tm_isdst=-1)",2023-02-01,2023,2,32,1,24,0,BUS01
2023-02-01 00:27:10,40.765762,-111.909698,1287.4,-9999.0,-9999.0,-9999.0,13.98,3.59,-6.16,48.22,5.0,2.0,-1.0,18.0,884.0,0.0,22.3,1.74,21.8,843.1,-9999.0,-9999.0,-9999.0,-9999.0,-9999.0,-9999.0,-9999.0,0.0,0,0,"time.struct_time(tm_year=2023, tm_mon=2, tm_mday=1, tm_hour=0, tm_min=27, tm_sec=10, tm_wday=2, tm_yday=32, tm_isdst=-1)",2023-02-01,2023,2,32,1,27,0,BUS01
2023-02-01 00:29:40,40.765759,-111.909698,1287.2,-9999.0,-9999.0,-9999.0,13.98,3.48,-6.21,48.4,6.0,2.0,-1.0,18.0,883.8,0.0,20.8,1.75,21.7,842.5,-9999.0,-9999.0,-9999.0,-9999.0,-9999.0,-9999.0,-9999.0,0.0,0,0,"time.struct_time(tm_year=2023, tm_mon=2, tm_mday=1, tm_hour=0, tm_min=29, tm_sec=40, tm_wday=2, tm_yday=32, tm_isdst=-1)",2023-02-01,2023,2,32,1,29,0,BUS01
2023-02-01 00:32:10,40.765751,-111.909698,1288.0,-9999.0,-9999.0,-9999.0,13.98,3.37,-6.4,49.14,5.0,2.0,-1.11,18.0,884.0,0.0,24.8,1.74,21.5,843.1,-9999.0,-9999.0,-9999.0,-9999.0,-9999.0,-9999.0,-9999.0,0.0,0,0,"time.struct_time(tm_year=2023, tm_mon=2, tm_mday=1, tm_hour=0, tm_min=32, tm_sec=10, tm_wday=2, tm_yday=32, tm_isdst=-1)",2023-02-01,2023,2,32,1,32,0,BUS01
2023-02-01 00:34:40,40.765751,-111.909706,1288.0,-9999.0,-9999.0,-9999.0,13.98,3.27,-6.46,49.39,5.0,2.0,-1.22,18.0,883.9,0.0,25.3,1.73,21.4,842.7,-9999.0,-9999.0,-9999.0,-9999.0,-9999.0,-9999.0,-9999.0,0.0,0,0,"time.struct_time(tm_year=2023, tm_mon=2, tm_mday=1, tm_hour=0, tm_min=34, tm_sec=40, tm_wday=2, tm_yday=32, tm_isdst=-1)",2023-02-01,2023,2,32,1,34,0,BUS01
2023-02-01 00:37:10,40.765743,-111.909698,1288.4,-9999.0,-9999.0,-9999.0,13.98,3.16,-6.6,50.01,6.0,2.0,-1.28,18.0,883.8,0.0,24.3,1.74,21.3,843.1,-9999.0,-9999.0,-9999.0,-9999.0,-9999.0,-9999.0,-9999.0,0.0,0,0,"time.struct_time(tm_year=2023, tm_mon=2, tm_mday=1, tm_hour=0, tm_min=37, tm_sec=10, tm_wday=2, tm_yday=32, tm_isdst=-1)",2023-02-01,2023,2,32,1,37,0,BUS01
2023-02-01 00:39:40,40.765743,-111.909698,1289.0,-9999.0,-9999.0,-9999.0,13.98,3.05,-6.68,50.55,6.0,2.0,-1.5,18.0,884.0,0.0,20.8,1.73,21.2,842.6,-9999.0,-9999.0,-9999.0,-9999.0,-9999.0,-9999.0,-9999.0,0.0,0,0,"time.struct_time(tm_year=2023, tm_mon=2, tm_mday=1, tm_hour=0, tm_min=39, tm_sec=40, tm_wday=2, tm_yday=32, tm_isdst=-1)",2023-02-01,2023,2,32,1,39,0,BUS01
2023-02-01 00:42:10,40.765732,-111.909683,1288.6,-9999.0,-9999.0,-9999.0,13.98,2.93,-6.72,51.1,6.0,2.0,-1.72,19.0,884.1,0.0,21.0,1.73,21.1,843.3,-9999.0,-9999.0,-9999.0,-9999.0,-9999.0,-9999.0,-9999.0,0.0,0,0,"time.struct_time(tm_year=2023, tm_mon=2, tm_mday=1, tm_hour=0, tm_min=42, tm_sec=10, tm_wday=2, tm_yday=32, tm_isdst=-1)",2023-02-01,2023,2,32,1,42,0,BUS01
2023-02-01 00:44:40,40.765732,-111.909691,1288.3,-9999.0,-9999.0,-9999.0,13.98,2.82,-6.82,51.68,5.0,2.0,-1.72,19.0,883.9,0.0,26.4,1.74,21.0,842.6,-9999.0,-9999.0,-9999.0,-9999.0,-9999.0,-9999.0,-9999.0,0.0,0,0,"time.struct_time(tm_year=2023, tm_mon=2, tm_mday=1, tm_hour=0, tm_min=44, tm_sec=40, tm_wday=2, tm_yday=32, tm_isdst=-1)",2023-02-01,2023,2,32,1,44,0,BUS01
2023-02-01 00:47:10,40.765739,-111.909683,1287.4,-9999.0,-9999.0,-9999.0,13.98,2.71,-6.93,52.56,6.0,2.0,-1.78,19.0,883.9,0.0,20.7,1.74,20.9,843.3,-9999.0,-9999.0,-9999.0,-9999.0,-9999.0,-9999.0,-9999.0,0.0,0,0,"time.struct_time(tm_year=2023, tm_mon=2, tm_mday=1, tm_hour=0, tm_min=47, tm_sec=10, tm_wday=2, tm_yday=32, tm_isdst=-1)",2023-02-01,2023,2,32,1,47,0,BUS01
2023-02-01 00:49:40,40.765732,-111.909676,1286.8,-9999.0,-9999.0,-9999.0,13.98,2.6,-7.0,52.99,5.0,2.0,-2.0,19.0,884.1,0.0,15.1,1.73,20.7,842.5,-9999.0,-9999.0,-9999.0,-9999.0,-9999.0,-9999.0,-9999.0,0.0,0,0,"time.struct_time(tm_year=2023, tm_mon=2, tm_mday=1, tm_hour=0, tm_min=49, tm_sec=40, tm_wday=2, tm_yday=32, tm_isdst=-1)",2023-02-01,2023,2,32,1,49,0,BUS01
2023-02-01 00:52:10,40.765736,-111.909676,1286.2,-9999.0,-9999.0,-9999.0,13.98,2.49,-7.0,53.03,6.0,2.0,-2.11,19.0,884.1,0.0,21.1,1.73,20.6,843.4,-9999.0,-9999.0,-9999.0,-9999.0,-9999.0,-9999.0,-9999.0,0.0,0,0,"time.struct_time(tm_year=2023, tm_mon=2, tm_mday=1, tm_hour=0, tm_min=52, tm_sec=10, tm_wday=2, tm_yday=32, tm_isdst=-1)",2023-02-01,2023,2,32,1,52,0,BUS01
2023-02-01 00:54:40,40.765732,-111.909676,1286.3,-9999.0,-9999.0,-9999.0,13.98,2.38,-6.95,52.92,6.0,2.0,-2.22,19.0,884.0,0.0,17.9,1.74,20.5,842.4,-9999.0,-9999.0,-9999.0,-9999.0,-9999.0,-9999.0,-9999.0,0.0,0,0,"time.struct_time(tm_year=2023, tm_mon=2, tm_mday=1, tm_hour=0, tm_min=54, tm_sec=40, tm_wday=2, tm_yday=32, tm_isdst=-1)",2023-02-01,2023,2,32,1,54,0,BUS01
2023-02-01 00:59:15,40.765732,-111.909683,1285.1,-9999.0,-9999.0,-9999.0,14.02,2.21,-6.98,52.49,6.0,2.0,-2.28,20.0,884.0,0.0,18.2,1.72,20.3,843.3,-9999.0,-9999.0,-9999.0,-9999.0,-9999.0,-9999.0,-9999.0,0.0,0,0,"time.struct_time(tm_year=2023, tm_mon=2, tm_mday=1, tm_hour=0, tm_min=59, tm_sec=15, tm_wday=2, tm_yday=32, tm_isdst=-1)",2023-02-01,2023,2,32,1,59,0,BUS01
2023-02-01 01:01:45,40.765724,-111.909691,1285.0,-9999.0,-9999.0,-9999.0,14.02,2.11,-7.04,53.09,6.0,2.0,-2.39,20.0,883.9,0.0,16.1,1.74,20.2,842.6,-9999.0,-9999.0,-9999.0,-9999.0,-9999.0,-9999.0,-9999.0,0.0,0,0,"time.struct_time(tm_year=2023, tm_mon=2, tm_mday=1, tm_hour=1, tm_min=1, tm_sec=45, tm_wday=2, tm_yday=32, tm_isdst=-1)",2023-02-01,2023,2,32,1,1,1,BUS01
2023-02-01 01:04:15,40.765717,-111.909683,1285.0,-9999.0,-9999.0,-9999.0,14.02,2.02,-7.0,52.95,6.0,2.0,-2.5,20.0,884.1,0.0,18.5,1.73,20.1,843.3,-9999.0,-9999.0,-9999.0,-9999.0,-9999.0,-9999.0,-9999.0,0.0,0,0,"time.struct_time(tm_year=2023, tm_mon=2, tm_mday=1, tm_hour=1, tm_min=4, tm_sec=15, tm_wday=2, tm_yday=32, tm_isdst=-1)",2023-02-01,2023,2,32,1,4,1,BUS01
2023-02-01 01:06:45,40.765705,-111.909676,1285.1,-9999.0,-9999.0,-9999.0,14.02,1.94,-7.02,53.09,6.0,2.0,-2.61,20.0,883.9,0.0,18.4,1.73,20.0,842.4,-9999.0,-9999.0,-9999.0,-9999.0,-9999.0,-9999.0,-9999.0,0.0,0,0,"time.struct_time(tm_year=2023, tm_mon=2, tm_mday=1, tm_hour=1, tm_min=6, tm_sec=45, tm_wday=2, tm_yday=32, tm_isdst=-1)",2023-02-01,2023,2,32,1,6,1,BUS01
2023-02-01 01:09:15,40.765705,-111.909683,1285.0,-9999.0,-9999.0,-9999.0,14.02,1.85,-7.1,53.25,6.0,2.0,-2.72,20.0,883.9,0.0,20.2,1.73,19.9,843.3,-9999.0,-9999.0,-9999.0,-9999.0,-9999.0,-9999.0,-9999.0,0.0,0,0,"time.struct_time(tm_year=2023, tm_mon=2, tm_mday=1, tm_hour=1, tm_min=9, tm_sec=15, tm_wday=2, tm_yday=32, tm_isdst=-1)",2023-02-01,2023,2,32,1,9,1,BUS01
2023-02-01 01:12:55,40.765633,-111.909691,1282.2,-9999.0,-9999.0,-9999.0,14.02,1.73,-7.16,54.13,5.0,2.0,-2.78,20.0,883.8,0.0,17.9,1.72,19.8,843.3,-9999.0,-9999.0,-9999.0,-9999.0,-9999.0,-9999.0,-9999.0,0.0,0,0,"time.struct_time(tm_year=2023, tm_mon=2, tm_mday=1, tm_hour=1, tm_min=12, tm_sec=55, tm_wday=2, tm_yday=32, tm_isdst=-1)",2023-02-01,2023,2,32,1,12,1,BUS01
2023-02-01 01:15:25,40.765762,-111.909599,1281.5,-9999.0,-9999.0,-9999.0,14.02,1.65,-7.19,54.45,5.0,2.0,-2.89,21.0,883.7,0.0,18.1,1.72,19.7,842.4,-9999.0,-9999.0,-9999.0,-9999.0,-9999.0,-9999.0,-9999.0,0.0,0,0,"time.struct_time(tm_year=2023, tm_mon=2, tm_mday=1, tm_hour=1, tm_min=15, tm_sec=25, tm_wday=2, tm_yday=32, tm_isdst=-1)",2023-02-01,2023,2,32,1,15,1,BUS01
2023-02-01 01:17:55,40.765862,-111.909637,1281.8,-9999.0,-9999.0,-9999.0,14.02,1.57,-7.22,54.3,6.0,2.0,-3.0,21.0,884.0,0.0,19.3,1.72,19.6,843.2,-9999.0,-9999.0,-9999.0,-9999.0,-9999.0,-9999.0,-9999.0,0.0,0,0,"time.struct_time(tm_year=2023, tm_mon=2, tm_mday=1, tm_hour=1, tm_min=17, tm_sec=55, tm_wday=2, tm_yday=32, tm_isdst=-1)",2023-02-01,2023,2,32,1,17,1,BUS01
2023-02-01 01:20:25,40.765751,-111.909637,1284.0,-9999.0,-9999.0,-9999.0,14.02,1.5,-7.2,54.56,4.0,2.0,-3.11,21.0,884.0,0.0,22.0,1.73,19.5,842.5,-9999.0,-9999.0,-9999.0,-9999.0,-9999.0,-9999.0,-9999.0,0.0,0,0,"time.struct_time(tm_year=2023, tm_mon=2, tm_mday=1, tm_hour=1, tm_min=20, tm_sec=25, tm_wday=2, tm_yday=32, tm_isdst=-1)",2023-02-01,2023,2,32,1,20,1,BUS01
2023-02-01 01:22:55,40.765839,-111.909645,1282.3,-9999.0,-9999.0,-9999.0,14.02,1.43,-7.14,54.5,6.0,2.0,-3.11,21.0,884.1,0.0,15.2,1.74,19.4,843.4,-9999.0,-9999.0,-9999.0,-9999.0,-9999.0,-9999.0,-9999.0,0.0,0,0,"time.struct_time(tm_year=2023, tm_mon=2, tm_mday=1, tm_hour=1, tm_min=22, tm_sec=55, tm_wday=2, tm_yday=32, tm_isdst=-1)",2023-02-01,2023,2,32,1,22,1,BUS01
2023-02-01 01:25:25,40.765759,-111.909706,1282.5,-9999.0,-9999.0,-9999.0,14.02,1.36,-7.06,54.54,5.0,2.0,-3.11,21.0,884.0,0.0,12.3,1.73,19.4,842.6,-9999.0,-9999.0,-9999.0,-9999.0,-9999.0,-9999.0,-9999.0,0.0,0,0,"time.struct_time(tm_year=2023, tm_mon=2, tm_mday=1, tm_hour=1, tm_min=25, tm_sec=25, tm_wday=2, tm_yday=32, tm_isdst=-1)",2023-02-01,2023,2,32,1,25,1,BUS01
2023-02-01 01:27:55,40.765762,-111.909714,1282.1,-9999.0,-9999.0,-9999.0,14.02,1.3,-7.04,54.48,5.0,2.0,-3.22,21.0,883.9,0.0,15.6,1.73,19.3,843.3,-9999.0,-9999.0,-9999.0,-9999.0,-9999.0,-9999.0,-9999.0,0.0,0,0,"time.struct_time(tm_year=2023, tm_mon=2, tm_mday=1, tm_hour=1, tm_min=27, tm_sec=55, tm_wday=2, tm_yday=32, tm_isdst=-1)",2023-02-01,2023,2,32,1,27,1,BUS01
2023-02-01 01:30:25,40.765759,-111.909706,1282.0,-9999.0,-9999.0,-9999.0,14.02,1.25,-7.02,54.5,5.0,2.0,-3.22,22.0,883.9,0.0,17.5,1.73,19.2,842.7,-9999.0,-9999.0,-9999.0,-9999.0,-9999.0,-9999.0,-9999.0,0.0,0,0,"time.struct_time(tm_year=2023, tm_mon=2, tm_mday=1, tm_hour=1, tm_min=30, tm_sec=25, tm_wday=2, tm_yday=32, tm_isdst=-1)",2023-02-01,2023,2,32,1,30,1,BUS01
2023-02-01 01:32:55,40.765751,-111.909698,1282.9,-9999.0,-9999.0,-9999.0,14.02,1.2,-7.1,54.72,4.0,2.0,-3.28,22.0,883.8,0.0,16.5,1.72,19.1,843.4,-9999.0,-9999.0,-9999.0,-9999.0,-9999.0,-9999.0,-9999.0,0.0,0,0,"time.struct_time(tm_year=2023, tm_mon=2, tm_mday=1, tm_hour=1, tm_min=32, tm_sec=55, tm_wday=2, tm_yday=32, tm_isdst=-1)",2023-02-01,2023,2,32,1,32,1,BUS01
2023-02-01 01:35:25,40.765747,-111.909691,1283.1,-9999.0,-9999.0,-9999.0,14.02,1.14,-7.14,54.59,4.0,2.0,-3.39,22.0,883.9,0.0,19.4,1.72,19.0,842.7,-9999.0,-9999.0,-9999.0,-9999.0,-9999.0,-9999.0,-9999.0,0.0,0,0,"time.struct_time(tm_year=2023, tm_mon=2, tm_mday=1, tm_hour=1, tm_min=35, tm_sec=25, tm_wday=2, tm_yday=32, tm_isdst=-1)",2023-02-01,2023,2,32,1,35,1,BUS01
2023-02-01 01:37:55,40.765732,-111.909676,1284.0,-9999.0,-9999.0,-9999.0,14.02,1.09,-7.18,55.08,5.0,2.0,-3.39,22.0,884.0,0.0,15.7,1.73,19.0,843.5,-9999.0,-9999.0,-9999.0,-9999.0,-9999.0,-9999.0,-9999.0,0.0,0,0,"time.struct_time(tm_year=2023, tm_mon=2, tm_mday=1, tm_hour=1, tm_min=37, tm_sec=55, tm_wday=2, tm_yday=32, tm_isdst=-1)",2023-02-01,2023,2,32,1,37,1,BUS01
2023-02-01 01:40:25,40.765728,-111.909668,1285.0,-9999.0,-9999.0,-9999.0,14.02,1.04,-7.18,54.72,5.0,2.0,-3.39,22.0,883.9,0.0,19.1,1.72,18.9,842.5,-9999.0,-9999.0,-9999.0,-9999.0,-9999.0,-9999.0,-9999.0,0.0,0,0,"time.struct_time(tm_year=2023, tm_mon=2, tm_mday=1, tm_hour=1, tm_min=40, tm_sec=25, tm_wday=2, tm_yday=32, tm_isdst=-1)",2023-02-01,2023,2,32,1,40,1,BUS01
2023-02-01 01:42:55,40.76572,-111.909653,1285.8,-9999.0,-9999.0,-9999.0,14.02,0.99,-7.26,54.73,5.0,2.0,-3.5,22.0,883.9,0.0,18.9,1.73,18.9,843.3,-9999.0,-9999.0,-9999.0,-9999.0,-9999.0,-9999.0,-9999.0,0.0,0,0,"time.struct_time(tm_year=2023, tm_mon=2, tm_mday=1, tm_hour=1, tm_min=42, tm_sec=55, tm_wday=2, tm_yday=32, tm_isdst=-1)",2023-02-01,2023,2,32,1,42,1,BUS01
2023-02-01 01:45:25,40.76572,-111.909592,1288.0,-9999.0,-9999.0,-9999.0,14.02,0.94,-7.28,55.26,6.0,2.0,-3.5,22.0,883.8,0.0,15.5,1.72,18.8,842.5,-9999.0,-9999.0,-9999.0,-9999.0,-9999.0,-9999.0,-9999.0,0.0,0,0,"time.struct_time(tm_year=2023, tm_mon=2, tm_mday=1, tm_hour=1, tm_min=45, tm_sec=25, tm_wday=2, tm_yday=32, tm_isdst=-1)",2023-02-01,2023,2,32,1,45,1,BUS01
2023-02-01 01:47:55,40.765884,-111.909714,1250.3,-9999.0,-9999.0,-9999.0,14.02,0.89,-7.28,54.77,5.0,2.0,-3.61,22.0,884.1,0.0,16.3,1.72,18.7,843.4,-9999.0,-9999.0,-9999.0,-9999.0,-9999.0,-9999.0,-9999.0,0.0,0,0,"time.struct_time(tm_year=2023, tm_mon=2, tm_mday=1, tm_hour=1, tm_min=47, tm_sec=55, tm_wday=2, tm_yday=32, tm_isdst=-1)",2023-02-01,2023,2,32,1,47,1,BUS01
2023-02-01 01:50:25,40.765713,-111.909737,1258.3,-9999.0,-9999.0,-9999.0,14.02,0.84,-7.28,54.62,5.0,2.0,-3.61,22.0,884.0,0.0,17.7,1.72,18.7,842.6,-9999.0,-9999.0,-9999.0,-9999.0,-9999.0,-9999.0,-9999.0,0.0,0,0,"time.struct_time(tm_year=2023, tm_mon=2, tm_mday=1, tm_hour=1, tm_min=50, tm_sec=25, tm_wday=2, tm_yday=32, tm_isdst=-1)",2023-02-01,2023,2,32,1,50,1,BUS01
2023-02-01 01:52:55,40.765648,-111.909752,1260.7,-9999.0,-9999.0,-9999.0,14.02,0.8,-7.21,54.68,5.0,2.0,-3.72,22.0,883.9,0.0,18.7,1.71,18.6,843.4,-9999.0,-9999.0,-9999.0,-9999.0,-9999.0,-9999.0,-9999.0,0.0,0,0,"time.struct_time(tm_year=2023, tm_mon=2, tm_mday=1, tm_hour=1, tm_min=52, tm_sec=55, tm_wday=2, tm_yday=32, tm_isdst=-1)",2023-02-01,2023,2,32,1,52,1,BUS01
2023-02-01 01:55:25,40.765678,-111.909752,1261.8,-9999.0,-9999.0,-9999.0,14.02,0.75,-7.32,54.64,6.0,2.0,-3.72,23.0,883.8,0.0,8.5,1.72,18.6,842.5,-9999.0,-9999.0,-9999.0,-9999.0,-9999.0,-9999.0,-9999.0,0.0,0,0,"time.struct_time(tm_year=2023, tm_mon=2, tm_mday=1, tm_hour=1, tm_min=55, tm_sec=25, tm_wday=2, tm_yday=32, tm_isdst=-1)",2023-02-01,2023,2,32,1,55,1,BUS01
2023-02-01 01:57:55,40.765678,-111.909737,1262.1,-9999.0,-9999.0,-9999.0,14.06,0.71,-7.32,54.38,6.0,2.0,-3.72,23.0,883.9,0.0,15.2,1.72,18.5,843.3,-9999.0,-9999.0,-9999.0,-9999.0,-9999.0,-9999.0,-9999.0,0.0,0,0,"time.struct_time(tm_year=2023, tm_mon=2, tm_mday=1, tm_hour=1, tm_min=57, tm_sec=55, tm_wday=2, tm_yday=32, tm_isdst=-1)",2023-02-01,2023,2,32,1,57,1,BUS01
2023-02-01 02:00:25,40.765686,-111.909744,1262.5,-9999.0,-9999.0,-9999.0,14.06,0.68,-7.24,54.28,6.0,2.0,-3.78,23.0,884.0,0.0,14.1,1.73,18.5,842.4,-9999.0,-9999.0,-9999.0,-9999.0,-9999.0,-9999.0,-9999.0,0.0,0,0,"time.struct_time(tm_year=2023, tm_mon=2, tm_mday=1, tm_hour=2, tm_min=0, tm_sec=25, tm_wday=2, tm_yday=32, tm_isdst=-1)",2023-02-01,2023,2,32,1,0,2,BUS01
2023-02-01 02:02:55,40.76569,-111.909752,1265.0,-9999.0,-9999.0,-9999.0,14.06,0.64,-7.2,53.29,6.0,2.0,-3.78,23.0,884.1,0.0,15.3,1.73,18.4,843.4,-9999.0,-9999.0,-9999.0,-9999.0,-9999.0,-9999.0,-9999.0,0.0,0,0,"time.struct_time(tm_year=2023, tm_mon=2, tm_mday=1, tm_hour=2, tm_min=2, tm_sec=55, tm_wday=2, tm_yday=32, tm_isdst=-1)",2023-02-01,2023,2,32,1,2,2,BUS01
2023-02-01 02:05:25,40.76569,-111.909744,1266.5,-9999.0,-9999.0,-9999.0,14.06,0.61,-7.12,52.03,6.0,2.0,-3.78,23.0,884.0,0.0,14.0,1.72,18.4,842.5,-9999.0,-9999.0,-9999.0,-9999.0,-9999.0,-9999.0,-9999.0,0.0,0,0,"time.struct_time(tm_year=2023, tm_mon=2, tm_mday=1, tm_hour=2, tm_min=5, tm_sec=25, tm_wday=2, tm_yday=32, tm_isdst=-1)",2023-02-01,2023,2,32,1,5,2,BUS01
2023-02-01 02:07:55,40.76569,-111.909737,1266.2,-9999.0,-9999.0,-9999.0,14.06,0.58,-7.08,52.27,5.0,2.0,-3.78,23.0,884.0,0.0,15.3,1.72,18.3,843.5,-9999.0,-9999.0,-9999.0,-9999.0,-9999.0,-9999.0,-9999.0,0.0,0,0,"time.struct_time(tm_year=2023, tm_mon=2, tm_mday=1, tm_hour=2, tm_min=7, tm_sec=55, tm_wday=2, tm_yday=32, tm_isdst=-1)",2023-02-01,2023,2,32,1,7,2,BUS01
2023-02-01 02:10:40,40.76569,-111.909737,1266.5,-9999.0,-9999.0,-9999.0,14.06,0.55,-6.98,52.05,6.0,2.0,-3.89,23.0,883.9,0.0,13.0,1.72,18.3,842.5,-9999.0,-9999.0,-9999.0,-9999.0,-9999.0,-9999.0,-9999.0,0.0,0,0,"time.struct_time(tm_year=2023, tm_mon=2, tm_mday=1, tm_hour=2, tm_min=10, tm_sec=40, tm_wday=2, tm_yday=32, tm_isdst=-1)",2023-02-01,2023,2,32,1,10,2,BUS01
2023-02-01 02:14:15,40.765701,-111.909729,1266.0,-9999.0,-9999.0,-9999.0,14.05,0.51,-6.83,51.21,6.0,2.0,-3.89,23.0,883.8,0.0,11.2,1.72,18.2,843.4,-9999.0,-9999.0,-9999.0,-9999.0,-9999.0,-9999.0,-9999.0,0.0,0,0,"time.struct_time(tm_year=2023, tm_mon=2, tm_mday=1, tm_hour=2, tm_min=14, tm_sec=15, tm_wday=2, tm_yday=32, tm_isdst=-1)",2023-02-01,2023,2,32,1,14,2,BUS01
2023-02-01 02:16:45,40.765701,-111.909729,1264.9,-9999.0,-9999.0,-9999.0,14.06,0.5,-6.78,51.14,5.0,2.0,-3.89,23.0,883.7,0.0,15.7,1.72,18.2,842.4,-9999.0,-9999.0,-9999.0,-9999.0,-9999.0,-9999.0,-9999.0,0.0,0,0,"time.struct_time(tm_year=2023, tm_mon=2, tm_mday=1, tm_hour=2, tm_min=16, tm_sec=45, tm_wday=2, tm_yday=32, tm_isdst=-1)",2023-02-01,2023,2,32,1,16,2,BUS01
2023-02-01 02:19:15,40.765705,-111.909721,1265.5,-9999.0,-9999.0,-9999.0,14.06,0.48,-6.66,50.7,5.0,2.0,-3.89,23.0,883.8,0.0,10.8,1.71,18.1,843.4,-9999.0,-9999.0,-9999.0,-9999.0,-9999.0,-9999.0,-9999.0,0.0,0,0,"time.struct_time(tm_year=2023, tm_mon=2, tm_mday=1, tm_hour=2, tm_min=19, tm_sec=15, tm_wday=2, tm_yday=32, tm_isdst=-1)",2023-02-01,2023,2,32,1,19,2,BUS01
2023-02-01 02:21:45,40.765697,-111.909714,1267.5,-9999.0,-9999.0,-9999.0,14.06,0.47,-6.52,49.93,4.0,2.0,-3.89,23.0,883.8,0.0,15.0,1.72,18.1,842.3,-9999.0,-9999.0,-9999.0,-9999.0,-9999.0,-9999.0,-9999.0,0.0,0,0,"time.struct_time(tm_year=2023, tm_mon=2, tm_mday=1, tm_hour=2, tm_min=21, tm_sec=45, tm_wday=2, tm_yday=32, tm_isdst=-1)",2023-02-01,2023,2,32,1,21,2,BUS01
2023-02-01 02:24:15,40.765697,-111.909706,1267.4,-9999.0,-9999.0,-9999.0,14.06,0.47,-6.45,49.45,5.0,2.0,-3.89,23.0,883.9,0.0,15.4,1.72,18.1,843.3,-9999.0,-9999.0,-9999.0,-9999.0,-9999.0,-9999.0,-9999.0,0.0,0,0,"time.struct_time(tm_year=2023, tm_mon=2, tm_mday=1, tm_hour=2, tm_min=24, tm_sec=15, tm_wday=2, tm_yday=32, tm_isdst=-1)",2023-02-01,2023,2,32,1,24,2,BUS01
2023-02-01 02:26:45,40.765701,-111.909706,1267.8,-9999.0,-9999.0,-9999.0,14.06,0.47,-6.37,48.99,6.0,2.0,-3.89,23.0,883.8,0.0,12.5,1.73,18.0,842.4,-9999.0,-9999.0,-9999.0,-9999.0,-9999.0,-9999.0,-9999.0,0.0,0,0,"time.struct_time(tm_year=2023, tm_mon=2, tm_mday=1, tm_hour=2, tm_min=26, tm_sec=45, tm_wday=2, tm_yday=32, tm_isdst=-1)",2023-02-01,2023,2,32,1,26,2,BUS01
2023-02-01 02:29:15,40.765709,-111.909706,1268.7,-9999.0,-9999.0,-9999.0,14.06,0.47,-6.39,48.95,6.0,2.0,-3.89,23.0,883.9,0.0,8.8,1.73,18.0,843.5,-9999.0,-9999.0,-9999.0,-9999.0,-9999.0,-9999.0,-9999.0,0.0,0,0,"time.struct_time(tm_year=2023, tm_mon=2, tm_mday=1, tm_hour=2, tm_min=29, tm_sec=15, tm_wday=2, tm_yday=32, tm_isdst=-1)",2023-02-01,2023,2,32,1,29,2,BUS01
2023-02-01 02:31:45,40.76572,-111.909714,1269.7,-9999.0,-9999.0,-9999.0,14.06,0.46,-6.59,49.51,5.0,2.0,-3.78,23.0,884.1,0.0,20.4,1.72,18.0,842.4,-9999.0,-9999.0,-9999.0,-9999.0,-9999.0,-9999.0,-9999.0,0.0,0,0,"time.struct_time(tm_year=2023, tm_mon=2, tm_mday=1, tm_hour=2, tm_min=31, tm_sec=45, tm_wday=2, tm_yday=32, tm_isdst=-1)",2023-02-01,2023,2,32,1,31,2,BUS01
2023-02-01 02:34:15,40.765713,-111.909729,1270.7,-9999.0,-9999.0,-9999.0,14.06,0.46,-6.76,50.12,5.0,2.0,-3.89,23.0,883.9,0.0,20.8,1.72,17.9,843.5,-9999.0,-9999.0,-9999.0,-9999.0,-9999.0,-9999.0,-9999.0,0.0,0,0,"time.struct_time(tm_year=2023, tm_mon=2, tm_mday=1, tm_hour=2, tm_min=34, tm_sec=15, tm_wday=2, tm_yday=32, tm_isdst=-1)",2023-02-01,2023,2,32,1,34,2,BUS01
2023-02-01 02:36:45,40.765709,-111.909737,1272.2,-9999.0,-9999.0,-9999.0,14.06,0.45,-6.82,50.5,5.0,2.0,-3.89,23.0,884.1,0.0,14.8,1.72,17.9,842.6,-9999.0,-9999.0,-9999.0,-9999.0,-9999.0,-9999.0,-9999.0,0.0,0,0,"time.struct_time(tm_year=2023, tm_mon=2, tm_mday=1, tm_hour=2, tm_min=36, tm_sec=45, tm_wday=2, tm_yday=32, tm_isdst=-1)",2023-02-01,2023,2,32,1,36,2,BUS01
2023-02-01 02:39:15,40.765728,-111.909744,1272.2,-9999.0,-9999.0,-9999.0,14.05,0.43,-6.76,50.47,6.0,2.0,-3.89,23.0,884.1,0.0,19.4,1.72,17.9,843.5,-9999.0,-9999.0,-9999.0,-9999.0,-9999.0,-9999.0,-9999.0,0.0,0,0,"time.struct_time(tm_year=2023, tm_mon=2, tm_mday=1, tm_hour=2, tm_min=39, tm_sec=15, tm_wday=2, tm_yday=32, tm_isdst=-1)",2023-02-01,2023,2,32,1,39,2,BUS01
2023-02-01 02:41:45,40.765728,-111.909744,1272.0,-9999.0,-9999.0,-9999.0,14.06,0.43,-6.7,49.88,6.0,2.0,-3.89,23.0,884.0,0.0,17.7,1.72,17.9,842.5,-9999.0,-9999.0,-9999.0,-9999.0,-9999.0,-9999.0,-9999.0,0.0,0,0,"time.struct_time(tm_year=2023, tm_mon=2, tm_mday=1, tm_hour=2, tm_min=41, tm_sec=45, tm_wday=2, tm_yday=32, tm_isdst=-1)",2023-02-01,2023,2,32,1,41,2,BUS01
2023-02-01 02:44:15,40.765732,-111.909737,1273.1,-9999.0,-9999.0,-9999.0,14.06,0.42,-6.62,49.79,5.0,2.0,-3.89,23.0,884.0,0.0,17.6,1.72,17.9,843.5,-9999.0,-9999.0,-9999.0,-9999.0,-9999.0,-9999.0,-9999.0,0.0,0,0,"time.struct_time(tm_year=2023, tm_mon=2, tm_mday=1, tm_hour=2, tm_min=44, tm_sec=15, tm_wday=2, tm_yday=32, tm_isdst=-1)",2023-02-01,2023,2,32,1,44,2,BUS01
2023-02-01 02:46:45,40.765736,-111.909744,1274.1,-9999.0,-9999.0,-9999.0,14.06,0.41,-6.43,48.61,6.0,2.0,-3.89,24.0,883.9,0.0,22.6,1.72,17.8,842.4,-9999.0,-9999.0,-9999.0,-9999.0,-9999.0,-9999.0,-9999.0,0.0,0,0,"time.struct_time(tm_year=2023, tm_mon=2, tm_mday=1, tm_hour=2, tm_min=46, tm_sec=45, tm_wday=2, tm_yday=32, tm_isdst=-1)",2023-02-01,2023,2,32,1,46,2,BUS01
2023-02-01 02:49:15,40.765736,-111.909744,1274.8,-9999.0,-9999.0,-9999.0,14.06,0.41,-6.45,48.87,5.0,2.0,-3.89,24.0,884.0,0.0,21.9,1.72,17.8,843.5,-9999.0,-9999.0,-9999.0,-9999.0,-9999.0,-9999.0,-9999.0,0.0,0,0,"time.struct_time(tm_year=2023, tm_mon=2, tm_mday=1, tm_hour=2, tm_min=49, tm_sec=15, tm_wday=2, tm_yday=32, tm_isdst=-1)",2023-02-01,2023,2,32,1,49,2,BUS01
2023-02-01 02:51:45,40.765743,-111.909737,1275.5,-9999.0,-9999.0,-9999.0,14.06,0.41,-6.32,48.73,5.0,2.0,-3.89,24.0,884.0,0.0,18.8,1.72,17.8,842.4,-9999.0,-9999.0,-9999.0,-9999.0,-9999.0,-9999.0,-9999.0,0.0,0,0,"time.struct_time(tm_year=2023, tm_mon=2, tm_mday=1, tm_hour=2, tm_min=51, tm_sec=45, tm_wday=2, tm_yday=32, tm_isdst=-1)",2023-02-01,2023,2,32,1,51,2,BUS01
2023-02-01 06:07:20,40.765762,-111.909714,1288.5,-9999.0,-9999.0,-9999.0,14.13,-3.04,-5.63,51.5,8.0,2.0,-7.0,32.0,883.5,0.0,10.7,1.62,0.7,844.0,-9999.0,-9999.0,-9999.0,-9999.0,-9999.0,-9999.0,-9999.0,0.0,0,1,"time.struct_time(tm_year=2023, tm_mon=2, tm_mday=1, tm_hour=6, tm_min=7, tm_sec=20, tm_wday=2, tm_yday=32, tm_isdst=-1)",2023-02-01,2023,2,32,1,7,6,BUS01
2023-02-01 06:09:50,40.765739,-111.909721,1272.8,-9999.0,-9999.0,-9999.0,14.13,-3.05,-5.67,51.48,7.0,2.0,-7.0,34.0,883.5,0.0,13.7,1.63,2.1,841.8,-9999.0,-9999.0,-9999.0,-9999.0,-9999.0,-9999.0,-9999.0,0.0,0,1,"time.struct_time(tm_year=2023, tm_mon=2, tm_mday=1, tm_hour=6, tm_min=9, tm_sec=50, tm_wday=2, tm_yday=32, tm_isdst=-1)",2023-02-01,2023,2,32,1,9,6,BUS01
2023-02-01 06:12:20,40.765816,-111.909744,1282.3,-9999.0,-9999.0,-9999.0,14.13,-3.03,-5.69,51.7,6.0,2.0,-6.89,34.0,883.9,0.0,9.3,1.64,3.4,844.0,-9999.0,-9999.0,-9999.0,-9999.0,-9999.0,-9999.0,-9999.0,0.0,0,1,"time.struct_time(tm_year=2023, tm_mon=2, tm_mday=1, tm_hour=6, tm_min=12, tm_sec=20, tm_wday=2, tm_yday=32, tm_isdst=-1)",2023-02-01,2023,2,32,1,12,6,BUS01
2023-02-01 06:14:50,40.765839,-111.909698,1287.7,-9999.0,-9999.0,-9999.0,14.13,-2.98,-5.69,51.8,7.0,2.0,-6.78,33.0,884.1,0.0,5.5,1.64,4.4,842.0,-9999.0,-9999.0,-9999.0,-9999.0,-9999.0,-9999.0,-9999.0,0.0,0,1,"time.struct_time(tm_year=2023, tm_mon=2, tm_mday=1, tm_hour=6, tm_min=14, tm_sec=50, tm_wday=2, tm_yday=32, tm_isdst=-1)",2023-02-01,2023,2,32,1,14,6,BUS01
2023-02-01 06:17:20,40.765747,-111.909721,1284.7,-9999.0,-9999.0,-9999.0,13.58,-2.91,-5.67,51.38,7.0,2.0,-6.61,32.0,883.9,0.0,11.0,1.64,5.4,843.9,-9999.0,-9999.0,-9999.0,-9999.0,-9999.0,-9999.0,-9999.0,0.0,0,1,"time.struct_time(tm_year=2023, tm_mon=2, tm_mday=1, tm_hour=6, tm_min=17, tm_sec=20, tm_wday=2, tm_yday=32, tm_isdst=-1)",2023-02-01,2023,2,32,1,17,6,BUS01
2023-02-01 06:19:50,40.765713,-111.909698,1284.0,-9999.0,-9999.0,-9999.0,14.09,-2.81,-5.65,51.24,7.0,2.0,-6.39,31.0,884.1,0.0,10.9,1.64,6.2,841.7,-9999.0,-9999.0,-9999.0,-9999.0,-9999.0,-9999.0,-9999.0,0.0,0,1,"time.struct_time(tm_year=2023, tm_mon=2, tm_mday=1, tm_hour=6, tm_min=19, tm_sec=50, tm_wday=2, tm_yday=32, tm_isdst=-1)",2023-02-01,2023,2,32,1,19,6,BUS01
2023-02-01 06:22:20,40.76572,-111.909698,1284.2,-9999.0,-9999.0,-9999.0,14.09,-2.7,-5.67,51.24,6.0,2.0,-6.28,31.0,884.0,0.0,10.7,1.66,7.0,843.9,-9999.0,-9999.0,-9999.0,-9999.0,-9999.0,-9999.0,-9999.0,0.0,0,1,"time.struct_time(tm_year=2023, tm_mon=2, tm_mday=1, tm_hour=6, tm_min=22, tm_sec=20, tm_wday=2, tm_yday=32, tm_isdst=-1)",2023-02-01,2023,2,32,1,22,6,BUS01
2023-02-01 06:24:50,40.765743,-111.909622,1253.4,-9999.0,-9999.0,-9999.0,14.09,-2.57,-5.83,51.76,7.0,2.0,-6.0,30.0,884.3,0.0,6.9,1.66,7.6,842.1,-9999.0,-9999.0,-9999.0,-9999.0,-9999.0,-9999.0,-9999.0,0.0,0,1,"time.struct_time(tm_year=2023, tm_mon=2, tm_mday=1, tm_hour=6, tm_min=24, tm_sec=50, tm_wday=2, tm_yday=32, tm_isdst=-1)",2023-02-01,2023,2,32,1,24,6,BUS01
2023-02-01 06:27:20,40.765656,-111.909782,1267.3,-9999.0,-9999.0,-9999.0,14.09,-2.45,-5.87,51.64,7.0,2.0,-5.78,29.0,884.1,0.0,7.6,1.67,8.3,844.0,-9999.0,-9999.0,-9999.0,-9999.0,-9999.0,-9999.0,-9999.0,0.0,0,1,"time.struct_time(tm_year=2023, tm_mon=2, tm_mday=1, tm_hour=6, tm_min=27, tm_sec=20, tm_wday=2, tm_yday=32, tm_isdst=-1)",2023-02-01,2023,2,32,1,27,6,BUS01
2023-02-01 06:29:50,40.765797,-111.909592,1274.5,-9999.0,-9999.0,-9999.0,14.09,-2.32,-5.93,52.24,9.0,2.0,-5.61,28.0,884.1,0.0,11.4,1.66,8.9,842.1,-9999.0,-9999.0,-9999.0,-9999.0,-9999.0,-9999.0,-9999.0,0.0,0,1,"time.struct_time(tm_year=2023, tm_mon=2, tm_mday=1, tm_hour=6, tm_min=29, tm_sec=50, tm_wday=2, tm_yday=32, tm_isdst=-1)",2023-02-01,2023,2,32,1,29,6,BUS01
2023-02-01 06:32:20,40.765656,-111.909599,1248.7,-9999.0,-9999.0,-9999.0,14.09,-2.19,-6.08,52.89,8.0,2.0,-5.39,28.0,884.4,0.0,4.9,1.67,9.4,844.0,-9999.0,-9999.0,-9999.0,-9999.0,-9999.0,-9999.0,-9999.0,0.0,0,1,"time.struct_time(tm_year=2023, tm_mon=2, tm_mday=1, tm_hour=6, tm_min=32, tm_sec=20, tm_wday=2, tm_yday=32, tm_isdst=-1)",2023-02-01,2023,2,32,1,32,6,BUS01
2023-02-01 06:34:50,40.765621,-111.909683,1270.3,-9999.0,-9999.0,-9999.0,14.09,-2.07,-6.15,53.48,7.0,2.0,-5.22,27.0,884.2,0.0,3.5,1.67,9.9,842.4,-9999.0,-9999.0,-9999.0,-9999.0,-9999.0,-9999.0,-9999.0,0.0,0,1,"time.struct_time(tm_year=2023, tm_mon=2, tm_mday=1, tm_hour=6, tm_min=34, tm_sec=50, tm_wday=2, tm_yday=32, tm_isdst=-1)",2023-02-01,2023,2,32,1,34,6,BUS01
2023-02-01 06:37:20,40.765774,-111.909576,1240.5,-9999.0,-9999.0,-9999.0,14.09,-1.95,-6.15,53.35,8.0,2.0,-5.11,27.0,884.1,0.0,5.9,1.67,10.3,844.0,-9999.0,-9999.0,-9999.0,-9999.0,-9999.0,-9999.0,-9999.0,0.0,0,1,"time.struct_time(tm_year=2023, tm_mon=2, tm_mday=1, tm_hour=6, tm_min=37, tm_sec=20, tm_wday=2, tm_yday=32, tm_isdst=-1)",2023-02-01,2023,2,32,1,37,6,BUS01
2023-02-01 06:39:50,40.765839,-111.909843,1271.2,-9999.0,-9999.0,-9999.0,14.09,-1.84,-6.15,53.35,8.0,2.0,-4.89,27.0,884.1,0.0,-0.7,1.67,10.7,842.2,-9999.0,-9999.0,-9999.0,-9999.0,-9999.0,-9999.0,-9999.0,0.0,0,1,"time.struct_time(tm_year=2023, tm_mon=2, tm_mday=1, tm_hour=6, tm_min=39, tm_sec=50, tm_wday=2, tm_yday=32, tm_isdst=-1)",2023-02-01,2023,2,32,1,39,6,BUS01
2023-02-01 06:42:20,40.765896,-111.909798,1269.2,-9999.0,-9999.0,-9999.0,14.09,-1.74,-6.08,53.48,8.0,2.0,-4.78,27.0,884.1,0.0,-5.3,1.68,11.1,844.1,-9999.0,-9999.0,-9999.0,-9999.0,-9999.0,-9999.0,-9999.0,0.0,0,1,"time.struct_time(tm_year=2023, tm_mon=2, tm_mday=1, tm_hour=6, tm_min=42, tm_sec=20, tm_wday=2, tm_yday=32, tm_isdst=-1)",2023-02-01,2023,2,32,1,42,6,BUS01
2023-02-01 06:44:50,40.765511,-111.909752,1238.1,-9999.0,-9999.0,-9999.0,14.09,-1.63,-5.93,52.14,8.0,2.0,-4.61,27.0,883.9,0.0,3.6,1.69,11.5,842.3,-9999.0,-9999.0,-9999.0,-9999.0,-9999.0,-9999.0,-9999.0,0.0,0,1,"time.struct_time(tm_year=2023, tm_mon=2, tm_mday=1, tm_hour=6, tm_min=44, tm_sec=50, tm_wday=2, tm_yday=32, tm_isdst=-1)",2023-02-01,2023,2,32,1,44,6,BUS01
2023-02-01 06:47:20,40.765701,-111.909676,1232.1,-9999.0,-9999.0,-9999.0,14.09,-1.53,-5.73,51.0,9.0,2.0,-4.61,27.0,884.0,0.0,8.9,1.68,11.9,844.0,-9999.0,-9999.0,-9999.0,-9999.0,-9999.0,-9999.0,-9999.0,0.0,0,1,"time.struct_time(tm_year=2023, tm_mon=2, tm_mday=1, tm_hour=6, tm_min=47, tm_sec=20, tm_wday=2, tm_yday=32, tm_isdst=-1)",2023-02-01,2023,2,32,1,47,6,BUS01
2023-02-01 06:49:50,40.765625,-111.909691,1274.8,-9999.0,-9999.0,-9999.0,14.09,-1.43,-5.57,50.59,8.0,2.0,-4.5,27.0,884.0,0.0,5.7,1.67,12.2,842.6,-9999.0,-9999.0,-9999.0,-9999.0,-9999.0,-9999.0,-9999.0,0.0,0,1,"time.struct_time(tm_year=2023, tm_mon=2, tm_mday=1, tm_hour=6, tm_min=49, tm_sec=50, tm_wday=2, tm_yday=32, tm_isdst=-1)",2023-02-01,2023,2,32,1,49,6,BUS01
2023-02-01 06:52:20,40.765923,-111.909744,1285.2,-9999.0,-9999.0,-9999.0,14.09,-1.34,-5.45,50.21,8.0,2.0,-4.39,27.0,884.0,0.0,0.3,1.67,12.5,843.9,-9999.0,-9999.0,-9999.0,-9999.0,-9999.0,-9999.0,-9999.0,0.0,0,1,"time.struct_time(tm_year=2023, tm_mon=2, tm_mday=1, tm_hour=6, tm_min=52, tm_sec=20, tm_wday=2, tm_yday=32, tm_isdst=-1)",2023-02-01,2023,2,32,1,52,6,BUS01
2023-02-01 06:54:50,40.765747,-111.909676,1285.7,-9999.0,-9999.0,-9999.0,14.09,-1.25,-5.29,49.73,8.0,2.0,-4.28,27.0,884.4,0.0,6.0,1.66,12.8,842.4,-9999.0,-9999.0,-9999.0,-9999.0,-9999.0,-9999.0,-9999.0,0.0,0,1,"time.struct_time(tm_year=2023, tm_mon=2, tm_mday=1, tm_hour=6, tm_min=54, tm_sec=50, tm_wday=2, tm_yday=32, tm_isdst=-1)",2023-02-01,2023,2,32,1,54,6,BUS01
2023-02-01 06:57:20,40.76569,-111.909615,1261.2,-9999.0,-9999.0,-9999.0,14.09,-1.16,-5.15,49.33,8.0,2.0,-4.22,27.0,884.1,0.0,2.5,1.67,13.0,844.1,-9999.0,-9999.0,-9999.0,-9999.0,-9999.0,-9999.0,-9999.0,0.0,0,1,"time.struct_time(tm_year=2023, tm_mon=2, tm_mday=1, tm_hour=6, tm_min=57, tm_sec=20, tm_wday=2, tm_yday=32, tm_isdst=-1)",2023-02-01,2023,2,32,1,57,6,BUS01
2023-02-01 06:59:50,40.765747,-111.909714,1258.5,-9999.0,-9999.0,-9999.0,14.09,-1.07,-5.05,49.03,8.0,2.0,-4.22,27.0,884.3,0.0,2.4,1.66,13.3,842.4,-9999.0,-9999.0,-9999.0,-9999.0,-9999.0,-9999.0,-9999.0,0.0,0,1,"time.struct_time(tm_year=2023, tm_mon=2, tm_mday=1, tm_hour=6, tm_min=59, tm_sec=50, tm_wday=2, tm_yday=32, tm_isdst=-1)",2023-02-01,2023,2,32,1,59,6,BUS01
2023-02-01 07:02:20,40.765671,-111.90976,1315.1,-9999.0,-9999.0,-9999.0,14.09,-0.98,-5.04,49.09,9.0,2.0,-4.11,27.0,884.0,0.0,0.0,1.67,13.5,843.9,-9999.0,-9999.0,-9999.0,-9999.0,-9999.0,-9999.0,-9999.0,0.0,0,1,"time.struct_time(tm_year=2023, tm_mon=2, tm_mday=1, tm_hour=7, tm_min=2, tm_sec=20, tm_wday=2, tm_yday=32, tm_isdst=-1)",2023-02-01,2023,2,32,1,2,7,BUS01
2023-02-01 07:05:55,40.765942,-111.909782,1321.0,-9999.0,-9999.0,-9999.0,14.09,-0.84,-5.33,50.76,8.0,2.0,-4.0,27.0,884.2,0.0,4.1,1.67,13.9,842.4,-9999.0,-9999.0,-9999.0,-9999.0,-9999.0,-9999.0,-9999.0,0.0,0,1,"time.struct_time(tm_year=2023, tm_mon=2, tm_mday=1, tm_hour=7, tm_min=5, tm_sec=55, tm_wday=2, tm_yday=32, tm_isdst=-1)",2023-02-01,2023,2,32,1,5,7,BUS01
2023-02-01 07:08:25,40.765663,-111.909676,1281.9,-9999.0,-9999.0,-9999.0,14.08,-0.75,-5.27,51.1,9.0,2.0,-3.89,27.0,884.0,0.0,-0.4,1.67,14.1,843.8,-9999.0,-9999.0,-9999.0,-9999.0,-9999.0,-9999.0,-9999.0,0.0,0,1,"time.struct_time(tm_year=2023, tm_mon=2, tm_mday=1, tm_hour=7, tm_min=8, tm_sec=25, tm_wday=2, tm_yday=32, tm_isdst=-1)",2023-02-01,2023,2,32,1,8,7,BUS01
2023-02-01 07:10:55,40.765862,-111.909798,1303.4,-9999.0,-9999.0,-9999.0,14.09,-0.65,-5.19,50.41,8.0,2.0,-3.89,27.0,884.2,0.0,5.5,1.68,14.3,842.3,-9999.0,-9999.0,-9999.0,-9999.0,-9999.0,-9999.0,-9999.0,0.0,0,1,"time.struct_time(tm_year=2023, tm_mon=2, tm_mday=1, tm_hour=7, tm_min=10, tm_sec=55, tm_wday=2, tm_yday=32, tm_isdst=-1)",2023-02-01,2023,2,32,1,10,7,BUS01
2023-02-01 07:13:25,40.765808,-111.909668,1278.0,-9999.0,-9999.0,-9999.0,14.09,-0.56,-5.11,50.21,10.0,2.0,-3.78,28.0,883.9,0.0,-1.0,1.68,14.5,843.6,-9999.0,-9999.0,-9999.0,-9999.0,-9999.0,-9999.0,-9999.0,0.0,0,1,"time.struct_time(tm_year=2023, tm_mon=2, tm_mday=1, tm_hour=7, tm_min=13, tm_sec=25, tm_wday=2, tm_yday=32, tm_isdst=-1)",2023-02-01,2023,2,32,1,13,7,BUS01
2023-02-01 07:15:55,40.765823,-111.909698,1285.8,-9999.0,-9999.0,-9999.0,14.09,-0.46,-4.97,49.81,7.0,2.0,-3.72,28.0,884.0,0.0,-0.6,1.68,14.7,842.4,-9999.0,-9999.0,-9999.0,-9999.0,-9999.0,-9999.0,-9999.0,0.0,0,1,"time.struct_time(tm_year=2023, tm_mon=2, tm_mday=1, tm_hour=7, tm_min=15, tm_sec=55, tm_wday=2, tm_yday=32, tm_isdst=-1)",2023-02-01,2023,2,32,1,15,7,BUS01
2023-02-01 07:18:25,40.765831,-111.90963,1281.3,-9999.0,-9999.0,-9999.0,14.05,-0.36,-4.83,48.81,8.0,2.0,-3.61,27.0,884.0,0.0,1.3,1.68,14.9,843.5,-9999.0,-9999.0,-9999.0,-9999.0,-9999.0,-9999.0,-9999.0,0.0,0,1,"time.struct_time(tm_year=2023, tm_mon=2, tm_mday=1, tm_hour=7, tm_min=18, tm_sec=25, tm_wday=2, tm_yday=32, tm_isdst=-1)",2023-02-01,2023,2,32,1,18,7,BUS01
2023-02-01 07:22:00,40.765751,-111.90992,1295.3,-9999.0,-9999.0,-9999.0,14.06,-0.21,-4.76,49.14,8.0,2.0,-3.5,27.0,883.9,0.0,5.1,1.69,15.1,843.5,-9999.0,-9999.0,-9999.0,-9999.0,-9999.0,-9999.0,-9999.0,0.0,0,1,"time.struct_time(tm_year=2023, tm_mon=2, tm_mday=1, tm_hour=7, tm_min=22, tm_sec=0, tm_wday=2, tm_yday=32, tm_isdst=-1)",2023-02-01,2023,2,32,1,22,7,BUS01
2023-02-01 07:24:30,40.765709,-111.909637,1236.5,-9999.0,-9999.0,-9999.0,14.06,-0.11,-4.7,48.83,8.0,2.0,-3.39,28.0,883.9,0.0,-0.6,1.68,15.3,842.5,-9999.0,-9999.0,-9999.0,-9999.0,-9999.0,-9999.0,-9999.0,0.0,0,1,"time.struct_time(tm_year=2023, tm_mon=2, tm_mday=1, tm_hour=7, tm_min=24, tm_sec=30, tm_wday=2, tm_yday=32, tm_isdst=-1)",2023-02-01,2023,2,32,1,24,7,BUS01
2023-02-01 07:27:00,40.765774,-111.909645,1241.4,-9999.0,-9999.0,-9999.0,14.06,-0.0,-4.57,48.42,9.0,2.0,-3.22,28.0,883.8,0.0,-4.1,1.68,15.5,843.5,-9999.0,-9999.0,-9999.0,-9999.0,-9999.0,-9999.0,-9999.0,0.0,0,1,"time.struct_time(tm_year=2023, tm_mon=2, tm_mday=1, tm_hour=7, tm_min=27, tm_sec=0, tm_wday=2, tm_yday=32, tm_isdst=-1)",2023-02-01,2023,2,32,1,27,7,BUS01
2023-02-01 07:29:30,40.765808,-111.909698,1242.1,-9999.0,-9999.0,-9999.0,14.06,0.1,-4.46,48.95,9.0,2.0,-3.11,28.0,883.8,0.0,2.9,1.68,15.7,842.4,-9999.0,-9999.0,-9999.0,-9999.0,-9999.0,-9999.0,-9999.0,0.0,0,1,"time.struct_time(tm_year=2023, tm_mon=2, tm_mday=1, tm_hour=7, tm_min=29, tm_sec=30, tm_wday=2, tm_yday=32, tm_isdst=-1)",2023-02-01,2023,2,32,1,29,7,BUS01
2023-02-01 07:32:00,40.765656,-111.909546,1222.4,-9999.0,-9999.0,-9999.0,14.06,0.21,-4.22,47.34,9.0,2.0,-3.0,28.0,883.7,0.0,-1.1,1.68,15.8,843.4,-9999.0,-9999.0,-9999.0,-9999.0,-9999.0,-9999.0,-9999.0,0.0,0,1,"time.struct_time(tm_year=2023, tm_mon=2, tm_mday=1, tm_hour=7, tm_min=32, tm_sec=0, tm_wday=2, tm_yday=32, tm_isdst=-1)",2023-02-01,2023,2,32,1,32,7,BUS01
2023-02-01 07:34:30,40.765644,-111.909622,1188.7,-9999.0,-9999.0,-9999.0,14.06,0.33,-3.94,46.46,8.0,2.0,-2.89,28.0,883.6,0.0,-1.2,1.69,16.0,842.2,-9999.0,-9999.0,-9999.0,-9999.0,-9999.0,-9999.0,-9999.0,0.0,0,1,"time.struct_time(tm_year=2023, tm_mon=2, tm_mday=1, tm_hour=7, tm_min=34, tm_sec=30, tm_wday=2, tm_yday=32, tm_isdst=-1)",2023-02-01,2023,2,32,1,34,7,BUS01
2023-02-01 07:37:00,40.765549,-111.909645,1192.6,-9999.0,-9999.0,-9999.0,14.06,0.45,-3.7,44.83,8.0,2.0,-2.72,27.0,883.9,0.0,4.4,1.68,16.2,843.3,-9999.0,-9999.0,-9999.0,-9999.0,-9999.0,-9999.0,-9999.0,0.0,0,1,"time.struct_time(tm_year=2023, tm_mon=2, tm_mday=1, tm_hour=7, tm_min=37, tm_sec=0, tm_wday=2, tm_yday=32, tm_isdst=-1)",2023-02-01,2023,2,32,1,37,7,BUS01
2023-02-01 07:39:30,40.76556,-111.90979,1267.5,-9999.0,-9999.0,-9999.0,14.06,0.57,-3.5,45.37,9.0,2.0,-2.5,27.0,883.9,0.0,1.6,1.68,16.3,842.5,-9999.0,-9999.0,-9999.0,-9999.0,-9999.0,-9999.0,-9999.0,0.0,0,1,"time.struct_time(tm_year=2023, tm_mon=2, tm_mday=1, tm_hour=7, tm_min=39, tm_sec=30, tm_wday=2, tm_yday=32, tm_isdst=-1)",2023-02-01,2023,2,32,1,39,7,BUS01
2023-02-01 07:42:00,40.765896,-111.909767,1294.1,-9999.0,-9999.0,-9999.0,14.06,0.7,-3.48,44.75,10.0,2.0,-2.39,28.0,883.9,0.0,-1.0,1.68,16.5,843.4,-9999.0,-9999.0,-9999.0,-9999.0,-9999.0,-9999.0,-9999.0,0.0,0,1,"time.struct_time(tm_year=2023, tm_mon=2, tm_mday=1, tm_hour=7, tm_min=42, tm_sec=0, tm_wday=2, tm_yday=32, tm_isdst=-1)",2023-02-01,2023,2,32,1,42,7,BUS01
2023-02-01 07:44:30,40.765789,-111.909775,1282.8,-9999.0,-9999.0,-9999.0,14.06,0.82,-3.96,46.39,9.0,2.0,-2.28,28.0,883.8,0.0,-2.5,1.69,16.6,842.6,-9999.0,-9999.0,-9999.0,-9999.0,-9999.0,-9999.0,-9999.0,0.0,0,1,"time.struct_time(tm_year=2023, tm_mon=2, tm_mday=1, tm_hour=7, tm_min=44, tm_sec=30, tm_wday=2, tm_yday=32, tm_isdst=-1)",2023-02-01,2023,2,32,1,44,7,BUS01
2023-02-01 07:47:00,40.765739,-111.909744,1274.0,-9999.0,-9999.0,-9999.0,14.06,0.94,-4.4,48.08,9.0,2.0,-2.22,28.0,884.0,0.0,4.2,1.69,16.8,843.4,-9999.0,-9999.0,-9999.0,-9999.0,-9999.0,-9999.0,-9999.0,0.0,0,1,"time.struct_time(tm_year=2023, tm_mon=2, tm_mday=1, tm_hour=7, tm_min=47, tm_sec=0, tm_wday=2, tm_yday=32, tm_isdst=-1)",2023-02-01,2023,2,32,1,47,7,BUS01
2023-02-01 07:49:30,40.765911,-111.90966,1280.1,-9999.0,-9999.0,-9999.0,14.06,1.05,-4.86,49.99,9.0,2.0,-2.11,28.0,884.0,0.0,-0.3,1.69,16.9,842.6,-9999.0,-9999.0,-9999.0,-9999.0,-9999.0,-9999.0,-9999.0,0.0,0,1,"time.struct_time(tm_year=2023, tm_mon=2, tm_mday=1, tm_hour=7, tm_min=49, tm_sec=30, tm_wday=2, tm_yday=32, tm_isdst=-1)",2023-02-01,2023,2,32,1,49,7,BUS01
2023-02-01 07:52:00,40.765839,-111.909386,1278.0,-9999.0,-9999.0,-9999.0,14.06,1.17,-4.7,49.42,8.0,2.0,-2.0,27.0,883.8,0.0,-2.0,1.69,17.1,843.5,-9999.0,-9999.0,-9999.0,-9999.0,-9999.0,-9999.0,-9999.0,0.0,0,1,"time.struct_time(tm_year=2023, tm_mon=2, tm_mday=1, tm_hour=7, tm_min=52, tm_sec=0, tm_wday=2, tm_yday=32, tm_isdst=-1)",2023-02-01,2023,2,32,1,52,7,BUS01
2023-02-01 07:54:30,40.765774,-111.909668,1263.8,-9999.0,-9999.0,-9999.0,14.06,1.28,-4.28,47.92,8.0,2.0,-1.89,28.0,883.8,0.0,-1.4,1.69,17.2,842.4,-9999.0,-9999.0,-9999.0,-9999.0,-9999.0,-9999.0,-9999.0,0.0,0,1,"time.struct_time(tm_year=2023, tm_mon=2, tm_mday=1, tm_hour=7, tm_min=54, tm_sec=30, tm_wday=2, tm_yday=32, tm_isdst=-1)",2023-02-01,2023,2,32,1,54,7,BUS01
2023-02-01 07:57:00,40.7659,-111.909706,1263.9,-9999.0,-9999.0,-9999.0,14.06,1.4,-3.92,47.12,9.0,2.0,-1.72,28.0,884.0,0.0,-2.8,1.69,17.4,843.4,-9999.0,-9999.0,-9999.0,-9999.0,-9999.0,-9999.0,-9999.0,0.0,0,1,"time.struct_time(tm_year=2023, tm_mon=2, tm_mday=1, tm_hour=7, tm_min=57, tm_sec=0, tm_wday=2, tm_yday=32, tm_isdst=-1)",2023-02-01,2023,2,32,1,57,7,BUS01
2023-02-01 07:59:30,40.765839,-111.909798,1253.2,-9999.0,-9999.0,-9999.0,14.02,1.53,-3.54,46.17,10.0,2.0,-1.61,27.0,884.0,0.0,-0.7,1.69,17.5,842.8,-9999.0,-9999.0,-9999.0,-9999.0,-9999.0,-9999.0,-9999.0,0.0,0,1,"time.struct_time(tm_year=2023, tm_mon=2, tm_mday=1, tm_hour=7, tm_min=59, tm_sec=30, tm_wday=2, tm_yday=32, tm_isdst=-1)",2023-02-01,2023,2,32,1,59,7,BUS01
2023-02-01 08:02:00,40.765774,-111.909691,1253.0,-9999.0,-9999.0,-9999.0,14.02,1.66,-3.19,45.51,10.0,2.0,-1.5,27.0,883.8,0.0,2.7,1.7,17.7,843.3,-9999.0,-9999.0,-9999.0,-9999.0,-9999.0,-9999.0,-9999.0,0.0,0,1,"time.struct_time(tm_year=2023, tm_mon=2, tm_mday=1, tm_hour=8, tm_min=2, tm_sec=0, tm_wday=2, tm_yday=32, tm_isdst=-1)",2023-02-01,2023,2,32,1,2,8,BUS01
2023-02-01 08:04:30,40.765762,-111.909752,1256.5,-9999.0,-9999.0,-9999.0,14.02,1.78,-2.99,43.48,10.0,2.0,-1.39,28.0,883.8,0.0,-1.8,1.71,17.8,842.6,-9999.0,-9999.0,-9999.0,-9999.0,-9999.0,-9999.0,-9999.0,0.0,0,1,"time.struct_time(tm_year=2023, tm_mon=2, tm_mday=1, tm_hour=8, tm_min=4, tm_sec=30, tm_wday=2, tm_yday=32, tm_isdst=-1)",2023-02-01,2023,2,32,1,4,8,BUS01
2023-02-01 08:08:05,40.765743,-111.909798,1278.0,-9999.0,-9999.0,-9999.0,14.02,1.97,-2.93,42.48,9.0,2.0,-1.22,27.0,884.2,0.0,3.9,1.69,18.0,843.3,-9999.0,-9999.0,-9999.0,-9999.0,-9999.0,-9999.0,-9999.0,0.0,0,1,"time.struct_time(tm_year=2023, tm_mon=2, tm_mday=1, tm_hour=8, tm_min=8, tm_sec=5, tm_wday=2, tm_yday=32, tm_isdst=-1)",2023-02-01,2023,2,32,1,8,8,BUS01
2023-02-01 08:10:35,40.765743,-111.909691,1267.3,-9999.0,-9999.0,-9999.0,14.02,2.1,-2.95,42.88,10.0,2.0,-1.11,27.0,883.9,0.0,2.1,1.69,18.2,842.5,-9999.0,-9999.0,-9999.0,-9999.0,-9999.0,-9999.0,-9999.0,0.0,0,1,"time.struct_time(tm_year=2023, tm_mon=2, tm_mday=1, tm_hour=8, tm_min=10, tm_sec=35, tm_wday=2, tm_yday=32, tm_isdst=-1)",2023-02-01,2023,2,32,1,10,8,BUS01
2023-02-01 08:13:20,40.765816,-111.909813,1264.1,-9999.0,-9999.0,-9999.0,14.02,2.24,-3.44,44.64,10.0,2.0,-1.11,27.0,884.1,0.0,10.5,1.71,18.3,843.3,-9999.0,-9999.0,-9999.0,-9999.0,-9999.0,-9999.0,-9999.0,0.0,0,1,"time.struct_time(tm_year=2023, tm_mon=2, tm_mday=1, tm_hour=8, tm_min=13, tm_sec=20, tm_wday=2, tm_yday=32, tm_isdst=-1)",2023-02-01,2023,2,32,1,13,8,BUS01
2023-02-01 08:15:50,40.765663,-111.909752,1251.3,-9999.0,-9999.0,-9999.0,14.02,2.35,-3.68,49.31,10.0,2.0,-1.0,27.0,883.9,0.0,10.0,1.7,18.5,842.6,-9999.0,-9999.0,-9999.0,-9999.0,-9999.0,-9999.0,-9999.0,0.0,0,1,"time.struct_time(tm_year=2023, tm_mon=2, tm_mday=1, tm_hour=8, tm_min=15, tm_sec=50, tm_wday=2, tm_yday=32, tm_isdst=-1)",2023-02-01,2023,2,32,1,15,8,BUS01
2023-02-01 08:18:20,40.765835,-111.909737,1264.4,-9999.0,-9999.0,-9999.0,14.02,2.47,-3.5,44.71,10.0,2.0,-0.89,27.0,884.1,0.0,9.9,1.71,18.6,843.4,-9999.0,-9999.0,-9999.0,-9999.0,-9999.0,-9999.0,-9999.0,0.0,0,1,"time.struct_time(tm_year=2023, tm_mon=2, tm_mday=1, tm_hour=8, tm_min=18, tm_sec=20, tm_wday=2, tm_yday=32, tm_isdst=-1)",2023-02-01,2023,2,32,1,18,8,BUS01
2023-02-01 08:20:50,40.765957,-111.909813,1269.7,-9999.0,-9999.0,-9999.0,14.02,2.58,-3.23,43.57,10.0,2.0,-0.78,27.0,883.9,0.0,3.4,1.7,18.7,842.6,-9999.0,-9999.0,-9999.0,-9999.0,-9999.0,-9999.0,-9999.0,0.0,0,1,"time.struct_time(tm_year=2023, tm_mon=2, tm_mday=1, tm_hour=8, tm_min=20, tm_sec=50, tm_wday=2, tm_yday=32, tm_isdst=-1)",2023-02-01,2023,2,32,1,20,8,BUS01
2023-02-01 08:23:20,40.765797,-111.909805,1269.9,-9999.0,-9999.0,-9999.0,14.02,2.7,-3.09,43.24,11.0,2.0,-0.61,27.0,883.9,0.0,-2.5,1.7,18.9,843.3,-9999.0,-9999.0,-9999.0,-9999.0,-9999.0,-9999.0,-9999.0,0.0,0,1,"time.struct_time(tm_year=2023, tm_mon=2, tm_mday=1, tm_hour=8, tm_min=23, tm_sec=20, tm_wday=2, tm_yday=32, tm_isdst=-1)",2023-02-01,2023,2,32,1,23,8,BUS01
2023-02-01 08:25:50,40.765728,-111.909752,1267.0,-9999.0,-9999.0,-9999.0,14.02,2.82,-3.02,43.6,10.0,2.0,-0.61,27.0,884.2,0.0,4.8,1.71,19.0,842.6,-9999.0,-9999.0,-9999.0,-9999.0,-9999.0,-9999.0,-9999.0,0.0,0,1,"time.struct_time(tm_year=2023, tm_mon=2, tm_mday=1, tm_hour=8, tm_min=25, tm_sec=50, tm_wday=2, tm_yday=32, tm_isdst=-1)",2023-02-01,2023,2,32,1,25,8,BUS01
2023-02-01 08:28:20,40.765697,-111.909767,1259.0,-9999.0,-9999.0,-9999.0,14.02,2.94,-2.98,43.37,10.0,2.0,-0.5,27.0,883.9,0.0,2.1,1.71,19.1,843.3,-9999.0,-9999.0,-9999.0,-9999.0,-9999.0,-9999.0,-9999.0,0.0,0,1,"time.struct_time(tm_year=2023, tm_mon=2, tm_mday=1, tm_hour=8, tm_min=28, tm_sec=20, tm_wday=2, tm_yday=32, tm_isdst=-1)",2023-02-01,2023,2,32,1,28,8,BUS01
2023-02-01 08:30:50,40.765812,-111.909653,1277.4,-9999.0,-9999.0,-9999.0,13.98,3.05,-2.79,42.27,10.0,2.0,-0.39,26.0,884.1,0.0,4.0,1.71,19.3,842.8,-9999.0,-9999.0,-9999.0,-9999.0,-9999.0,-9999.0,-9999.0,0.0,0,1,"time.struct_time(tm_year=2023, tm_mon=2, tm_mday=1, tm_hour=8, tm_min=30, tm_sec=50, tm_wday=2, tm_yday=32, tm_isdst=-1)",2023-02-01,2023,2,32,1,30,8,BUS01
2023-02-01 08:33:20,40.765785,-111.909637,1265.3,-9999.0,-9999.0,-9999.0,13.98,3.16,-2.67,41.75,11.0,2.0,-0.28,26.0,884.2,0.0,0.7,1.7,19.4,843.3,-9999.0,-9999.0,-9999.0,-9999.0,-9999.0,-9999.0,-9999.0,0.0,0,1,"time.struct_time(tm_year=2023, tm_mon=2, tm_mday=1, tm_hour=8, tm_min=33, tm_sec=20, tm_wday=2, tm_yday=32, tm_isdst=-1)",2023-02-01,2023,2,32,1,33,8,BUS01
2023-02-01 08:35:50,40.765911,-111.909683,1266.9,-9999.0,-9999.0,-9999.0,13.98,3.28,-2.91,42.62,10.0,2.0,-0.22,26.0,884.2,0.0,1.6,1.7,19.5,842.7,-9999.0,-9999.0,-9999.0,-9999.0,-9999.0,-9999.0,-9999.0,0.0,0,1,"time.struct_time(tm_year=2023, tm_mon=2, tm_mday=1, tm_hour=8, tm_min=35, tm_sec=50, tm_wday=2, tm_yday=32, tm_isdst=-1)",2023-02-01,2023,2,32,1,35,8,BUS01
2023-02-01 08:38:20,40.765846,-111.909599,1282.6,-9999.0,-9999.0,-9999.0,13.98,3.38,-2.93,43.02,10.0,2.0,-0.22,26.0,884.0,0.0,6.7,1.71,19.6,843.3,-9999.0,-9999.0,-9999.0,-9999.0,-9999.0,-9999.0,-9999.0,0.0,0,1,"time.struct_time(tm_year=2023, tm_mon=2, tm_mday=1, tm_hour=8, tm_min=38, tm_sec=20, tm_wday=2, tm_yday=32, tm_isdst=-1)",2023-02-01,2023,2,32,1,38,8,BUS01
2023-02-01 08:40:50,40.765614,-111.909645,1298.6,-9999.0,-9999.0,-9999.0,13.98,3.47,-3.04,44.53,13.0,2.0,-0.22,26.0,884.2,0.0,6.4,1.71,19.8,842.7,-9999.0,-9999.0,-9999.0,-9999.0,-9999.0,-9999.0,-9999.0,0.0,0,1,"time.struct_time(tm_year=2023, tm_mon=2, tm_mday=1, tm_hour=8, tm_min=40, tm_sec=50, tm_wday=2, tm_yday=32, tm_isdst=-1)",2023-02-01,2023,2,32,1,40,8,BUS01
2023-02-01 08:43:20,40.765709,-111.90947,1293.6,-9999.0,-9999.0,-9999.0,13.98,3.56,-2.91,43.18,9.0,2.0,-0.22,26.0,883.9,0.0,7.1,1.72,19.9,843.3,-9999.0,-9999.0,-9999.0,-9999.0,-9999.0,-9999.0,-9999.0,0.0,0,1,"time.struct_time(tm_year=2023, tm_mon=2, tm_mday=1, tm_hour=8, tm_min=43, tm_sec=20, tm_wday=2, tm_yday=32, tm_isdst=-1)",2023-02-01,2023,2,32,1,43,8,BUS01
2023-02-01 08:45:50,40.76577,-111.909492,1280.1,-9999.0,-9999.0,-9999.0,13.98,3.63,-2.71,42.3,10.0,2.0,-0.28,26.0,883.8,0.0,7.2,1.72,20.0,842.7,-9999.0,-9999.0,-9999.0,-9999.0,-9999.0,-9999.0,-9999.0,0.0,0,1,"time.struct_time(tm_year=2023, tm_mon=2, tm_mday=1, tm_hour=8, tm_min=45, tm_sec=50, tm_wday=2, tm_yday=32, tm_isdst=-1)",2023-02-01,2023,2,32,1,45,8,BUS01
2023-02-01 08:48:20,40.766018,-111.909683,1287.7,-9999.0,-9999.0,-9999.0,13.98,3.7,-2.53,41.6,9.0,2.0,-0.28,26.0,883.9,0.0,0.3,1.71,20.1,843.3,-9999.0,-9999.0,-9999.0,-9999.0,-9999.0,-9999.0,-9999.0,0.0,0,1,"time.struct_time(tm_year=2023, tm_mon=2, tm_mday=1, tm_hour=8, tm_min=48, tm_sec=20, tm_wday=2, tm_yday=32, tm_isdst=-1)",2023-02-01,2023,2,32,1,48,8,BUS01
2023-02-01 08:50:50,40.765881,-111.909508,1276.1,-9999.0,-9999.0,-9999.0,13.98,3.76,-2.75,42.23,10.0,2.0,-0.28,26.0,883.9,0.0,2.9,1.71,20.2,842.6,-9999.0,-9999.0,-9999.0,-9999.0,-9999.0,-9999.0,-9999.0,0.0,0,1,"time.struct_time(tm_year=2023, tm_mon=2, tm_mday=1, tm_hour=8, tm_min=50, tm_sec=50, tm_wday=2, tm_yday=32, tm_isdst=-1)",2023-02-01,2023,2,32,1,50,8,BUS01
2023-02-01 08:53:20,40.765945,-111.909935,1260.4,-9999.0,-9999.0,-9999.0,13.98,3.82,-2.9,42.73,9.0,2.0,-0.28,25.0,884.0,0.0,8.3,1.71,20.3,843.1,-9999.0,-9999.0,-9999.0,-9999.0,-9999.0,-9999.0,-9999.0,0.0,0,1,"time.struct_time(tm_year=2023, tm_mon=2, tm_mday=1, tm_hour=8, tm_min=53, tm_sec=20, tm_wday=2, tm_yday=32, tm_isdst=-1)",2023-02-01,2023,2,32,1,53,8,BUS01
2023-02-01 08:55:50,40.765842,-111.90966,1269.7,-9999.0,-9999.0,-9999.0,13.98,3.88,-2.87,42.87,10.0,2.0,-0.28,25.0,883.9,0.0,8.7,1.72,20.4,842.5,-9999.0,-9999.0,-9999.0,-9999.0,-9999.0,-9999.0,-9999.0,0.0,0,1,"time.struct_time(tm_year=2023, tm_mon=2, tm_mday=1, tm_hour=8, tm_min=55, tm_sec=50, tm_wday=2, tm_yday=32, tm_isdst=-1)",2023-02-01,2023,2,32,1,55,8,BUS01
2023-02-01 08:58:20,40.765869,-111.909645,1308.4,-9999.0,-9999.0,-9999.0,13.98,3.93,-2.76,42.97,9.0,2.0,-0.22,25.0,883.8,0.0,4.6,1.71,20.4,843.1,-9999.0,-9999.0,-9999.0,-9999.0,-9999.0,-9999.0,-9999.0,0.0,0,1,"time.struct_time(tm_year=2023, tm_mon=2, tm_mday=1, tm_hour=8, tm_min=58, tm_sec=20, tm_wday=2, tm_yday=32, tm_isdst=-1)",2023-02-01,2023,2,32,1,58,8,BUS01
2023-02-01 09:00:50,40.765873,-111.909683,1305.0,-9999.0,-9999.0,-9999.0,13.98,3.98,-2.63,41.97,10.0,2.0,-0.22,25.0,884.0,0.0,5.8,1.71,20.5,842.5,-9999.0,-9999.0,-9999.0,-9999.0,-9999.0,-9999.0,-9999.0,0.0,0,1,"time.struct_time(tm_year=2023, tm_mon=2, tm_mday=1, tm_hour=9, tm_min=0, tm_sec=50, tm_wday=2, tm_yday=32, tm_isdst=-1)",2023-02-01,2023,2,32,1,0,9,BUS01
2023-02-01 09:03:20,40.765862,-111.909737,1271.8,-9999.0,-9999.0,-9999.0,13.98,4.03,-2.55,41.7,9.0,2.0,-0.22,25.0,883.7,0.0,4.6,1.7,20.6,842.9,-9999.0,-9999.0,-9999.0,-9999.0,-9999.0,-9999.0,-9999.0,0.0,0,1,"time.struct_time(tm_year=2023, tm_mon=2, tm_mday=1, tm_hour=9, tm_min=3, tm_sec=20, tm_wday=2, tm_yday=32, tm_isdst=-1)",2023-02-01,2023,2,32,1,3,9,BUS01
2023-02-01 09:05:50,40.765736,-111.909554,1283.0,-9999.0,-9999.0,-9999.0,13.98,4.07,-2.47,41.37,9.0,2.0,-0.28,25.0,883.9,0.0,7.2,1.72,20.7,842.5,-9999.0,-9999.0,-9999.0,-9999.0,-9999.0,-9999.0,-9999.0,0.0,0,1,"time.struct_time(tm_year=2023, tm_mon=2, tm_mday=1, tm_hour=9, tm_min=5, tm_sec=50, tm_wday=2, tm_yday=32, tm_isdst=-1)",2023-02-01,2023,2,32,1,5,9,BUS01
2023-02-01 09:09:25,40.76569,-111.909683,1251.2,-9999.0,-9999.0,-9999.0,13.98,4.12,-2.4,41.6,9.0,2.0,-0.28,25.0,883.9,0.0,5.3,1.72,20.8,843.0,-9999.0,-9999.0,-9999.0,-9999.0,-9999.0,-9999.0,-9999.0,0.0,0,1,"time.struct_time(tm_year=2023, tm_mon=2, tm_mday=1, tm_hour=9, tm_min=9, tm_sec=25, tm_wday=2, tm_yday=32, tm_isdst=-1)",2023-02-01,2023,2,32,1,9,9,BUS01
2023-02-01 09:11:55,40.765797,-111.909561,1287.3,-9999.0,-9999.0,-9999.0,13.98,4.16,-2.36,41.09,10.0,2.0,-0.28,25.0,883.9,0.0,4.2,1.71,20.8,842.7,-9999.0,-9999.0,-9999.0,-9999.0,-9999.0,-9999.0,-9999.0,0.0,0,1,"time.struct_time(tm_year=2023, tm_mon=2, tm_mday=1, tm_hour=9, tm_min=11, tm_sec=55, tm_wday=2, tm_yday=32, tm_isdst=-1)",2023-02-01,2023,2,32,1,11,9,BUS01
2023-02-01 09:14:25,40.765953,-111.909691,1281.7,-9999.0,-9999.0,-9999.0,13.98,4.19,-2.63,42.35,12.0,2.0,-0.28,25.0,883.9,0.0,4.2,1.72,20.9,843.2,-9999.0,-9999.0,-9999.0,-9999.0,-9999.0,-9999.0,-9999.0,0.0,0,1,"time.struct_time(tm_year=2023, tm_mon=2, tm_mday=1, tm_hour=9, tm_min=14, tm_sec=25, tm_wday=2, tm_yday=32, tm_isdst=-1)",2023-02-01,2023,2,32,1,14,9,BUS01
2023-02-01 09:16:55,40.765827,-111.909637,1299.5,-9999.0,-9999.0,-9999.0,13.98,4.22,-2.86,42.99,11.0,2.0,-0.28,25.0,884.0,0.0,1.0,1.72,20.9,842.6,-9999.0,-9999.0,-9999.0,-9999.0,-9999.0,-9999.0,-9999.0,0.0,0,1,"time.struct_time(tm_year=2023, tm_mon=2, tm_mday=1, tm_hour=9, tm_min=16, tm_sec=55, tm_wday=2, tm_yday=32, tm_isdst=-1)",2023-02-01,2023,2,32,1,16,9,BUS01
2023-02-01 09:19:25,40.765926,-111.909592,1307.2,-9999.0,-9999.0,-9999.0,13.98,4.25,-2.92,43.22,11.0,2.0,-0.22,25.0,884.1,0.0,0.6,1.72,21.0,843.2,-9999.0,-9999.0,-9999.0,-9999.0,-9999.0,-9999.0,-9999.0,0.0,0,1,"time.struct_time(tm_year=2023, tm_mon=2, tm_mday=1, tm_hour=9, tm_min=19, tm_sec=25, tm_wday=2, tm_yday=32, tm_isdst=-1)",2023-02-01,2023,2,32,1,19,9,BUS01
2023-02-01 09:21:55,40.765663,-111.909645,1269.3,-9999.0,-9999.0,-9999.0,13.98,4.27,-3.06,43.74,12.0,2.0,-0.22,25.0,884.1,0.0,0.7,1.71,21.0,842.7,-9999.0,-9999.0,-9999.0,-9999.0,-9999.0,-9999.0,-9999.0,0.0,0,1,"time.struct_time(tm_year=2023, tm_mon=2, tm_mday=1, tm_hour=9, tm_min=21, tm_sec=55, tm_wday=2, tm_yday=32, tm_isdst=-1)",2023-02-01,2023,2,32,1,21,9,BUS01
2023-02-01 09:24:25,40.76553,-111.909683,1269.2,-9999.0,-9999.0,-9999.0,13.98,4.3,-2.98,43.42,9.0,2.0,-0.22,25.0,883.9,0.0,1.0,1.71,21.1,843.1,-9999.0,-9999.0,-9999.0,-9999.0,-9999.0,-9999.0,-9999.0,0.0,0,1,"time.struct_time(tm_year=2023, tm_mon=2, tm_mday=1, tm_hour=9, tm_min=24, tm_sec=25, tm_wday=2, tm_yday=32, tm_isdst=-1)",2023-02-01,2023,2,32,1,24,9,BUS01
2023-02-01 09:26:55,40.765953,-111.909668,1282.3,-9999.0,-9999.0,-9999.0,13.98,4.32,-2.87,42.93,10.0,2.0,-0.22,25.0,883.8,0.0,-0.1,1.71,21.1,842.5,-9999.0,-9999.0,-9999.0,-9999.0,-9999.0,-9999.0,-9999.0,0.0,0,1,"time.struct_time(tm_year=2023, tm_mon=2, tm_mday=1, tm_hour=9, tm_min=26, tm_sec=55, tm_wday=2, tm_yday=32, tm_isdst=-1)",2023-02-01,2023,2,32,1,26,9,BUS01
2023-02-01 09:29:25,40.765823,-111.909798,1314.3,-9999.0,-9999.0,-9999.0,13.98,4.34,-2.96,43.69,10.0,2.0,-0.22,25.0,884.1,0.0,0.3,1.72,21.2,843.1,-9999.0,-9999.0,-9999.0,-9999.0,-9999.0,-9999.0,-9999.0,0.0,0,1,"time.struct_time(tm_year=2023, tm_mon=2, tm_mday=1, tm_hour=9, tm_min=29, tm_sec=25, tm_wday=2, tm_yday=32, tm_isdst=-1)",2023-02-01,2023,2,32,1,29,9,BUS01
2023-02-01 09:31:55,40.765697,-111.909752,1312.4,-9999.0,-9999.0,-9999.0,13.98,4.36,-3.24,44.42,11.0,2.0,-0.22,24.0,884.0,0.0,1.7,1.71,21.2,842.6,-9999.0,-9999.0,-9999.0,-9999.0,-9999.0,-9999.0,-9999.0,0.0,0,1,"time.struct_time(tm_year=2023, tm_mon=2, tm_mday=1, tm_hour=9, tm_min=31, tm_sec=55, tm_wday=2, tm_yday=32, tm_isdst=-1)",2023-02-01,2023,2,32,1,31,9,BUS01
2023-02-01 09:34:25,40.7658,-111.909691,1299.6,-9999.0,-9999.0,-9999.0,13.98,4.38,-3.38,45.22,11.0,2.0,-0.22,24.0,884.2,0.0,5.2,1.71,21.2,843.4,-9999.0,-9999.0,-9999.0,-9999.0,-9999.0,-9999.0,-9999.0,0.0,0,1,"time.struct_time(tm_year=2023, tm_mon=2, tm_mday=1, tm_hour=9, tm_min=34, tm_sec=25, tm_wday=2, tm_yday=32, tm_isdst=-1)",2023-02-01,2023,2,32,1,34,9,BUS01
2023-02-01 09:36:55,40.765858,-111.909721,1292.7,-9999.0,-9999.0,-9999.0,13.98,4.39,-3.44,45.07,10.0,2.0,-0.11,24.0,884.0,0.0,7.5,1.73,21.3,842.6,-9999.0,-9999.0,-9999.0,-9999.0,-9999.0,-9999.0,-9999.0,0.0,0,1,"time.struct_time(tm_year=2023, tm_mon=2, tm_mday=1, tm_hour=9, tm_min=36, tm_sec=55, tm_wday=2, tm_yday=32, tm_isdst=-1)",2023-02-01,2023,2,32,1,36,9,BUS01
2023-02-01 09:39:25,40.765636,-111.909645,1296.4,-9999.0,-9999.0,-9999.0,13.98,4.4,-3.42,44.87,10.0,2.0,-0.11,24.0,884.1,0.0,4.7,1.72,21.3,843.1,-9999.0,-9999.0,-9999.0,-9999.0,-9999.0,-9999.0,-9999.0,0.0,0,1,"time.struct_time(tm_year=2023, tm_mon=2, tm_mday=1, tm_hour=9, tm_min=39, tm_sec=25, tm_wday=2, tm_yday=32, tm_isdst=-1)",2023-02-01,2023,2,32,1,39,9,BUS01
2023-02-01 09:41:55,40.765999,-111.90976,1295.7,-9999.0,-9999.0,-9999.0,13.98,4.41,-3.34,44.68,10.0,2.0,-0.11,24.0,884.1,0.0,6.9,1.72,21.3,842.5,-9999.0,-9999.0,-9999.0,-9999.0,-9999.0,-9999.0,-9999.0,0.0,0,1,"time.struct_time(tm_year=2023, tm_mon=2, tm_mday=1, tm_hour=9, tm_min=41, tm_sec=55, tm_wday=2, tm_yday=32, tm_isdst=-1)",2023-02-01,2023,2,32,1,41,9,BUS01
2023-02-01 09:45:30,40.765724,-111.909683,1285.9,-9999.0,-9999.0,-9999.0,13.98,4.43,-3.17,43.83,9.0,2.0,-0.11,24.0,884.1,0.0,5.0,1.71,21.4,842.6,-9999.0,-9999.0,-9999.0,-9999.0,-9999.0,-9999.0,-9999.0,0.0,0,1,"time.struct_time(tm_year=2023, tm_mon=2, tm_mday=1, tm_hour=9, tm_min=45, tm_sec=30, tm_wday=2, tm_yday=32, tm_isdst=-1)",2023-02-01,2023,2,32,1,45,9,BUS01
2023-02-01 09:48:00,40.765827,-111.909698,1279.4,-9999.0,-9999.0,-9999.0,13.98,4.44,-3.18,44.03,10.0,2.0,-0.11,24.0,883.9,0.0,5.4,1.73,21.4,843.1,-9999.0,-9999.0,-9999.0,-9999.0,-9999.0,-9999.0,-9999.0,0.0,0,1,"time.struct_time(tm_year=2023, tm_mon=2, tm_mday=1, tm_hour=9, tm_min=48, tm_sec=0, tm_wday=2, tm_yday=32, tm_isdst=-1)",2023-02-01,2023,2,32,1,48,9,BUS01
2023-02-01 09:50:30,40.765823,-111.909714,1267.7,-9999.0,-9999.0,-9999.0,13.98,4.45,-3.31,44.59,10.0,2.0,0.0,24.0,884.0,0.0,6.3,1.72,21.4,842.6,-9999.0,-9999.0,-9999.0,-9999.0,-9999.0,-9999.0,-9999.0,0.0,0,1,"time.struct_time(tm_year=2023, tm_mon=2, tm_mday=1, tm_hour=9, tm_min=50, tm_sec=30, tm_wday=2, tm_yday=32, tm_isdst=-1)",2023-02-01,2023,2,32,1,50,9,BUS01
2023-02-01 09:53:00,40.765862,-111.909698,1285.9,-9999.0,-9999.0,-9999.0,13.98,4.46,-3.54,45.39,10.0,2.0,-0.11,24.0,883.8,0.0,6.6,1.72,21.4,843.1,-9999.0,-9999.0,-9999.0,-9999.0,-9999.0,-9999.0,-9999.0,0.0,0,1,"time.struct_time(tm_year=2023, tm_mon=2, tm_mday=1, tm_hour=9, tm_min=53, tm_sec=0, tm_wday=2, tm_yday=32, tm_isdst=-1)",2023-02-01,2023,2,32,1,53,9,BUS01
2023-02-01 09:55:30,40.765926,-111.909721,1287.9,-9999.0,-9999.0,-9999.0,13.98,4.47,-3.49,45.02,10.0,2.0,-0.11,24.0,883.8,0.0,4.0,1.72,21.4,842.4,-9999.0,-9999.0,-9999.0,-9999.0,-9999.0,-9999.0,-9999.0,0.0,0,1,"time.struct_time(tm_year=2023, tm_mon=2, tm_mday=1, tm_hour=9, tm_min=55, tm_sec=30, tm_wday=2, tm_yday=32, tm_isdst=-1)",2023-02-01,2023,2,32,1,55,9,BUS01
2023-02-01 09:58:00,40.765976,-111.909882,1280.5,-9999.0,-9999.0,-9999.0,13.98,4.47,-3.32,44.3,10.0,2.0,0.0,24.0,883.8,0.0,5.2,1.71,21.5,843.0,-9999.0,-9999.0,-9999.0,-9999.0,-9999.0,-9999.0,-9999.0,0.0,0,1,"time.struct_time(tm_year=2023, tm_mon=2, tm_mday=1, tm_hour=9, tm_min=58, tm_sec=0, tm_wday=2, tm_yday=32, tm_isdst=-1)",2023-02-01,2023,2,32,1,58,9,BUS01
2023-02-01 10:00:30,40.765671,-111.909737,1268.2,-9999.0,-9999.0,-9999.0,13.98,4.47,-3.26,44.12,10.0,2.0,0.0,24.0,883.8,0.0,3.2,1.73,21.5,842.5,-9999.0,-9999.0,-9999.0,-9999.0,-9999.0,-9999.0,-9999.0,0.0,0,1,"time.struct_time(tm_year=2023, tm_mon=2, tm_mday=1, tm_hour=10, tm_min=0, tm_sec=30, tm_wday=2, tm_yday=32, tm_isdst=-1)",2023-02-01,2023,2,32,1,0,10,BUS01
2023-02-01 10:03:00,40.765759,-111.909607,1273.7,-9999.0,-9999.0,-9999.0,13.98,4.48,-3.28,44.48,9.0,2.0,0.0,24.0,883.7,0.0,1.5,1.71,21.5,843.0,-9999.0,-9999.0,-9999.0,-9999.0,-9999.0,-9999.0,-9999.0,0.0,0,1,"time.struct_time(tm_year=2023, tm_mon=2, tm_mday=1, tm_hour=10, tm_min=3, tm_sec=0, tm_wday=2, tm_yday=32, tm_isdst=-1)",2023-02-01,2023,2,32,1,3,10,BUS01
2023-02-01 10:05:30,40.76569,-111.909752,1280.3,-9999.0,-9999.0,-9999.0,13.98,4.48,-3.16,43.78,9.0,2.0,0.0,24.0,883.8,0.0,7.7,1.72,21.5,842.4,-9999.0,-9999.0,-9999.0,-9999.0,-9999.0,-9999.0,-9999.0,0.0,0,1,"time.struct_time(tm_year=2023, tm_mon=2, tm_mday=1, tm_hour=10, tm_min=5, tm_sec=30, tm_wday=2, tm_yday=32, tm_isdst=-1)",2023-02-01,2023,2,32,1,5,10,BUS01
2023-02-01 10:09:05,40.765862,-111.909721,1268.1,-9999.0,-9999.0,-9999.0,13.98,4.49,-3.16,43.74,10.0,2.0,0.0,24.0,883.9,0.0,5.3,1.7,21.5,842.8,-9999.0,-9999.0,-9999.0,-9999.0,-9999.0,-9999.0,-9999.0,0.0,0,1,"time.struct_time(tm_year=2023, tm_mon=2, tm_mday=1, tm_hour=10, tm_min=9, tm_sec=5, tm_wday=2, tm_yday=32, tm_isdst=-1)",2023-02-01,2023,2,32,1,9,10,BUS01
2023-02-01 10:11:35,40.76572,-111.90995,1269.1,-9999.0,-9999.0,-9999.0,13.98,4.49,-3.19,43.97,10.0,2.0,0.0,24.0,883.8,0.0,3.7,1.71,21.5,842.9,-9999.0,-9999.0,-9999.0,-9999.0,-9999.0,-9999.0,-9999.0,0.0,0,1,"time.struct_time(tm_year=2023, tm_mon=2, tm_mday=1, tm_hour=10, tm_min=11, tm_sec=35, tm_wday=2, tm_yday=32, tm_isdst=-1)",2023-02-01,2023,2,32,1,11,10,BUS01
2023-02-01 10:14:05,40.765759,-111.909744,1270.6,-9999.0,-9999.0,-9999.0,13.98,4.49,-3.36,44.4,10.0,2.0,0.0,24.0,883.8,0.0,7.5,1.72,21.5,843.1,-9999.0,-9999.0,-9999.0,-9999.0,-9999.0,-9999.0,-9999.0,0.0,0,1,"time.struct_time(tm_year=2023, tm_mon=2, tm_mday=1, tm_hour=10, tm_min=14, tm_sec=5, tm_wday=2, tm_yday=32, tm_isdst=-1)",2023-02-01,2023,2,32,1,14,10,BUS01
2023-02-01 10:16:35,40.765808,-111.909767,1267.8,-9999.0,-9999.0,-9999.0,13.98,4.48,-3.52,45.22,11.0,2.0,-0.11,24.0,884.0,0.0,1.7,1.72,21.5,843.1,-9999.0,-9999.0,-9999.0,-9999.0,-9999.0,-9999.0,-9999.0,0.0,0,1,"time.struct_time(tm_year=2023, tm_mon=2, tm_mday=1, tm_hour=10, tm_min=16, tm_sec=35, tm_wday=2, tm_yday=32, tm_isdst=-1)",2023-02-01,2023,2,32,1,16,10,BUS01
2023-02-01 10:19:05,40.765675,-111.909744,1266.8,-9999.0,-9999.0,-9999.0,13.98,4.47,-3.63,45.9,10.0,2.0,-0.11,24.0,884.1,0.0,7.5,1.72,21.5,843.2,-9999.0,-9999.0,-9999.0,-9999.0,-9999.0,-9999.0,-9999.0,0.0,0,1,"time.struct_time(tm_year=2023, tm_mon=2, tm_mday=1, tm_hour=10, tm_min=19, tm_sec=5, tm_wday=2, tm_yday=32, tm_isdst=-1)",2023-02-01,2023,2,32,1,19,10,BUS01
2023-02-01 10:21:35,40.765694,-111.909637,1281.6,-9999.0,-9999.0,-9999.0,13.98,4.45,-3.84,46.39,11.0,2.0,-0.11,24.0,884.0,0.0,5.5,1.72,21.5,843.1,-9999.0,-9999.0,-9999.0,-9999.0,-9999.0,-9999.0,-9999.0,0.0,0,1,"time.struct_time(tm_year=2023, tm_mon=2, tm_mday=1, tm_hour=10, tm_min=21, tm_sec=35, tm_wday=2, tm_yday=32, tm_isdst=-1)",2023-02-01,2023,2,32,1,21,10,BUS01
2023-02-01 10:24:05,40.765762,-111.909676,1286.2,-9999.0,-9999.0,-9999.0,13.98,4.43,-4.03,47.29,11.0,2.0,-0.22,24.0,883.9,0.0,3.3,1.72,21.5,843.0,-9999.0,-9999.0,-9999.0,-9999.0,-9999.0,-9999.0,-9999.0,0.0,0,1,"time.struct_time(tm_year=2023, tm_mon=2, tm_mday=1, tm_hour=10, tm_min=24, tm_sec=5, tm_wday=2, tm_yday=32, tm_isdst=-1)",2023-02-01,2023,2,32,1,24,10,BUS01
2023-02-01 10:26:35,40.765778,-111.909744,1280.5,-9999.0,-9999.0,-9999.0,13.98,4.4,-4.17,47.9,10.0,2.0,-0.22,24.0,883.9,0.0,11.0,1.72,21.5,843.0,-9999.0,-9999.0,-9999.0,-9999.0,-9999.0,-9999.0,-9999.0,0.0,0,1,"time.struct_time(tm_year=2023, tm_mon=2, tm_mday=1, tm_hour=10, tm_min=26, tm_sec=35, tm_wday=2, tm_yday=32, tm_isdst=-1)",2023-02-01,2023,2,32,1,26,10,BUS01
2023-02-01 10:29:05,40.765678,-111.909744,1288.1,-9999.0,-9999.0,-9999.0,13.98,4.38,-4.23,48.16,11.0,2.0,-0.28,24.0,884.0,0.0,2.4,1.71,21.5,843.1,-9999.0,-9999.0,-9999.0,-9999.0,-9999.0,-9999.0,-9999.0,0.0,0,1,"time.struct_time(tm_year=2023, tm_mon=2, tm_mday=1, tm_hour=10, tm_min=29, tm_sec=5, tm_wday=2, tm_yday=32, tm_isdst=-1)",2023-02-01,2023,2,32,1,29,10,BUS01
2023-02-01 10:31:35,40.765667,-111.909744,1293.3,-9999.0,-9999.0,-9999.0,13.98,4.35,-4.26,48.47,15.0,2.0,-0.28,24.0,883.9,0.0,-0.3,1.71,21.5,843.2,-9999.0,-9999.0,-9999.0,-9999.0,-9999.0,-9999.0,-9999.0,0.0,0,1,"time.struct_time(tm_year=2023, tm_mon=2, tm_mday=1, tm_hour=10, tm_min=31, tm_sec=35, tm_wday=2, tm_yday=32, tm_isdst=-1)",2023-02-01,2023,2,32,1,31,10,BUS01
2023-02-01 10:34:05,40.765781,-111.909706,1297.0,-9999.0,-9999.0,-9999.0,13.98,4.32,-4.37,48.68,15.0,2.0,-0.39,24.0,883.9,0.0,3.5,1.72,21.5,843.2,-9999.0,-9999.0,-9999.0,-9999.0,-9999.0,-9999.0,-9999.0,0.0,0,1,"time.struct_time(tm_year=2023, tm_mon=2, tm_mday=1, tm_hour=10, tm_min=34, tm_sec=5, tm_wday=2, tm_yday=32, tm_isdst=-1)",2023-02-01,2023,2,32,1,34,10,BUS01
2023-02-01 10:36:35,40.765694,-111.909706,1279.7,-9999.0,-9999.0,-9999.0,13.98,4.28,-4.41,48.88,13.0,2.0,-0.39,24.0,883.8,0.0,1.8,1.71,21.5,843.1,-9999.0,-9999.0,-9999.0,-9999.0,-9999.0,-9999.0,-9999.0,0.0,0,1,"time.struct_time(tm_year=2023, tm_mon=2, tm_mday=1, tm_hour=10, tm_min=36, tm_sec=35, tm_wday=2, tm_yday=32, tm_isdst=-1)",2023-02-01,2023,2,32,1,36,10,BUS01
2023-02-01 10:39:05,40.765781,-111.909714,1276.6,-9999.0,-9999.0,-9999.0,13.98,4.24,-4.38,48.49,13.0,2.0,-0.39,24.0,883.9,0.0,0.2,1.72,21.5,843.2,-9999.0,-9999.0,-9999.0,-9999.0,-9999.0,-9999.0,-9999.0,0.0,0,1,"time.struct_time(tm_year=2023, tm_mon=2, tm_mday=1, tm_hour=10, tm_min=39, tm_sec=5, tm_wday=2, tm_yday=32, tm_isdst=-1)",2023-02-01,2023,2,32,1,39,10,BUS01
2023-02-01 10:41:35,40.765697,-111.909737,1282.7,-9999.0,-9999.0,-9999.0,13.98,4.21,-4.21,48.17,12.0,2.0,-0.5,24.0,884.1,0.0,-3.9,1.73,21.5,843.3,-9999.0,-9999.0,-9999.0,-9999.0,-9999.0,-9999.0,-9999.0,0.0,0,1,"time.struct_time(tm_year=2023, tm_mon=2, tm_mday=1, tm_hour=10, tm_min=41, tm_sec=35, tm_wday=2, tm_yday=32, tm_isdst=-1)",2023-02-01,2023,2,32,1,41,10,BUS01
2023-02-01 10:44:05,40.765877,-111.909805,1283.5,-9999.0,-9999.0,-9999.0,13.98,4.17,-4.18,49.05,13.0,2.0,-0.5,24.0,883.9,0.0,0.9,1.72,21.5,843.2,-9999.0,-9999.0,-9999.0,-9999.0,-9999.0,-9999.0,-9999.0,0.0,0,1,"time.struct_time(tm_year=2023, tm_mon=2, tm_mday=1, tm_hour=10, tm_min=44, tm_sec=5, tm_wday=2, tm_yday=32, tm_isdst=-1)",2023-02-01,2023,2,32,1,44,10,BUS01
2023-02-01 10:46:35,40.765812,-111.909813,1265.9,-9999.0,-9999.0,-9999.0,13.98,4.13,-4.42,50.36,15.0,2.0,-0.61,24.0,883.9,0.0,-1.6,1.73,21.4,843.1,-9999.0,-9999.0,-9999.0,-9999.0,-9999.0,-9999.0,-9999.0,0.0,0,1,"time.struct_time(tm_year=2023, tm_mon=2, tm_mday=1, tm_hour=10, tm_min=46, tm_sec=35, tm_wday=2, tm_yday=32, tm_isdst=-1)",2023-02-01,2023,2,32,1,46,10,BUS01
2023-02-01 10:49:05,40.765709,-111.909737,1251.1,-9999.0,-9999.0,-9999.0,13.98,4.09,-4.42,50.32,13.0,2.0,-0.61,24.0,883.8,0.0,-1.1,1.72,21.4,843.1,-9999.0,-9999.0,-9999.0,-9999.0,-9999.0,-9999.0,-9999.0,0.0,0,1,"time.struct_time(tm_year=2023, tm_mon=2, tm_mday=1, tm_hour=10, tm_min=49, tm_sec=5, tm_wday=2, tm_yday=32, tm_isdst=-1)",2023-02-01,2023,2,32,1,49,10,BUS01
2023-02-01 10:51:35,40.765518,-111.909554,1266.0,-9999.0,-9999.0,-9999.0,13.98,4.06,-4.37,50.57,11.0,2.0,-0.72,24.0,883.8,0.0,0.4,1.72,21.4,842.9,-9999.0,-9999.0,-9999.0,-9999.0,-9999.0,-9999.0,-9999.0,0.0,0,1,"time.struct_time(tm_year=2023, tm_mon=2, tm_mday=1, tm_hour=10, tm_min=51, tm_sec=35, tm_wday=2, tm_yday=32, tm_isdst=-1)",2023-02-01,2023,2,32,1,51,10,BUS01
2023-02-01 10:54:05,40.765678,-111.909698,1257.7,-9999.0,-9999.0,-9999.0,13.98,4.02,-4.48,52.07,11.0,2.0,-0.72,24.0,883.8,0.0,2.2,1.72,21.4,843.1,-9999.0,-9999.0,-9999.0,-9999.0,-9999.0,-9999.0,-9999.0,0.0,0,1,"time.struct_time(tm_year=2023, tm_mon=2, tm_mday=1, tm_hour=10, tm_min=54, tm_sec=5, tm_wday=2, tm_yday=32, tm_isdst=-1)",2023-02-01,2023,2,32,1,54,10,BUS01
2023-02-01 10:56:35,40.765724,-111.909843,1258.0,-9999.0,-9999.0,-9999.0,13.98,3.97,-4.48,51.88,11.0,2.0,-0.78,24.0,884.0,0.0,3.9,1.72,21.4,843.2,-9999.0,-9999.0,-9999.0,-9999.0,-9999.0,-9999.0,-9999.0,0.0,0,1,"time.struct_time(tm_year=2023, tm_mon=2, tm_mday=1, tm_hour=10, tm_min=56, tm_sec=35, tm_wday=2, tm_yday=32, tm_isdst=-1)",2023-02-01,2023,2,32,1,56,10,BUS01
2023-02-01 10:59:05,40.765835,-111.909828,1279.8,-9999.0,-9999.0,-9999.0,13.98,3.92,-4.45,52.26,11.0,2.0,-0.89,24.0,883.9,0.0,5.1,1.72,21.3,843.0,-9999.0,-9999.0,-9999.0,-9999.0,-9999.0,-9999.0,-9999.0,0.0,0,1,"time.struct_time(tm_year=2023, tm_mon=2, tm_mday=1, tm_hour=10, tm_min=59, tm_sec=5, tm_wday=2, tm_yday=32, tm_isdst=-1)",2023-02-01,2023,2,32,1,59,10,BUS01
2023-02-01 11:01:35,40.765865,-111.909889,1285.1,-9999.0,-9999.0,-9999.0,13.98,3.86,-4.49,52.61,26.0,2.0,-1.0,24.0,883.8,0.0,2.5,1.71,21.3,843.0,-9999.0,-9999.0,-9999.0,-9999.0,-9999.0,-9999.0,-9999.0,0.0,0,1,"time.struct_time(tm_year=2023, tm_mon=2, tm_mday=1, tm_hour=11, tm_min=1, tm_sec=35, tm_wday=2, tm_yday=32, tm_isdst=-1)",2023-02-01,2023,2,32,1,1,11,BUS01
2023-02-01 11:04:05,40.765888,-111.909775,1266.4,-9999.0,-9999.0,-9999.0,13.98,3.8,-4.45,52.63,12.0,2.0,-1.22,25.0,883.9,0.0,4.4,1.72,21.3,843.0,-9999.0,-9999.0,-9999.0,-9999.0,-9999.0,-9999.0,-9999.0,0.0,0,1,"time.struct_time(tm_year=2023, tm_mon=2, tm_mday=1, tm_hour=11, tm_min=4, tm_sec=5, tm_wday=2, tm_yday=32, tm_isdst=-1)",2023-02-01,2023,2,32,1,4,11,BUS01
2023-02-01 11:06:35,40.765774,-111.909653,1264.7,-9999.0,-9999.0,-9999.0,13.98,3.74,-4.34,51.89,13.0,2.0,-1.28,24.0,884.0,0.0,-0.9,1.72,21.2,843.1,-9999.0,-9999.0,-9999.0,-9999.0,-9999.0,-9999.0,-9999.0,0.0,0,1,"time.struct_time(tm_year=2023, tm_mon=2, tm_mday=1, tm_hour=11, tm_min=6, tm_sec=35, tm_wday=2, tm_yday=32, tm_isdst=-1)",2023-02-01,2023,2,32,1,6,11,BUS01
2023-02-01 11:10:10,40.765854,-111.909431,1280.1,-9999.0,-9999.0,-9999.0,13.98,3.65,-4.27,52.15,12.0,2.0,-1.39,24.0,883.9,0.0,0.7,1.71,21.2,842.6,-9999.0,-9999.0,-9999.0,-9999.0,-9999.0,-9999.0,-9999.0,0.0,0,1,"time.struct_time(tm_year=2023, tm_mon=2, tm_mday=1, tm_hour=11, tm_min=10, tm_sec=10, tm_wday=2, tm_yday=32, tm_isdst=-1)",2023-02-01,2023,2,32,1,10,11,BUS01
2023-02-01 11:12:40,40.765919,-111.909843,1284.6,-9999.0,-9999.0,-9999.0,13.98,3.59,-4.24,51.61,12.0,2.0,-1.39,25.0,883.9,0.0,4.2,1.72,21.1,843.1,-9999.0,-9999.0,-9999.0,-9999.0,-9999.0,-9999.0,-9999.0,0.0,0,1,"time.struct_time(tm_year=2023, tm_mon=2, tm_mday=1, tm_hour=11, tm_min=12, tm_sec=40, tm_wday=2, tm_yday=32, tm_isdst=-1)",2023-02-01,2023,2,32,1,12,11,BUS01
2023-02-01 11:15:10,40.765705,-111.909477,1289.9,-9999.0,-9999.0,-9999.0,13.98,3.54,-4.28,51.74,12.0,2.0,-1.5,25.0,883.8,0.0,2.1,1.71,21.1,842.4,-9999.0,-9999.0,-9999.0,-9999.0,-9999.0,-9999.0,-9999.0,0.0,0,1,"time.struct_time(tm_year=2023, tm_mon=2, tm_mday=1, tm_hour=11, tm_min=15, tm_sec=10, tm_wday=2, tm_yday=32, tm_isdst=-1)",2023-02-01,2023,2,32,1,15,11,BUS01
2023-02-01 11:17:40,40.765827,-111.909676,1286.8,-9999.0,-9999.0,-9999.0,13.98,3.49,-4.24,51.37,12.0,2.0,-1.61,25.0,883.9,0.0,-2.6,1.71,21.0,843.1,-9999.0,-9999.0,-9999.0,-9999.0,-9999.0,-9999.0,-9999.0,0.0,0,1,"time.struct_time(tm_year=2023, tm_mon=2, tm_mday=1, tm_hour=11, tm_min=17, tm_sec=40, tm_wday=2, tm_yday=32, tm_isdst=-1)",2023-02-01,2023,2,32,1,17,11,BUS01
2023-02-01 11:20:10,40.765656,-111.909592,1285.0,-9999.0,-9999.0,-9999.0,13.98,3.43,-4.3,52.0,14.0,2.0,-1.61,25.0,883.9,0.0,-6.1,1.71,21.0,842.7,-9999.0,-9999.0,-9999.0,-9999.0,-9999.0,-9999.0,-9999.0,0.0,0,1,"time.struct_time(tm_year=2023, tm_mon=2, tm_mday=1, tm_hour=11, tm_min=20, tm_sec=10, tm_wday=2, tm_yday=32, tm_isdst=-1)",2023-02-01,2023,2,32,1,20,11,BUS01
2023-02-01 11:22:40,40.765446,-111.909584,1280.1,-9999.0,-9999.0,-9999.0,13.98,3.38,-4.71,53.31,18.0,2.0,-1.72,25.0,884.2,0.0,0.2,1.71,20.9,843.2,-9999.0,-9999.0,-9999.0,-9999.0,-9999.0,-9999.0,-9999.0,0.0,0,1,"time.struct_time(tm_year=2023, tm_mon=2, tm_mday=1, tm_hour=11, tm_min=22, tm_sec=40, tm_wday=2, tm_yday=32, tm_isdst=-1)",2023-02-01,2023,2,32,1,22,11,BUS01
2023-02-01 11:25:10,40.765835,-111.909706,1272.8,-9999.0,-9999.0,-9999.0,13.98,3.33,-5.15,55.14,15.0,2.0,-1.72,25.0,883.9,0.0,-2.4,1.71,20.9,842.8,-9999.0,-9999.0,-9999.0,-9999.0,-9999.0,-9999.0,-9999.0,0.0,0,1,"time.struct_time(tm_year=2023, tm_mon=2, tm_mday=1, tm_hour=11, tm_min=25, tm_sec=10, tm_wday=2, tm_yday=32, tm_isdst=-1)",2023-02-01,2023,2,32,1,25,11,BUS01
2023-02-01 11:28:45,40.765663,-111.909676,1280.9,-9999.0,-9999.0,-9999.0,13.98,3.25,-5.2,55.01,14.0,2.0,-1.72,25.0,884.0,0.0,1.2,1.71,20.8,842.5,-9999.0,-9999.0,-9999.0,-9999.0,-9999.0,-9999.0,-9999.0,0.0,0,1,"time.struct_time(tm_year=2023, tm_mon=2, tm_mday=1, tm_hour=11, tm_min=28, tm_sec=45, tm_wday=2, tm_yday=32, tm_isdst=-1)",2023-02-01,2023,2,32,1,28,11,BUS01
2023-02-01 11:31:15,40.765591,-111.909698,1286.1,-9999.0,-9999.0,-9999.0,13.98,3.19,-5.17,54.41,12.0,2.0,-1.78,25.0,884.0,0.0,0.8,1.71,20.8,843.3,-9999.0,-9999.0,-9999.0,-9999.0,-9999.0,-9999.0,-9999.0,0.0,0,1,"time.struct_time(tm_year=2023, tm_mon=2, tm_mday=1, tm_hour=11, tm_min=31, tm_sec=15, tm_wday=2, tm_yday=32, tm_isdst=-1)",2023-02-01,2023,2,32,1,31,11,BUS01
2023-02-01 11:33:45,40.76601,-111.909714,1288.9,-9999.0,-9999.0,-9999.0,13.98,3.13,-5.09,54.42,13.0,2.0,-1.89,25.0,884.0,0.0,-0.6,1.71,20.7,842.8,-9999.0,-9999.0,-9999.0,-9999.0,-9999.0,-9999.0,-9999.0,0.0,0,1,"time.struct_time(tm_year=2023, tm_mon=2, tm_mday=1, tm_hour=11, tm_min=33, tm_sec=45, tm_wday=2, tm_yday=32, tm_isdst=-1)",2023-02-01,2023,2,32,1,33,11,BUS01
2023-02-01 11:36:15,40.765781,-111.909492,1286.7,-9999.0,-9999.0,-9999.0,13.98,3.07,-5.05,53.97,11.0,2.0,-2.0,25.0,883.9,0.0,-2.5,1.7,20.7,843.4,-9999.0,-9999.0,-9999.0,-9999.0,-9999.0,-9999.0,-9999.0,0.0,0,1,"time.struct_time(tm_year=2023, tm_mon=2, tm_mday=1, tm_hour=11, tm_min=36, tm_sec=15, tm_wday=2, tm_yday=32, tm_isdst=-1)",2023-02-01,2023,2,32,1,36,11,BUS01
2023-02-01 11:38:45,40.765404,-111.909523,1295.2,-9999.0,-9999.0,-9999.0,13.98,3.02,-4.92,52.84,12.0,2.0,-2.0,25.0,884.1,0.0,-0.4,1.7,20.6,842.5,-9999.0,-9999.0,-9999.0,-9999.0,-9999.0,-9999.0,-9999.0,0.0,0,1,"time.struct_time(tm_year=2023, tm_mon=2, tm_mday=1, tm_hour=11, tm_min=38, tm_sec=45, tm_wday=2, tm_yday=32, tm_isdst=-1)",2023-02-01,2023,2,32,1,38,11,BUS01
2023-02-01 11:41:15,40.765671,-111.909416,1297.1,-9999.0,-9999.0,-9999.0,13.98,2.96,-4.85,52.32,11.0,2.0,-2.0,25.0,884.1,0.0,1.0,1.72,20.6,843.3,-9999.0,-9999.0,-9999.0,-9999.0,-9999.0,-9999.0,-9999.0,0.0,0,1,"time.struct_time(tm_year=2023, tm_mon=2, tm_mday=1, tm_hour=11, tm_min=41, tm_sec=15, tm_wday=2, tm_yday=32, tm_isdst=-1)",2023-02-01,2023,2,32,1,41,11,BUS01
2023-02-01 11:43:45,40.765751,-111.909653,1287.5,-9999.0,-9999.0,-9999.0,13.98,2.9,-4.76,51.5,11.0,2.0,-2.11,25.0,884.0,0.0,-1.7,1.7,20.5,842.6,-9999.0,-9999.0,-9999.0,-9999.0,-9999.0,-9999.0,-9999.0,0.0,0,1,"time.struct_time(tm_year=2023, tm_mon=2, tm_mday=1, tm_hour=11, tm_min=43, tm_sec=45, tm_wday=2, tm_yday=32, tm_isdst=-1)",2023-02-01,2023,2,32,1,43,11,BUS01
2023-02-01 11:46:15,40.765514,-111.909775,1279.2,-9999.0,-9999.0,-9999.0,13.98,2.84,-4.67,51.26,11.0,2.0,-2.22,25.0,884.0,0.0,-1.8,1.71,20.5,843.2,-9999.0,-9999.0,-9999.0,-9999.0,-9999.0,-9999.0,-9999.0,0.0,0,1,"time.struct_time(tm_year=2023, tm_mon=2, tm_mday=1, tm_hour=11, tm_min=46, tm_sec=15, tm_wday=2, tm_yday=32, tm_isdst=-1)",2023-02-01,2023,2,32,1,46,11,BUS01
2023-02-01 11:48:45,40.765789,-111.909668,1282.3,-9999.0,-9999.0,-9999.0,13.98,2.79,-4.54,50.49,12.0,2.0,-2.22,25.0,884.0,0.0,-2.0,1.71,20.4,842.6,-9999.0,-9999.0,-9999.0,-9999.0,-9999.0,-9999.0,-9999.0,0.0,0,1,"time.struct_time(tm_year=2023, tm_mon=2, tm_mday=1, tm_hour=11, tm_min=48, tm_sec=45, tm_wday=2, tm_yday=32, tm_isdst=-1)",2023-02-01,2023,2,32,1,48,11,BUS01
2023-02-01 11:51:45,40.765572,-111.909485,1300.9,-9999.0,-9999.0,-9999.0,13.98,2.73,-4.5,49.97,12.0,2.0,-2.22,25.0,883.9,0.0,1.9,1.71,20.4,842.7,-9999.0,-9999.0,-9999.0,-9999.0,-9999.0,-9999.0,-9999.0,0.0,0,1,"time.struct_time(tm_year=2023, tm_mon=2, tm_mday=1, tm_hour=11, tm_min=51, tm_sec=45, tm_wday=2, tm_yday=32, tm_isdst=-1)",2023-02-01,2023,2,32,1,51,11,BUS01
2023-02-01 11:54:15,40.765877,-111.909584,1291.7,-9999.0,-9999.0,-9999.0,13.98,2.68,-4.71,50.92,12.0,2.0,-2.28,25.0,883.9,0.0,1.7,1.71,20.3,843.3,-9999.0,-9999.0,-9999.0,-9999.0,-9999.0,-9999.0,-9999.0,0.0,0,1,"time.struct_time(tm_year=2023, tm_mon=2, tm_mday=1, tm_hour=11, tm_min=54, tm_sec=15, tm_wday=2, tm_yday=32, tm_isdst=-1)",2023-02-01,2023,2,32,1,54,11,BUS01
2023-02-01 11:56:45,40.765686,-111.909714,1279.1,-9999.0,-9999.0,-9999.0,13.98,2.63,-4.94,52.07,12.0,2.0,-2.39,25.0,884.0,0.0,-0.9,1.71,20.3,842.8,-9999.0,-9999.0,-9999.0,-9999.0,-9999.0,-9999.0,-9999.0,0.0,0,1,"time.struct_time(tm_year=2023, tm_mon=2, tm_mday=1, tm_hour=11, tm_min=56, tm_sec=45, tm_wday=2, tm_yday=32, tm_isdst=-1)",2023-02-01,2023,2,32,1,56,11,BUS01
2023-02-01 11:59:15,40.765705,-111.909531,1273.8,-9999.0,-9999.0,-9999.0,13.98,2.58,-5.0,51.91,13.0,2.0,-2.39,25.0,884.2,0.0,-1.2,1.71,20.2,843.5,-9999.0,-9999.0,-9999.0,-9999.0,-9999.0,-9999.0,-9999.0,0.0,0,1,"time.struct_time(tm_year=2023, tm_mon=2, tm_mday=1, tm_hour=11, tm_min=59, tm_sec=15, tm_wday=2, tm_yday=32, tm_isdst=-1)",2023-02-01,2023,2,32,1,59,11,BUS01
2023-02-01 12:01:45,40.765705,-111.909737,1273.6,-9999.0,-9999.0,-9999.0,13.98,2.52,-5.01,51.4,12.0,2.0,-2.5,25.0,884.0,0.0,-1.7,1.71,20.2,842.9,-9999.0,-9999.0,-9999.0,-9999.0,-9999.0,-9999.0,-9999.0,0.0,0,1,"time.struct_time(tm_year=2023, tm_mon=2, tm_mday=1, tm_hour=12, tm_min=1, tm_sec=45, tm_wday=2, tm_yday=32, tm_isdst=-1)",2023-02-01,2023,2,32,1,1,12,BUS01
2023-02-01 12:04:15,40.7658,-111.909653,1275.7,-9999.0,-9999.0,-9999.0,13.98,2.46,-5.1,51.65,12.0,2.0,-2.5,25.0,884.2,0.0,1.3,1.71,20.1,843.3,-9999.0,-9999.0,-9999.0,-9999.0,-9999.0,-9999.0,-9999.0,0.0,0,1,"time.struct_time(tm_year=2023, tm_mon=2, tm_mday=1, tm_hour=12, tm_min=4, tm_sec=15, tm_wday=2, tm_yday=32, tm_isdst=-1)",2023-02-01,2023,2,32,1,4,12,BUS01
2023-02-01 12:06:45,40.765789,-111.909706,1281.8,-9999.0,-9999.0,-9999.0,13.98,2.41,-5.11,51.38,12.0,2.0,-2.5,25.0,883.9,0.0,-0.3,1.71,20.1,842.5,-9999.0,-9999.0,-9999.0,-9999.0,-9999.0,-9999.0,-9999.0,0.0,0,1,"time.struct_time(tm_year=2023, tm_mon=2, tm_mday=1, tm_hour=12, tm_min=6, tm_sec=45, tm_wday=2, tm_yday=32, tm_isdst=-1)",2023-02-01,2023,2,32,1,6,12,BUS01
2023-02-01 12:09:15,40.765697,-111.909676,1274.1,-9999.0,-9999.0,-9999.0,13.98,2.36,-5.01,50.49,11.0,2.0,-2.61,25.0,884.0,0.0,0.3,1.71,20.0,843.2,-9999.0,-9999.0,-9999.0,-9999.0,-9999.0,-9999.0,-9999.0,0.0,0,1,"time.struct_time(tm_year=2023, tm_mon=2, tm_mday=1, tm_hour=12, tm_min=9, tm_sec=15, tm_wday=2, tm_yday=32, tm_isdst=-1)",2023-02-01,2023,2,32,1,9,12,BUS01
2023-02-01 12:12:50,40.765667,-111.909782,1276.4,-9999.0,-9999.0,-9999.0,13.98,2.28,-5.05,50.96,13.0,2.0,-2.72,25.0,883.9,0.0,-2.8,1.71,20.0,842.8,-9999.0,-9999.0,-9999.0,-9999.0,-9999.0,-9999.0,-9999.0,0.0,0,1,"time.struct_time(tm_year=2023, tm_mon=2, tm_mday=1, tm_hour=12, tm_min=12, tm_sec=50, tm_wday=2, tm_yday=32, tm_isdst=-1)",2023-02-01,2023,2,32,1,12,12,BUS01
2023-02-01 12:15:20,40.765667,-111.909767,1281.4,-9999.0,-9999.0,-9999.0,13.98,2.23,-5.16,51.75,12.0,2.0,-2.78,25.0,883.9,0.0,1.1,1.72,19.9,843.3,-9999.0,-9999.0,-9999.0,-9999.0,-9999.0,-9999.0,-9999.0,0.0,0,1,"time.struct_time(tm_year=2023, tm_mon=2, tm_mday=1, tm_hour=12, tm_min=15, tm_sec=20, tm_wday=2, tm_yday=32, tm_isdst=-1)",2023-02-01,2023,2,32,1,15,12,BUS01
2023-02-01 12:17:50,40.765446,-111.909592,1285.2,-9999.0,-9999.0,-9999.0,13.98,2.17,-5.4,52.41,13.0,2.0,-2.89,25.0,883.9,0.0,1.2,1.71,19.9,842.6,-9999.0,-9999.0,-9999.0,-9999.0,-9999.0,-9999.0,-9999.0,0.0,0,1,"time.struct_time(tm_year=2023, tm_mon=2, tm_mday=1, tm_hour=12, tm_min=17, tm_sec=50, tm_wday=2, tm_yday=32, tm_isdst=-1)",2023-02-01,2023,2,32,1,17,12,BUS01
2023-02-01 12:20:20,40.765976,-111.909462,1300.1,-9999.0,-9999.0,-9999.0,13.98,2.12,-5.51,53.11,12.0,2.0,-2.89,25.0,883.9,0.0,3.6,1.71,19.8,843.2,-9999.0,-9999.0,-9999.0,-9999.0,-9999.0,-9999.0,-9999.0,0.0,0,1,"time.struct_time(tm_year=2023, tm_mon=2, tm_mday=1, tm_hour=12, tm_min=20, tm_sec=20, tm_wday=2, tm_yday=32, tm_isdst=-1)",2023-02-01,2023,2,32,1,20,12,BUS01
2023-02-01 12:22:50,40.765732,-111.909599,1294.6,-9999.0,-9999.0,-9999.0,13.98,2.06,-5.54,52.96,12.0,2.0,-3.11,25.0,884.0,0.0,-6.3,1.71,19.7,842.6,-9999.0,-9999.0,-9999.0,-9999.0,-9999.0,-9999.0,-9999.0,0.0,0,1,"time.struct_time(tm_year=2023, tm_mon=2, tm_mday=1, tm_hour=12, tm_min=22, tm_sec=50, tm_wday=2, tm_yday=32, tm_isdst=-1)",2023-02-01,2023,2,32,1,22,12,BUS01
2023-02-01 12:25:20,40.765766,-111.909676,1298.7,-9999.0,-9999.0,-9999.0,13.98,1.99,-5.55,52.99,13.0,2.0,-3.11,25.0,883.8,0.0,-0.7,1.7,19.7,843.3,-9999.0,-9999.0,-9999.0,-9999.0,-9999.0,-9999.0,-9999.0,0.0,0,1,"time.struct_time(tm_year=2023, tm_mon=2, tm_mday=1, tm_hour=12, tm_min=25, tm_sec=20, tm_wday=2, tm_yday=32, tm_isdst=-1)",2023-02-01,2023,2,32,1,25,12,BUS01
2023-02-01 12:27:50,40.765892,-111.909653,1308.7,-9999.0,-9999.0,-9999.0,14.02,1.93,-5.47,52.61,13.0,2.0,-3.22,25.0,883.8,0.0,-3.6,1.71,19.6,842.3,-9999.0,-9999.0,-9999.0,-9999.0,-9999.0,-9999.0,-9999.0,0.0,0,1,"time.struct_time(tm_year=2023, tm_mon=2, tm_mday=1, tm_hour=12, tm_min=27, tm_sec=50, tm_wday=2, tm_yday=32, tm_isdst=-1)",2023-02-01,2023,2,32,1,27,12,BUS01
2023-02-01 12:30:20,40.765926,-111.909653,1307.7,-9999.0,-9999.0,-9999.0,14.02,1.87,-5.43,52.2,12.0,2.0,-3.22,25.0,883.9,0.0,-1.8,1.72,19.6,843.3,-9999.0,-9999.0,-9999.0,-9999.0,-9999.0,-9999.0,-9999.0,0.0,0,1,"time.struct_time(tm_year=2023, tm_mon=2, tm_mday=1, tm_hour=12, tm_min=30, tm_sec=20, tm_wday=2, tm_yday=32, tm_isdst=-1)",2023-02-01,2023,2,32,1,30,12,BUS01
2023-02-01 12:32:50,40.765709,-111.909645,1295.5,-9999.0,-9999.0,-9999.0,14.02,1.81,-5.43,51.84,13.0,2.0,-3.28,25.0,883.9,0.0,-2.1,1.7,19.5,842.4,-9999.0,-9999.0,-9999.0,-9999.0,-9999.0,-9999.0,-9999.0,0.0,0,1,"time.struct_time(tm_year=2023, tm_mon=2, tm_mday=1, tm_hour=12, tm_min=32, tm_sec=50, tm_wday=2, tm_yday=32, tm_isdst=-1)",2023-02-01,2023,2,32,1,32,12,BUS01
2023-02-01 12:35:20,40.765732,-111.909653,1283.0,-9999.0,-9999.0,-9999.0,14.02,1.76,-5.39,52.06,21.0,2.0,-3.39,25.0,884.0,0.0,-4.2,1.72,19.5,843.2,-9999.0,-9999.0,-9999.0,-9999.0,-9999.0,-9999.0,-9999.0,0.0,0,1,"time.struct_time(tm_year=2023, tm_mon=2, tm_mday=1, tm_hour=12, tm_min=35, tm_sec=20, tm_wday=2, tm_yday=32, tm_isdst=-1)",2023-02-01,2023,2,32,1,35,12,BUS01
2023-02-01 12:37:50,40.765793,-111.909729,1290.4,-9999.0,-9999.0,-9999.0,14.02,1.7,-5.4,51.03,13.0,2.0,-3.5,25.0,883.8,0.0,-1.8,1.7,19.4,842.7,-9999.0,-9999.0,-9999.0,-9999.0,-9999.0,-9999.0,-9999.0,0.0,0,1,"time.struct_time(tm_year=2023, tm_mon=2, tm_mday=1, tm_hour=12, tm_min=37, tm_sec=50, tm_wday=2, tm_yday=32, tm_isdst=-1)",2023-02-01,2023,2,32,1,37,12,BUS01
2023-02-01 12:40:20,40.765778,-111.909515,1294.5,-9999.0,-9999.0,-9999.0,14.02,1.65,-5.43,51.25,15.0,2.0,-3.5,25.0,883.9,0.0,-3.8,1.71,19.4,843.4,-9999.0,-9999.0,-9999.0,-9999.0,-9999.0,-9999.0,-9999.0,0.0,0,1,"time.struct_time(tm_year=2023, tm_mon=2, tm_mday=1, tm_hour=12, tm_min=40, tm_sec=20, tm_wday=2, tm_yday=32, tm_isdst=-1)",2023-02-01,2023,2,32,1,40,12,BUS01
2023-02-01 12:42:50,40.765747,-111.909431,1293.8,-9999.0,-9999.0,-9999.0,14.02,1.6,-5.38,51.15,25.0,2.0,-3.5,25.0,883.9,0.0,1.3,1.7,19.3,842.6,-9999.0,-9999.0,-9999.0,-9999.0,-9999.0,-9999.0,-9999.0,0.0,0,1,"time.struct_time(tm_year=2023, tm_mon=2, tm_mday=1, tm_hour=12, tm_min=42, tm_sec=50, tm_wday=2, tm_yday=32, tm_isdst=-1)",2023-02-01,2023,2,32,1,42,12,BUS01
2023-02-01 12:45:20,40.765759,-111.909393,1308.7,-9999.0,-9999.0,-9999.0,14.02,1.55,-5.23,50.86,24.0,2.0,-3.61,25.0,883.7,0.0,-3.3,1.7,19.3,843.3,-9999.0,-9999.0,-9999.0,-9999.0,-9999.0,-9999.0,-9999.0,0.0,0,1,"time.struct_time(tm_year=2023, tm_mon=2, tm_mday=1, tm_hour=12, tm_min=45, tm_sec=20, tm_wday=2, tm_yday=32, tm_isdst=-1)",2023-02-01,2023,2,32,1,45,12,BUS01
2023-02-01 12:47:50,40.765907,-111.90976,1309.2,-9999.0,-9999.0,-9999.0,14.02,1.52,-5.16,51.17,51.0,2.0,-3.5,25.0,884.0,0.0,2.4,1.71,19.2,842.6,-9999.0,-9999.0,-9999.0,-9999.0,-9999.0,-9999.0,-9999.0,0.0,0,1,"time.struct_time(tm_year=2023, tm_mon=2, tm_mday=1, tm_hour=12, tm_min=47, tm_sec=50, tm_wday=2, tm_yday=32, tm_isdst=-1)",2023-02-01,2023,2,32,1,47,12,BUS01
2023-02-01 12:50:20,40.765667,-111.909729,1312.1,-9999.0,-9999.0,-9999.0,14.02,1.49,-5.05,50.68,44.0,2.0,-3.5,25.0,883.8,0.0,2.5,1.7,19.2,843.1,-9999.0,-9999.0,-9999.0,-9999.0,-9999.0,-9999.0,-9999.0,0.0,0,1,"time.struct_time(tm_year=2023, tm_mon=2, tm_mday=1, tm_hour=12, tm_min=50, tm_sec=20, tm_wday=2, tm_yday=32, tm_isdst=-1)",2023-02-01,2023,2,32,1,50,12,BUS01
2023-02-01 12:52:50,40.765915,-111.909683,1316.4,-9999.0,-9999.0,-9999.0,14.02,1.46,-5.04,50.67,28.0,2.0,-3.5,25.0,884.0,0.0,-1.2,1.72,19.1,842.3,-9999.0,-9999.0,-9999.0,-9999.0,-9999.0,-9999.0,-9999.0,0.0,0,1,"time.struct_time(tm_year=2023, tm_mon=2, tm_mday=1, tm_hour=12, tm_min=52, tm_sec=50, tm_wday=2, tm_yday=32, tm_isdst=-1)",2023-02-01,2023,2,32,1,52,12,BUS01
2023-02-01 12:55:20,40.765881,-111.909538,1303.7,-9999.0,-9999.0,-9999.0,14.02,1.44,-4.93,50.01,25.0,2.0,-3.5,26.0,883.6,0.0,-2.8,1.7,19.1,843.2,-9999.0,-9999.0,-9999.0,-9999.0,-9999.0,-9999.0,-9999.0,0.0,0,1,"time.struct_time(tm_year=2023, tm_mon=2, tm_mday=1, tm_hour=12, tm_min=55, tm_sec=20, tm_wday=2, tm_yday=32, tm_isdst=-1)",2023-02-01,2023,2,32,1,55,12,BUS01
2023-02-01 12:57:50,40.765919,-111.909943,1295.4,-9999.0,-9999.0,-9999.0,14.02,1.42,-4.86,49.96,19.0,2.0,-3.5,26.0,883.6,0.0,-0.8,1.69,19.0,842.3,-9999.0,-9999.0,-9999.0,-9999.0,-9999.0,-9999.0,-9999.0,0.0,0,1,"time.struct_time(tm_year=2023, tm_mon=2, tm_mday=1, tm_hour=12, tm_min=57, tm_sec=50, tm_wday=2, tm_yday=32, tm_isdst=-1)",2023-02-01,2023,2,32,1,57,12,BUS01
2023-02-01 13:06:45,40.765732,-111.90963,1299.9,-9999.0,-9999.0,-9999.0,14.02,1.37,-4.89,50.67,13.0,2.0,-3.61,26.0,883.5,0.0,2.5,1.7,17.4,842.9,-9999.0,-9999.0,-9999.0,-9999.0,-9999.0,-9999.0,-9999.0,0.0,0,1,"time.struct_time(tm_year=2023, tm_mon=2, tm_mday=1, tm_hour=13, tm_min=6, tm_sec=45, tm_wday=2, tm_yday=32, tm_isdst=-1)",2023-02-01,2023,2,32,1,6,13,BUS01
2023-02-01 13:09:15,40.766018,-111.910019,1287.7,-9999.0,-9999.0,-9999.0,14.02,1.31,-4.89,50.51,12.0,2.0,-3.61,26.0,883.6,0.0,1.5,1.71,17.6,842.0,-9999.0,-9999.0,-9999.0,-9999.0,-9999.0,-9999.0,-9999.0,0.0,0,1,"time.struct_time(tm_year=2023, tm_mon=2, tm_mday=1, tm_hour=13, tm_min=9, tm_sec=15, tm_wday=2, tm_yday=32, tm_isdst=-1)",2023-02-01,2023,2,32,1,9,13,BUS01
2023-02-01 13:12:00,40.765862,-111.909767,1290.7,-9999.0,-9999.0,-9999.0,14.02,1.26,-4.87,53.86,148.0,2.0,-3.61,26.0,883.6,0.0,-2.7,1.7,17.7,843.1,-9999.0,-9999.0,-9999.0,-9999.0,-9999.0,-9999.0,-9999.0,0.0,0,1,"time.struct_time(tm_year=2023, tm_mon=2, tm_mday=1, tm_hour=13, tm_min=12, tm_sec=0, tm_wday=2, tm_yday=32, tm_isdst=-1)",2023-02-01,2023,2,32,1,12,13,BUS01
2023-02-01 13:14:30,40.765846,-111.909698,1287.3,-9999.0,-9999.0,-9999.0,14.02,1.22,-4.72,54.18,162.0,2.0,-3.61,27.0,883.6,0.0,0.4,1.7,17.8,842.2,-9999.0,-9999.0,-9999.0,-9999.0,-9999.0,-9999.0,-9999.0,0.0,0,1,"time.struct_time(tm_year=2023, tm_mon=2, tm_mday=1, tm_hour=13, tm_min=14, tm_sec=30, tm_wday=2, tm_yday=32, tm_isdst=-1)",2023-02-01,2023,2,32,1,14,13,BUS01
2023-02-01 13:17:00,40.765797,-111.909714,1284.3,-9999.0,-9999.0,-9999.0,14.52,1.2,-4.45,54.22,111.0,2.0,-3.5,27.0,883.7,0.0,0.4,1.7,17.9,843.0,-9999.0,-9999.0,-9999.0,-9999.0,-9999.0,-9999.0,-9999.0,0.0,0,1,"time.struct_time(tm_year=2023, tm_mon=2, tm_mday=1, tm_hour=13, tm_min=17, tm_sec=0, tm_wday=2, tm_yday=32, tm_isdst=-1)",2023-02-01,2023,2,32,1,17,13,BUS01
2023-02-01 13:19:30,40.765766,-111.909821,1287.7,-9999.0,-9999.0,-9999.0,14.02,1.19,-4.36,52.64,68.0,2.0,-3.39,27.0,883.6,0.0,1.3,1.69,18.0,841.9,-9999.0,-9999.0,-9999.0,-9999.0,-9999.0,-9999.0,-9999.0,0.0,0,1,"time.struct_time(tm_year=2023, tm_mon=2, tm_mday=1, tm_hour=13, tm_min=19, tm_sec=30, tm_wday=2, tm_yday=32, tm_isdst=-1)",2023-02-01,2023,2,32,1,19,13,BUS01
2023-02-01 13:22:00,40.765835,-111.909752,1290.7,-9999.0,-9999.0,-9999.0,14.02,1.19,-4.27,50.52,44.0,2.0,-3.39,27.0,883.4,0.0,-0.3,1.7,18.0,842.8,-9999.0,-9999.0,-9999.0,-9999.0,-9999.0,-9999.0,-9999.0,0.0,0,1,"time.struct_time(tm_year=2023, tm_mon=2, tm_mday=1, tm_hour=13, tm_min=22, tm_sec=0, tm_wday=2, tm_yday=32, tm_isdst=-1)",2023-02-01,2023,2,32,1,22,13,BUS01
2023-02-01 13:24:30,40.765827,-111.909714,1292.5,-9999.0,-9999.0,-9999.0,14.02,1.2,-4.22,50.57,33.0,2.0,-3.39,27.0,883.6,0.0,-3.1,1.7,18.1,842.1,-9999.0,-9999.0,-9999.0,-9999.0,-9999.0,-9999.0,-9999.0,0.0,0,1,"time.struct_time(tm_year=2023, tm_mon=2, tm_mday=1, tm_hour=13, tm_min=24, tm_sec=30, tm_wday=2, tm_yday=32, tm_isdst=-1)",2023-02-01,2023,2,32,1,24,13,BUS01
2023-02-01 13:27:00,40.765858,-111.90976,1292.2,-9999.0,-9999.0,-9999.0,14.02,1.21,-4.2,51.19,25.0,2.0,-3.28,27.0,883.5,0.0,1.4,1.7,18.1,843.0,-9999.0,-9999.0,-9999.0,-9999.0,-9999.0,-9999.0,-9999.0,0.0,0,1,"time.struct_time(tm_year=2023, tm_mon=2, tm_mday=1, tm_hour=13, tm_min=27, tm_sec=0, tm_wday=2, tm_yday=32, tm_isdst=-1)",2023-02-01,2023,2,32,1,27,13,BUS01
2023-02-01 13:29:30,40.76585,-111.909698,1293.0,-9999.0,-9999.0,-9999.0,14.02,1.23,-4.14,51.42,30.0,2.0,-3.22,27.0,883.7,0.0,-1.7,1.7,18.1,841.9,-9999.0,-9999.0,-9999.0,-9999.0,-9999.0,-9999.0,-9999.0,0.0,0,1,"time.struct_time(tm_year=2023, tm_mon=2, tm_mday=1, tm_hour=13, tm_min=29, tm_sec=30, tm_wday=2, tm_yday=32, tm_isdst=-1)",2023-02-01,2023,2,32,1,29,13,BUS01
2023-02-01 13:32:00,40.765739,-111.909767,1282.4,-9999.0,-9999.0,-9999.0,14.02,1.26,-4.01,51.73,29.0,2.0,-3.22,28.0,883.5,0.0,-2.2,1.7,18.2,842.9,-9999.0,-9999.0,-9999.0,-9999.0,-9999.0,-9999.0,-9999.0,0.0,0,1,"time.struct_time(tm_year=2023, tm_mon=2, tm_mday=1, tm_hour=13, tm_min=32, tm_sec=0, tm_wday=2, tm_yday=32, tm_isdst=-1)",2023-02-01,2023,2,32,1,32,13,BUS01
2023-02-01 13:34:30,40.765766,-111.909698,1273.2,-9999.0,-9999.0,-9999.0,14.02,1.29,-3.92,49.6,20.0,2.0,-3.11,28.0,883.5,0.0,-0.1,1.7,18.2,842.1,-9999.0,-9999.0,-9999.0,-9999.0,-9999.0,-9999.0,-9999.0,0.0,0,1,"time.struct_time(tm_year=2023, tm_mon=2, tm_mday=1, tm_hour=13, tm_min=34, tm_sec=30, tm_wday=2, tm_yday=32, tm_isdst=-1)",2023-02-01,2023,2,32,1,34,13,BUS01
2023-02-01 13:37:00,40.765694,-111.90963,1274.1,-9999.0,-9999.0,-9999.0,14.02,1.33,-3.8,50.18,27.0,2.0,-3.11,28.0,883.5,0.0,-1.2,1.7,18.3,842.9,-9999.0,-9999.0,-9999.0,-9999.0,-9999.0,-9999.0,-9999.0,0.0,0,1,"time.struct_time(tm_year=2023, tm_mon=2, tm_mday=1, tm_hour=13, tm_min=37, tm_sec=0, tm_wday=2, tm_yday=32, tm_isdst=-1)",2023-02-01,2023,2,32,1,37,13,BUS01
2023-02-01 13:39:30,40.765869,-111.909882,1273.8,-9999.0,-9999.0,-9999.0,14.02,1.37,-3.6,47.74,18.0,2.0,-3.0,28.0,883.8,0.0,1.7,1.71,18.3,842.1,-9999.0,-9999.0,-9999.0,-9999.0,-9999.0,-9999.0,-9999.0,0.0,0,1,"time.struct_time(tm_year=2023, tm_mon=2, tm_mday=1, tm_hour=13, tm_min=39, tm_sec=30, tm_wday=2, tm_yday=32, tm_isdst=-1)",2023-02-01,2023,2,32,1,39,13,BUS01
2023-02-01 13:42:00,40.765823,-111.909836,1280.9,-9999.0,-9999.0,-9999.0,14.02,1.42,-3.42,46.02,16.0,2.0,-2.89,28.0,883.6,0.0,-1.6,1.7,18.4,842.9,-9999.0,-9999.0,-9999.0,-9999.0,-9999.0,-9999.0,-9999.0,0.0,0,1,"time.struct_time(tm_year=2023, tm_mon=2, tm_mday=1, tm_hour=13, tm_min=42, tm_sec=0, tm_wday=2, tm_yday=32, tm_isdst=-1)",2023-02-01,2023,2,32,1,42,13,BUS01
2023-02-01 13:44:30,40.765739,-111.90979,1286.9,-9999.0,-9999.0,-9999.0,14.02,1.47,-3.29,44.88,17.0,2.0,-2.78,27.0,883.6,0.0,-0.8,1.7,18.4,842.1,-9999.0,-9999.0,-9999.0,-9999.0,-9999.0,-9999.0,-9999.0,0.0,0,1,"time.struct_time(tm_year=2023, tm_mon=2, tm_mday=1, tm_hour=13, tm_min=44, tm_sec=30, tm_wday=2, tm_yday=32, tm_isdst=-1)",2023-02-01,2023,2,32,1,44,13,BUS01
2023-02-01 13:47:00,40.765785,-111.909653,1279.7,-9999.0,-9999.0,-9999.0,14.02,1.52,-3.16,44.59,14.0,2.0,-2.61,27.0,883.6,0.0,-1.9,1.7,18.4,843.0,-9999.0,-9999.0,-9999.0,-9999.0,-9999.0,-9999.0,-9999.0,0.0,0,1,"time.struct_time(tm_year=2023, tm_mon=2, tm_mday=1, tm_hour=13, tm_min=47, tm_sec=0, tm_wday=2, tm_yday=32, tm_isdst=-1)",2023-02-01,2023,2,32,1,47,13,BUS01
2023-02-01 13:49:30,40.765816,-111.909798,1278.7,-9999.0,-9999.0,-9999.0,14.02,1.58,-3.08,46.96,19.0,2.0,-2.61,27.0,883.5,0.0,3.8,1.71,18.5,842.1,-9999.0,-9999.0,-9999.0,-9999.0,-9999.0,-9999.0,-9999.0,0.0,0,1,"time.struct_time(tm_year=2023, tm_mon=2, tm_mday=1, tm_hour=13, tm_min=49, tm_sec=30, tm_wday=2, tm_yday=32, tm_isdst=-1)",2023-02-01,2023,2,32,1,49,13,BUS01
2023-02-01 13:52:00,40.765728,-111.909592,1290.8,-9999.0,-9999.0,-9999.0,14.02,1.65,-2.92,44.35,19.0,2.0,-2.5,28.0,883.8,0.0,-0.5,1.7,18.5,842.9,-9999.0,-9999.0,-9999.0,-9999.0,-9999.0,-9999.0,-9999.0,0.0,0,1,"time.struct_time(tm_year=2023, tm_mon=2, tm_mday=1, tm_hour=13, tm_min=52, tm_sec=0, tm_wday=2, tm_yday=32, tm_isdst=-1)",2023-02-01,2023,2,32,1,52,13,BUS01
2023-02-01 13:54:30,40.765781,-111.909561,1271.5,-9999.0,-9999.0,-9999.0,14.02,1.71,-2.73,44.08,17.0,2.0,-2.39,28.0,883.6,0.0,-2.9,1.71,18.6,842.2,-9999.0,-9999.0,-9999.0,-9999.0,-9999.0,-9999.0,-9999.0,0.0,0,1,"time.struct_time(tm_year=2023, tm_mon=2, tm_mday=1, tm_hour=13, tm_min=54, tm_sec=30, tm_wday=2, tm_yday=32, tm_isdst=-1)",2023-02-01,2023,2,32,1,54,13,BUS01
2023-02-01 13:57:00,40.765701,-111.909607,1247.6,-9999.0,-9999.0,-9999.0,14.02,1.78,-2.58,43.39,15.0,2.0,-2.28,27.0,883.6,0.0,0.4,1.69,18.7,842.9,-9999.0,-9999.0,-9999.0,-9999.0,-9999.0,-9999.0,-9999.0,0.0,0,1,"time.struct_time(tm_year=2023, tm_mon=2, tm_mday=1, tm_hour=13, tm_min=57, tm_sec=0, tm_wday=2, tm_yday=32, tm_isdst=-1)",2023-02-01,2023,2,32,1,57,13,BUS01
2023-02-01 13:59:30,40.766499,-111.910461,1285.4,-9999.0,-9999.0,-9999.0,14.02,1.86,-3.04,41.66,12.0,2.0,-2.22,27.0,883.7,0.0,0.1,1.7,18.7,842.2,-9999.0,-9999.0,-9999.0,-9999.0,-9999.0,-9999.0,-9999.0,0.0,0,1,"time.struct_time(tm_year=2023, tm_mon=2, tm_mday=1, tm_hour=13, tm_min=59, tm_sec=30, tm_wday=2, tm_yday=32, tm_isdst=-1)",2023-02-01,2023,2,32,1,59,13,BUS01
2023-02-01 14:03:05,40.765354,-111.910416,1290.4,-9999.0,-9999.0,-9999.0,14.02,1.91,-4.1,44.54,11.0,2.0,-2.5,26.0,883.7,0.0,-0.6,1.7,18.8,843.1,-9999.0,-9999.0,-9999.0,-9999.0,-9999.0,-9999.0,-9999.0,0.0,0,1,"time.struct_time(tm_year=2023, tm_mon=2, tm_mday=1, tm_hour=14, tm_min=3, tm_sec=5, tm_wday=2, tm_yday=32, tm_isdst=-1)",2023-02-01,2023,2,32,1,3,14,BUS01
2023-02-01 14:06:40,40.765865,-111.910164,1291.6,-9999.0,-9999.0,-9999.0,14.02,1.87,-4.61,45.45,11.0,2.0,-3.0,26.0,883.7,0.0,0.3,1.7,18.9,842.9,-9999.0,-9999.0,-9999.0,-9999.0,-9999.0,-9999.0,-9999.0,0.0,0,1,"time.struct_time(tm_year=2023, tm_mon=2, tm_mday=1, tm_hour=14, tm_min=6, tm_sec=40, tm_wday=2, tm_yday=32, tm_isdst=-1)",2023-02-01,2023,2,32,1,6,14,BUS01
2023-02-01 14:09:10,40.765858,-111.909698,1284.4,-9999.0,-9999.0,-9999.0,14.02,1.81,-4.76,47.68,14.0,2.0,-3.22,26.0,883.9,0.0,2.9,1.7,18.9,842.2,-9999.0,-9999.0,-9999.0,-9999.0,-9999.0,-9999.0,-9999.0,0.0,0,1,"time.struct_time(tm_year=2023, tm_mon=2, tm_mday=1, tm_hour=14, tm_min=9, tm_sec=10, tm_wday=2, tm_yday=32, tm_isdst=-1)",2023-02-01,2023,2,32,1,9,14,BUS01
2023-02-01 14:11:40,40.765892,-111.910126,1288.1,-9999.0,-9999.0,-9999.0,14.02,1.74,-4.93,46.55,11.0,2.0,-3.28,26.0,883.9,0.0,0.0,1.7,18.9,842.9,-9999.0,-9999.0,-9999.0,-9999.0,-9999.0,-9999.0,-9999.0,0.0,0,1,"time.struct_time(tm_year=2023, tm_mon=2, tm_mday=1, tm_hour=14, tm_min=11, tm_sec=40, tm_wday=2, tm_yday=32, tm_isdst=-1)",2023-02-01,2023,2,32,1,11,14,BUS01
2023-02-01 14:14:10,40.763981,-111.908516,1295.1,-9999.0,-9999.0,-9999.0,14.02,1.67,-5.37,48.12,10.0,2.0,-3.5,26.0,883.5,0.0,-0.7,1.7,18.9,842.2,-9999.0,-9999.0,-9999.0,-9999.0,-9999.0,-9999.0,-9999.0,0.0,0,1,"time.struct_time(tm_year=2023, tm_mon=2, tm_mday=1, tm_hour=14, tm_min=14, tm_sec=10, tm_wday=2, tm_yday=32, tm_isdst=-1)",2023-02-01,2023,2,32,1,14,14,BUS01
2023-02-01 14:16:40,40.763603,-111.909462,1290.4,-9999.0,-9999.0,-9999.0,14.02,1.58,-5.55,49.03,10.0,2.0,-3.72,26.0,883.8,0.0,-3.2,1.7,18.9,843.0,-9999.0,-9999.0,-9999.0,-9999.0,-9999.0,-9999.0,-9999.0,0.0,0,1,"time.struct_time(tm_year=2023, tm_mon=2, tm_mday=1, tm_hour=14, tm_min=16, tm_sec=40, tm_wday=2, tm_yday=32, tm_isdst=-1)",2023-02-01,2023,2,32,1,16,14,BUS01
2023-02-01 14:19:10,40.763603,-111.909462,1290.4,-9999.0,-9999.0,-9999.0,14.02,1.48,-5.71,48.86,9.0,2.0,-3.89,26.0,884.0,0.0,-3.7,1.71,18.9,842.3,-9999.0,-9999.0,-9999.0,-9999.0,-9999.0,-9999.0,-9999.0,0.0,0,1,"time.struct_time(tm_year=2023, tm_mon=2, tm_mday=1, tm_hour=14, tm_min=19, tm_sec=10, tm_wday=2, tm_yday=32, tm_isdst=-1)",2023-02-01,2023,2,32,1,19,14,BUS01
2023-02-01 14:21:40,40.763603,-111.909462,1290.6,-9999.0,-9999.0,-9999.0,14.02,1.37,-5.89,49.87,10.0,2.0,-4.11,26.0,883.8,0.0,-0.0,1.7,18.9,843.3,-9999.0,-9999.0,-9999.0,-9999.0,-9999.0,-9999.0,-9999.0,0.0,0,1,"time.struct_time(tm_year=2023, tm_mon=2, tm_mday=1, tm_hour=14, tm_min=21, tm_sec=40, tm_wday=2, tm_yday=32, tm_isdst=-1)",2023-02-01,2023,2,32,1,21,14,BUS01
2023-02-01 14:24:10,40.763599,-111.909454,1290.9,-9999.0,-9999.0,-9999.0,14.02,1.25,-6.0,50.19,12.0,2.0,-4.22,25.0,883.7,0.0,-0.4,1.7,18.9,842.5,-9999.0,-9999.0,-9999.0,-9999.0,-9999.0,-9999.0,-9999.0,0.0,0,1,"time.struct_time(tm_year=2023, tm_mon=2, tm_mday=1, tm_hour=14, tm_min=24, tm_sec=10, tm_wday=2, tm_yday=32, tm_isdst=-1)",2023-02-01,2023,2,32,1,24,14,BUS01
2023-02-01 14:26:40,40.763596,-111.909454,1291.0,-9999.0,-9999.0,-9999.0,14.02,1.14,-6.08,51.6,11.0,2.0,-4.39,26.0,884.0,0.0,-1.7,1.71,18.9,843.2,-9999.0,-9999.0,-9999.0,-9999.0,-9999.0,-9999.0,-9999.0,0.0,0,1,"time.struct_time(tm_year=2023, tm_mon=2, tm_mday=1, tm_hour=14, tm_min=26, tm_sec=40, tm_wday=2, tm_yday=32, tm_isdst=-1)",2023-02-01,2023,2,32,1,26,14,BUS01
2023-02-01 14:29:25,40.764938,-111.909073,1290.1,-9999.0,-9999.0,-9999.0,14.02,1.01,-5.97,49.91,11.0,2.0,-4.61,26.0,883.7,0.0,1.9,1.71,18.8,843.3,-9999.0,-9999.0,-9999.0,-9999.0,-9999.0,-9999.0,-9999.0,0.0,0,1,"time.struct_time(tm_year=2023, tm_mon=2, tm_mday=1, tm_hour=14, tm_min=29, tm_sec=25, tm_wday=2, tm_yday=32, tm_isdst=-1)",2023-02-01,2023,2,32,1,29,14,BUS01
2023-02-01 14:31:55,40.762226,-111.905472,1292.5,-9999.0,-9999.0,-9999.0,14.02,0.91,-5.85,49.24,10.0,2.0,-4.61,26.0,883.6,0.0,-0.7,1.7,18.8,842.6,-9999.0,-9999.0,-9999.0,-9999.0,-9999.0,-9999.0,-9999.0,0.0,0,1,"time.struct_time(tm_year=2023, tm_mon=2, tm_mday=1, tm_hour=14, tm_min=31, tm_sec=55, tm_wday=2, tm_yday=32, tm_isdst=-1)",2023-02-01,2023,2,32,1,31,14,BUS01
2023-02-01 14:34:25,40.760689,-111.913605,1284.5,-9999.0,-9999.0,-9999.0,14.02,0.8,-5.91,50.01,13.0,2.0,-4.72,26.0,884.2,0.0,2.9,1.71,18.7,843.6,-9999.0,-9999.0,-9999.0,-9999.0,-9999.0,-9999.0,-9999.0,0.0,0,0,"time.struct_time(tm_year=2023, tm_mon=2, tm_mday=1, tm_hour=14, tm_min=34, tm_sec=25, tm_wday=2, tm_yday=32, tm_isdst=-1)",2023-02-01,2023,2,32,1,34,14,BUS01
2023-02-01 14:36:55,40.75415,-111.916809,1286.6,-9999.0,-9999.0,-9999.0,14.02,0.68,-6.08,51.61,11.0,2.0,-4.89,26.0,884.2,0.0,-3.3,1.69,18.7,842.6,-9999.0,-9999.0,-9999.0,-9999.0,-9999.0,-9999.0,-9999.0,0.0,0,0,"time.struct_time(tm_year=2023, tm_mon=2, tm_mday=1, tm_hour=14, tm_min=36, tm_sec=55, tm_wday=2, tm_yday=32, tm_isdst=-1)",2023-02-01,2023,2,32,1,36,14,BUS01
2023-02-01 14:39:25,40.74453,-111.916862,1295.5,-9999.0,-9999.0,-9999.0,14.05,0.57,-6.2,53.65,12.0,2.0,-5.0,26.0,884.3,0.0,-3.3,1.7,18.6,843.5,-9999.0,-9999.0,-9999.0,-9999.0,-9999.0,-9999.0,-9999.0,0.0,0,0,"time.struct_time(tm_year=2023, tm_mon=2, tm_mday=1, tm_hour=14, tm_min=39, tm_sec=25, tm_wday=2, tm_yday=32, tm_isdst=-1)",2023-02-01,2023,2,32,1,39,14,BUS01
2023-02-01 14:42:10,40.740513,-111.924515,1286.4,-9999.0,-9999.0,-9999.0,14.06,0.43,-6.4,58.9,14.0,2.0,-5.28,27.0,883.8,0.0,0.5,1.7,18.6,842.4,-9999.0,-9999.0,-9999.0,-9999.0,-9999.0,-9999.0,-9999.0,0.0,0,0,"time.struct_time(tm_year=2023, tm_mon=2, tm_mday=1, tm_hour=14, tm_min=42, tm_sec=10, tm_wday=2, tm_yday=32, tm_isdst=-1)",2023-02-01,2023,2,32,1,42,14,BUS01
2023-02-01 14:44:40,40.740749,-111.938934,1285.2,-9999.0,-9999.0,-9999.0,14.05,0.3,-6.72,62.36,15.0,2.0,-5.39,28.0,883.8,0.0,2.7,1.7,18.5,843.3,-9999.0,-9999.0,-9999.0,-9999.0,-9999.0,-9999.0,-9999.0,0.0,0,0,"time.struct_time(tm_year=2023, tm_mon=2, tm_mday=1, tm_hour=14, tm_min=44, tm_sec=40, tm_wday=2, tm_yday=32, tm_isdst=-1)",2023-02-01,2023,2,32,1,44,14,BUS01
2023-02-01 14:47:10,40.740524,-111.951843,1280.8,-9999.0,-9999.0,-9999.0,14.06,0.16,-6.66,64.95,26.0,2.0,-5.72,29.0,883.7,0.0,-2.7,1.7,18.4,842.5,-9999.0,-9999.0,-9999.0,-9999.0,-9999.0,-9999.0,-9999.0,0.0,0,0,"time.struct_time(tm_year=2023, tm_mon=2, tm_mday=1, tm_hour=14, tm_min=47, tm_sec=10, tm_wday=2, tm_yday=32, tm_isdst=-1)",2023-02-01,2023,2,32,1,47,14,BUS01
2023-02-01 14:49:40,40.740391,-111.957939,1281.0,-9999.0,-9999.0,-9999.0,14.06,0.02,-6.16,61.43,21.0,2.0,-5.78,29.0,883.6,0.0,0.8,1.7,18.3,843.3,-9999.0,-9999.0,-9999.0,-9999.0,-9999.0,-9999.0,-9999.0,0.0,0,0,"time.struct_time(tm_year=2023, tm_mon=2, tm_mday=1, tm_hour=14, tm_min=49, tm_sec=40, tm_wday=2, tm_yday=32, tm_isdst=-1)",2023-02-01,2023,2,32,1,49,14,BUS01
2023-02-01 14:52:10,40.729603,-111.958038,1288.5,-9999.0,-9999.0,-9999.0,14.06,-0.11,-6.01,57.74,16.0,2.0,-5.89,29.0,883.6,0.0,2.3,1.7,18.2,842.1,-9999.0,-9999.0,-9999.0,-9999.0,-9999.0,-9999.0,-9999.0,0.0,0,0,"time.struct_time(tm_year=2023, tm_mon=2, tm_mday=1, tm_hour=14, tm_min=52, tm_sec=10, tm_wday=2, tm_yday=32, tm_isdst=-1)",2023-02-01,2023,2,32,1,52,14,BUS01
