Timestamp_UTC,Latitude_ddeg,Longitude_ddeg,Elevation_m,GPS_Speed_m/s,GPS_Direction_deg,GPS_RMC_Valid_binary,Battery_Voltage_volts,Bus_Box_Temperature_degC,Bus_Top_Temperature_degC,Bus_Top_Relative_Humidity_%,ES642_PM2.5_Concentration_ug/m3,ES642_Air_Flow_Rate_L/min,ES642_Internal_Air_Temperature_degC,ES642_Internal_Relative_Humidity_%,ES642_Internal_Air_Pressure_hpa,ES642_Error_Code_code,2B_Ozone_Concentration_ppbv,2B_Air_Flow_Rate_L/min,2B_Internal_Air_Temperature_degC,2B_Internal_Air_Pressure_hpa,2B405_NO_Concentration_ppbv,2B405_NO2_Concentration_ppbv,2B405_NOX_Concentration_ppbv,2B405_Internal_Air_Temperature_degC,2B405_Internal_Air_Pressure_hpa,2B405_Air_Flow_Rate_L/min,2B405_Cell_O3_Flow_Rate_mL/min,PM2.5_Data_Flagged_binary,Ozone_Data_Flagged_binary,GPS_Data_Flagged_binary,Time_Tuple,Date,Year,Month,Day_of_Year,Day_of_Month,Minute,Hour,Transit_ID
2023-01-03 06:36:45,40.765629,-111.909828,1301.5,-9999.0,-9999.0,-9999.0,14.1,-0.2,-0.91,80.6,2.0,2.0,-2.61,67.0,867.4,0.0,0.8,2.05,4.3,829.9,-15.9,0.0,0.0,0.2,808.6,1.7,104.4,1.0,0,1,"time.struct_time(tm_year=2023, tm_mon=1, tm_mday=3, tm_hour=6, tm_min=36, tm_sec=45, tm_wday=1, tm_yday=3, tm_isdst=-1)",2023-01-03,2023,1,3,3,36,6,BUS02
2023-01-03 06:39:15,40.765862,-111.909813,1259.8,-9999.0,-9999.0,-9999.0,14.1,-0.09,-0.85,80.7,3.0,2.0,-2.5,66.0,867.3,0.0,-2.4,2.06,5.5,830.8,-63.1,0.0,0.0,0.2,808.2,1.7,104.6,1.0,0,1,"time.struct_time(tm_year=2023, tm_mon=1, tm_mday=3, tm_hour=6, tm_min=39, tm_sec=15, tm_wday=1, tm_yday=3, tm_isdst=-1)",2023-01-03,2023,1,3,3,39,6,BUS02
2023-01-03 06:41:45,40.765846,-111.909767,1263.6,-9999.0,-9999.0,-9999.0,13.55,0.04,-0.79,80.7,2.0,2.0,-2.28,64.0,867.2,0.0,1.1,2.06,6.4,830.0,-19.6,0.0,0.0,0.3,808.0,1.68,104.8,1.0,0,1,"time.struct_time(tm_year=2023, tm_mon=1, tm_mday=3, tm_hour=6, tm_min=41, tm_sec=45, tm_wday=1, tm_yday=3, tm_isdst=-1)",2023-01-03,2023,1,3,3,41,6,BUS02
2023-01-03 06:44:15,40.765579,-111.909775,1275.3,-9999.0,-9999.0,-9999.0,14.06,0.19,-0.77,80.5,2.0,2.0,-2.11,61.0,867.3,0.0,22.7,2.07,7.3,830.6,92.5,0.0,0.0,0.4,807.7,1.68,105.5,1.0,0,1,"time.struct_time(tm_year=2023, tm_mon=1, tm_mday=3, tm_hour=6, tm_min=44, tm_sec=15, tm_wday=1, tm_yday=3, tm_isdst=-1)",2023-01-03,2023,1,3,3,44,6,BUS02
2023-01-03 06:46:45,40.765854,-111.90976,1260.2,-9999.0,-9999.0,-9999.0,14.06,0.35,-0.73,80.3,2.0,2.0,-1.89,58.0,867.5,0.0,7.7,2.04,8.1,830.4,311.0,0.0,0.0,0.5,807.5,1.68,105.4,1.0,0,1,"time.struct_time(tm_year=2023, tm_mon=1, tm_mday=3, tm_hour=6, tm_min=46, tm_sec=45, tm_wday=1, tm_yday=3, tm_isdst=-1)",2023-01-03,2023,1,3,3,46,6,BUS02
2023-01-03 06:49:15,40.765926,-111.909691,1261.7,-9999.0,-9999.0,-9999.0,14.06,0.52,-0.73,79.91,2.0,2.0,-1.72,56.0,867.5,0.0,16.4,2.06,8.8,830.7,90.9,0.0,0.0,0.5,807.3,1.68,105.8,1.0,0,1,"time.struct_time(tm_year=2023, tm_mon=1, tm_mday=3, tm_hour=6, tm_min=49, tm_sec=15, tm_wday=1, tm_yday=3, tm_isdst=-1)",2023-01-03,2023,1,3,3,49,6,BUS02
2023-01-03 06:51:45,40.76585,-111.909721,1270.7,-9999.0,-9999.0,-9999.0,14.06,0.69,-0.75,79.93,3.0,2.0,-1.5,54.0,867.6,0.0,11.4,2.07,9.4,830.6,48.7,0.0,0.0,0.7,807.2,1.69,105.5,1.0,0,1,"time.struct_time(tm_year=2023, tm_mon=1, tm_mday=3, tm_hour=6, tm_min=51, tm_sec=45, tm_wday=1, tm_yday=3, tm_isdst=-1)",2023-01-03,2023,1,3,3,51,6,BUS02
2023-01-03 06:55:20,40.765877,-111.909821,1264.8,-9999.0,-9999.0,-9999.0,14.06,0.95,-0.71,80.3,3.0,2.0,-1.11,51.0,867.6,0.0,0.3,2.07,10.3,830.5,79.8,0.0,0.0,0.8,807.0,1.67,105.0,1.0,0,1,"time.struct_time(tm_year=2023, tm_mon=1, tm_mday=3, tm_hour=6, tm_min=55, tm_sec=20, tm_wday=1, tm_yday=3, tm_isdst=-1)",2023-01-03,2023,1,3,3,55,6,BUS02
2023-01-03 06:57:50,40.765785,-111.909782,1261.5,-9999.0,-9999.0,-9999.0,14.07,1.12,-0.65,80.2,2.0,2.0,-0.89,50.0,867.6,0.0,-2.7,2.07,10.8,830.4,346.7,0.0,0.0,0.9,806.8,1.68,105.3,1.0,0,1,"time.struct_time(tm_year=2023, tm_mon=1, tm_mday=3, tm_hour=6, tm_min=57, tm_sec=50, tm_wday=1, tm_yday=3, tm_isdst=-1)",2023-01-03,2023,1,3,3,57,6,BUS02
2023-01-03 07:00:20,40.765881,-111.909943,1246.3,-9999.0,-9999.0,-9999.0,14.06,1.3,-0.61,80.2,4.0,2.0,-0.72,48.0,867.4,0.0,3.8,2.07,11.3,830.5,222.7,0.0,0.0,1.1,806.8,1.68,104.8,1.0,0,1,"time.struct_time(tm_year=2023, tm_mon=1, tm_mday=3, tm_hour=7, tm_min=0, tm_sec=20, tm_wday=1, tm_yday=3, tm_isdst=-1)",2023-01-03,2023,1,3,3,0,7,BUS02
2023-01-03 07:02:50,40.765823,-111.909866,1251.0,-9999.0,-9999.0,-9999.0,14.06,1.48,-0.57,80.3,5.0,2.0,-0.39,46.0,867.6,0.0,-0.5,2.07,11.7,830.4,304.6,0.0,0.0,1.2,806.6,1.68,105.1,1.0,0,1,"time.struct_time(tm_year=2023, tm_mon=1, tm_mday=3, tm_hour=7, tm_min=2, tm_sec=50, tm_wday=1, tm_yday=3, tm_isdst=-1)",2023-01-03,2023,1,3,3,2,7,BUS02
2023-01-03 07:05:20,40.765884,-111.909904,1248.1,-9999.0,-9999.0,-9999.0,14.07,1.66,-0.55,80.1,3.0,2.0,-0.22,45.0,867.4,0.0,5.5,2.08,12.2,830.5,724.3,0.0,0.0,1.4,806.5,1.68,105.1,1.0,0,1,"time.struct_time(tm_year=2023, tm_mon=1, tm_mday=3, tm_hour=7, tm_min=5, tm_sec=20, tm_wday=1, tm_yday=3, tm_isdst=-1)",2023-01-03,2023,1,3,3,5,7,BUS02
2023-01-03 07:07:50,40.765736,-111.909714,1251.9,-9999.0,-9999.0,-9999.0,14.03,1.83,-0.55,80.2,3.0,2.0,0.0,43.0,867.4,0.0,0.4,2.09,12.6,830.3,431.3,0.0,0.0,1.5,806.4,1.68,105.1,1.0,0,1,"time.struct_time(tm_year=2023, tm_mon=1, tm_mday=3, tm_hour=7, tm_min=7, tm_sec=50, tm_wday=1, tm_yday=3, tm_isdst=-1)",2023-01-03,2023,1,3,3,7,7,BUS02
2023-01-03 07:10:20,40.765774,-111.909737,1274.7,-9999.0,-9999.0,-9999.0,14.03,2.0,-0.48,80.4,4.0,2.0,0.22,42.0,867.5,0.0,0.3,2.08,12.9,830.3,522.9,0.0,0.0,1.7,806.3,1.68,105.0,1.0,0,1,"time.struct_time(tm_year=2023, tm_mon=1, tm_mday=3, tm_hour=7, tm_min=10, tm_sec=20, tm_wday=1, tm_yday=3, tm_isdst=-1)",2023-01-03,2023,1,3,3,10,7,BUS02
2023-01-03 07:12:50,40.765766,-111.909561,1301.5,-9999.0,-9999.0,-9999.0,14.03,2.17,-0.41,80.4,4.0,2.0,0.39,41.0,867.4,0.0,-1.0,2.08,13.3,830.4,265.1,0.0,0.0,1.9,806.2,1.68,105.2,1.0,0,1,"time.struct_time(tm_year=2023, tm_mon=1, tm_mday=3, tm_hour=7, tm_min=12, tm_sec=50, tm_wday=1, tm_yday=3, tm_isdst=-1)",2023-01-03,2023,1,3,3,12,7,BUS02
2023-01-03 07:15:20,40.765755,-111.909531,1299.8,-9999.0,-9999.0,-9999.0,14.02,2.34,-0.32,80.5,3.0,2.0,0.72,40.0,867.4,0.0,2.7,2.08,13.6,830.2,246.1,0.0,0.0,2.1,806.1,1.68,105.0,1.0,0,1,"time.struct_time(tm_year=2023, tm_mon=1, tm_mday=3, tm_hour=7, tm_min=15, tm_sec=20, tm_wday=1, tm_yday=3, tm_isdst=-1)",2023-01-03,2023,1,3,3,15,7,BUS02
2023-01-03 07:17:50,40.765747,-111.909615,1291.3,-9999.0,-9999.0,-9999.0,14.03,2.5,-0.29,80.3,5.0,2.0,0.89,39.0,867.3,0.0,0.0,2.09,13.9,830.1,-9999.0,-9999.0,-9999.0,-9999.0,-9999.0,-9999.0,-9999.0,1.0,0,1,"time.struct_time(tm_year=2023, tm_mon=1, tm_mday=3, tm_hour=7, tm_min=17, tm_sec=50, tm_wday=1, tm_yday=3, tm_isdst=-1)",2023-01-03,2023,1,3,3,17,7,BUS02
2023-01-03 07:20:20,40.765743,-111.909691,1287.8,-9999.0,-9999.0,-9999.0,14.03,2.67,-0.28,79.67,3.0,2.0,1.11,38.0,867.3,0.0,3.0,2.1,14.2,830.1,212.3,0.0,0.0,2.4,806.0,1.68,105.0,1.0,0,1,"time.struct_time(tm_year=2023, tm_mon=1, tm_mday=3, tm_hour=7, tm_min=20, tm_sec=20, tm_wday=1, tm_yday=3, tm_isdst=-1)",2023-01-03,2023,1,3,3,20,7,BUS02
2023-01-03 07:22:50,40.765728,-111.909645,1277.4,-9999.0,-9999.0,-9999.0,14.03,2.82,-0.31,79.74,3.0,2.0,1.22,37.0,867.2,0.0,12.2,2.09,14.5,830.2,45.5,0.0,0.0,2.6,805.8,1.68,105.2,1.0,0,1,"time.struct_time(tm_year=2023, tm_mon=1, tm_mday=3, tm_hour=7, tm_min=22, tm_sec=50, tm_wday=1, tm_yday=3, tm_isdst=-1)",2023-01-03,2023,1,3,3,22,7,BUS02
2023-01-03 07:25:20,40.765827,-111.909668,1273.9,-9999.0,-9999.0,-9999.0,14.03,2.97,-0.31,79.48,4.0,2.0,1.39,37.0,867.5,0.0,14.0,2.1,14.8,830.0,-0.6,0.0,0.0,2.8,805.7,1.68,105.1,1.0,0,1,"time.struct_time(tm_year=2023, tm_mon=1, tm_mday=3, tm_hour=7, tm_min=25, tm_sec=20, tm_wday=1, tm_yday=3, tm_isdst=-1)",2023-01-03,2023,1,3,3,25,7,BUS02
2023-01-03 07:27:50,40.765873,-111.909668,1280.6,-9999.0,-9999.0,-9999.0,14.02,3.11,-0.31,79.46,5.0,2.0,1.5,37.0,867.4,0.0,15.2,2.1,15.1,829.9,10.9,0.0,0.0,2.9,805.7,1.68,105.1,1.0,0,1,"time.struct_time(tm_year=2023, tm_mon=1, tm_mday=3, tm_hour=7, tm_min=27, tm_sec=50, tm_wday=1, tm_yday=3, tm_isdst=-1)",2023-01-03,2023,1,3,3,27,7,BUS02
2023-01-03 11:51:25,40.765675,-111.909798,1291.2,-9999.0,-9999.0,-9999.0,14.06,0.68,-0.59,81.9,3.0,2.0,-1.5,62.0,866.8,0.0,5.1,2.05,4.7,828.6,-20.4,0.0,0.0,2.3,807.5,1.69,106.1,1.0,0,1,"time.struct_time(tm_year=2023, tm_mon=1, tm_mday=3, tm_hour=11, tm_min=51, tm_sec=25, tm_wday=1, tm_yday=3, tm_isdst=-1)",2023-01-03,2023,1,3,3,51,11,BUS02
2023-01-03 11:53:55,40.765717,-111.909813,1278.1,-9999.0,-9999.0,-9999.0,14.06,0.72,-0.56,82.0,4.0,2.0,-1.5,63.0,866.9,0.0,5.7,2.06,5.9,830.4,-9999.0,0.0,-9999.0,-9999.0,-9999.0,-9999.0,-9999.0,1.0,0,1,"time.struct_time(tm_year=2023, tm_mon=1, tm_mday=3, tm_hour=11, tm_min=53, tm_sec=55, tm_wday=1, tm_yday=3, tm_isdst=-1)",2023-01-03,2023,1,3,3,53,11,BUS02
2023-01-03 11:56:25,40.765747,-111.909721,1280.3,-9999.0,-9999.0,-9999.0,14.07,0.8,-0.53,82.1,3.0,2.0,-1.39,63.0,866.9,0.0,20.6,2.07,6.9,828.7,-9999.0,0.0,-9999.0,-9999.0,-9999.0,-9999.0,-9999.0,1.0,0,1,"time.struct_time(tm_year=2023, tm_mon=1, tm_mday=3, tm_hour=11, tm_min=56, tm_sec=25, tm_wday=1, tm_yday=3, tm_isdst=-1)",2023-01-03,2023,1,3,3,56,11,BUS02
2023-01-03 11:58:55,40.765797,-111.909668,1276.4,-9999.0,-9999.0,-9999.0,13.55,0.91,-0.49,82.1,3.0,2.0,-1.28,61.0,867.0,0.0,21.2,2.05,7.8,830.1,-9999.0,-9999.0,-9999.0,-9999.0,-9999.0,-9999.0,-9999.0,1.0,0,1,"time.struct_time(tm_year=2023, tm_mon=1, tm_mday=3, tm_hour=11, tm_min=58, tm_sec=55, tm_wday=1, tm_yday=3, tm_isdst=-1)",2023-01-03,2023,1,3,3,58,11,BUS02
2023-01-03 12:01:25,40.765736,-111.90976,1271.5,-9999.0,-9999.0,-9999.0,14.03,1.05,-0.43,82.2,2.0,2.0,-1.11,59.0,867.0,0.0,-0.2,2.04,8.6,830.1,-9999.0,-9999.0,-9999.0,-9999.0,-9999.0,-9999.0,-9999.0,1.0,0,1,"time.struct_time(tm_year=2023, tm_mon=1, tm_mday=3, tm_hour=12, tm_min=1, tm_sec=25, tm_wday=1, tm_yday=3, tm_isdst=-1)",2023-01-03,2023,1,3,3,1,12,BUS02
2023-01-03 12:03:55,40.765789,-111.909706,1288.1,-9999.0,-9999.0,-9999.0,14.02,1.2,-0.33,82.2,2.0,2.0,-1.0,57.0,866.9,0.0,8.2,2.05,9.4,830.2,-9999.0,-9999.0,-9999.0,-9999.0,-9999.0,-9999.0,-9999.0,1.0,0,1,"time.struct_time(tm_year=2023, tm_mon=1, tm_mday=3, tm_hour=12, tm_min=3, tm_sec=55, tm_wday=1, tm_yday=3, tm_isdst=-1)",2023-01-03,2023,1,3,3,3,12,BUS02
2023-01-03 12:06:25,40.765766,-111.909767,1283.2,-9999.0,-9999.0,-9999.0,14.03,1.36,-0.32,82.2,2.0,2.0,-0.78,55.0,866.9,0.0,10.9,2.07,10.0,829.8,-9999.0,-9999.0,-9999.0,-9999.0,-9999.0,-9999.0,-9999.0,1.0,0,1,"time.struct_time(tm_year=2023, tm_mon=1, tm_mday=3, tm_hour=12, tm_min=6, tm_sec=25, tm_wday=1, tm_yday=3, tm_isdst=-1)",2023-01-03,2023,1,3,3,6,12,BUS02
2023-01-03 12:08:55,40.765781,-111.909767,1273.5,-9999.0,-9999.0,-9999.0,14.03,1.53,-0.31,82.3,3.0,2.0,-0.61,53.0,867.1,0.0,14.9,2.08,10.6,829.9,-9999.0,-9999.0,-9999.0,-9999.0,-9999.0,-9999.0,-9999.0,1.0,0,1,"time.struct_time(tm_year=2023, tm_mon=1, tm_mday=3, tm_hour=12, tm_min=8, tm_sec=55, tm_wday=1, tm_yday=3, tm_isdst=-1)",2023-01-03,2023,1,3,3,8,12,BUS02
2023-01-03 12:11:25,40.765614,-111.909737,1272.9,-9999.0,-9999.0,-9999.0,14.03,1.7,-0.25,82.2,4.0,2.0,-0.39,51.0,866.9,0.0,21.2,2.07,11.2,829.8,-9999.0,-9999.0,-9999.0,-9999.0,-9999.0,-9999.0,-9999.0,1.0,0,1,"time.struct_time(tm_year=2023, tm_mon=1, tm_mday=3, tm_hour=12, tm_min=11, tm_sec=25, tm_wday=1, tm_yday=3, tm_isdst=-1)",2023-01-03,2023,1,3,3,11,12,BUS02
2023-01-03 12:13:55,40.765514,-111.909477,1269.8,-9999.0,-9999.0,-9999.0,14.03,1.88,-0.21,82.3,3.0,2.0,-0.11,49.0,866.8,0.0,12.4,2.07,11.7,830.0,-9999.0,-9999.0,-9999.0,-9999.0,-9999.0,-9999.0,-9999.0,1.0,0,1,"time.struct_time(tm_year=2023, tm_mon=1, tm_mday=3, tm_hour=12, tm_min=13, tm_sec=55, tm_wday=1, tm_yday=3, tm_isdst=-1)",2023-01-03,2023,1,3,3,13,12,BUS02
2023-01-03 12:16:25,40.765778,-111.90976,1274.4,-9999.0,-9999.0,-9999.0,14.03,2.06,-0.17,82.1,3.0,2.0,0.11,47.0,867.1,0.0,17.6,2.09,12.1,829.8,-9999.0,-9999.0,-9999.0,-9999.0,-9999.0,-9999.0,-9999.0,1.0,0,1,"time.struct_time(tm_year=2023, tm_mon=1, tm_mday=3, tm_hour=12, tm_min=16, tm_sec=25, tm_wday=1, tm_yday=3, tm_isdst=-1)",2023-01-03,2023,1,3,3,16,12,BUS02
2023-01-03 12:20:00,40.765774,-111.909546,1281.7,-9999.0,-9999.0,-9999.0,14.03,2.32,-0.14,81.7,4.0,2.0,0.39,45.0,867.1,0.0,23.8,2.1,12.8,829.9,-9999.0,-9999.0,-9999.0,-9999.0,-9999.0,-9999.0,-9999.0,1.0,0,1,"time.struct_time(tm_year=2023, tm_mon=1, tm_mday=3, tm_hour=12, tm_min=20, tm_sec=0, tm_wday=1, tm_yday=3, tm_isdst=-1)",2023-01-03,2023,1,3,3,20,12,BUS02
2023-01-03 12:22:30,40.765259,-111.908173,1288.5,-9999.0,-9999.0,-9999.0,14.03,2.49,-0.14,81.6,2.0,2.0,0.61,44.0,867.0,0.0,18.5,2.08,13.1,830.1,-9999.0,-9999.0,-9999.0,-9999.0,-9999.0,-9999.0,-9999.0,1.0,0,1,"time.struct_time(tm_year=2023, tm_mon=1, tm_mday=3, tm_hour=12, tm_min=22, tm_sec=30, tm_wday=1, tm_yday=3, tm_isdst=-1)",2023-01-03,2023,1,3,3,22,12,BUS02
2023-01-03 12:25:00,40.760712,-111.911438,1291.5,-9999.0,-9999.0,-9999.0,14.03,2.65,-0.28,81.8,3.0,2.0,0.72,42.0,866.2,0.0,15.5,2.09,13.5,829.0,-9999.0,-9999.0,-9999.0,-9999.0,-9999.0,-9999.0,-9999.0,1.0,0,1,"time.struct_time(tm_year=2023, tm_mon=1, tm_mday=3, tm_hour=12, tm_min=25, tm_sec=0, tm_wday=1, tm_yday=3, tm_isdst=-1)",2023-01-03,2023,1,3,3,25,12,BUS02
2023-01-03 12:27:30,40.739449,-111.904503,1289.9,-9999.0,-9999.0,-9999.0,14.03,2.75,-0.61,84.2,6.0,2.0,0.89,41.0,865.5,0.0,13.5,2.1,13.9,828.4,-9999.0,-9999.0,-9999.0,-9999.0,-9999.0,-9999.0,-9999.0,1.0,0,0,"time.struct_time(tm_year=2023, tm_mon=1, tm_mday=3, tm_hour=12, tm_min=27, tm_sec=30, tm_wday=1, tm_yday=3, tm_isdst=-1)",2023-01-03,2023,1,3,3,27,12,BUS02
2023-01-03 12:30:00,40.70108,-111.902817,1296.4,-9999.0,-9999.0,-9999.0,14.03,2.79,-0.79,86.1,8.0,2.0,1.0,40.0,864.6,0.0,8.8,2.11,14.2,827.7,-9999.0,-9999.0,-9999.0,-9999.0,-9999.0,-9999.0,-9999.0,1.0,0,0,"time.struct_time(tm_year=2023, tm_mon=1, tm_mday=3, tm_hour=12, tm_min=30, tm_sec=0, tm_wday=1, tm_yday=3, tm_isdst=-1)",2023-01-03,2023,1,3,3,30,12,BUS02
2023-01-03 12:32:30,40.663387,-111.901581,1301.4,-9999.0,-9999.0,-9999.0,14.03,2.79,-0.91,86.6,6.0,2.0,1.11,40.0,865.2,0.0,10.6,2.12,14.5,827.4,-9999.0,-9999.0,-9999.0,-9999.0,-9999.0,-9999.0,-9999.0,1.0,0,0,"time.struct_time(tm_year=2023, tm_mon=1, tm_mday=3, tm_hour=12, tm_min=32, tm_sec=30, tm_wday=1, tm_yday=3, tm_isdst=-1)",2023-01-03,2023,1,3,3,32,12,BUS02
2023-01-03 12:35:00,40.625511,-111.903076,1330.4,-9999.0,-9999.0,-9999.0,14.03,2.79,-1.03,87.0,10.0,2.0,1.22,38.0,861.2,0.0,-2.0,2.12,14.8,824.2,-9999.0,-9999.0,-9999.0,-9999.0,-9999.0,-9999.0,-9999.0,1.0,0,0,"time.struct_time(tm_year=2023, tm_mon=1, tm_mday=3, tm_hour=12, tm_min=35, tm_sec=0, tm_wday=1, tm_yday=3, tm_isdst=-1)",2023-01-03,2023,1,3,3,35,12,BUS02
2023-01-03 12:37:30,40.589237,-111.901291,1332.5,-9999.0,-9999.0,-9999.0,14.03,2.78,-1.05,87.4,11.0,2.0,1.22,38.0,861.9,0.0,6.0,2.13,15.0,824.8,-9999.0,-9999.0,-9999.0,-9999.0,-9999.0,-9999.0,-9999.0,1.0,0,0,"time.struct_time(tm_year=2023, tm_mon=1, tm_mday=3, tm_hour=12, tm_min=37, tm_sec=30, tm_wday=1, tm_yday=3, tm_isdst=-1)",2023-01-03,2023,1,3,3,37,12,BUS02
2023-01-03 12:40:00,40.587994,-111.892067,1340.3,-9999.0,-9999.0,-9999.0,14.03,2.81,-1.07,87.3,11.0,2.0,1.11,38.0,861.1,0.0,9.4,2.14,15.2,823.8,-9999.0,-9999.0,-9999.0,-9999.0,-9999.0,-9999.0,-9999.0,1.0,0,0,"time.struct_time(tm_year=2023, tm_mon=1, tm_mday=3, tm_hour=12, tm_min=40, tm_sec=0, tm_wday=1, tm_yday=3, tm_isdst=-1)",2023-01-03,2023,1,3,3,40,12,BUS02
2023-01-03 12:42:30,40.587997,-111.872787,1373.7,-9999.0,-9999.0,-9999.0,14.03,2.87,-1.23,87.3,11.0,2.0,1.22,38.0,857.8,0.0,9.1,2.15,15.4,820.6,-9999.0,-9999.0,-9999.0,-9999.0,-9999.0,-9999.0,-9999.0,1.0,0,0,"time.struct_time(tm_year=2023, tm_mon=1, tm_mday=3, tm_hour=12, tm_min=42, tm_sec=30, tm_wday=1, tm_yday=3, tm_isdst=-1)",2023-01-03,2023,1,3,3,42,12,BUS02
2023-01-03 12:45:00,40.580441,-111.857559,1415.6,-9999.0,-9999.0,-9999.0,14.03,2.91,-1.36,87.2,10.0,2.0,1.11,37.0,853.1,0.0,21.1,2.15,15.6,816.2,-9999.0,-9999.0,-9999.0,-9999.0,-9999.0,-9999.0,-9999.0,1.0,0,0,"time.struct_time(tm_year=2023, tm_mon=1, tm_mday=3, tm_hour=12, tm_min=45, tm_sec=0, tm_wday=1, tm_yday=3, tm_isdst=-1)",2023-01-03,2023,1,3,3,45,12,BUS02
2023-01-03 12:48:40,40.578758,-111.832458,1466.9,-9999.0,-9999.0,-9999.0,14.03,2.94,-1.66,87.7,10.0,2.0,1.0,37.0,847.6,0.0,20.6,2.16,15.9,810.8,-9999.0,-9999.0,-9999.0,-9999.0,-9999.0,-9999.0,-9999.0,1.0,0,0,"time.struct_time(tm_year=2023, tm_mon=1, tm_mday=3, tm_hour=12, tm_min=48, tm_sec=40, tm_wday=1, tm_yday=3, tm_isdst=-1)",2023-01-03,2023,1,3,3,48,12,BUS02
2023-01-03 12:51:10,40.578831,-111.833038,1466.8,-9999.0,-9999.0,-9999.0,14.03,2.98,-1.78,88.0,9.0,2.0,0.78,38.0,847.8,0.0,15.9,2.17,16.1,810.8,-9999.0,-9999.0,-9999.0,-9999.0,-9999.0,-9999.0,-9999.0,1.0,0,0,"time.struct_time(tm_year=2023, tm_mon=1, tm_mday=3, tm_hour=12, tm_min=51, tm_sec=10, tm_wday=1, tm_yday=3, tm_isdst=-1)",2023-01-03,2023,1,3,3,51,12,BUS02
2023-01-03 12:53:40,40.578835,-111.833031,1466.8,-9999.0,-9999.0,-9999.0,14.03,3.03,-1.83,88.3,10.0,2.0,0.72,38.0,847.8,0.0,13.3,2.17,16.2,810.7,-9999.0,-9999.0,-9999.0,-9999.0,-9999.0,-9999.0,-9999.0,1.0,0,0,"time.struct_time(tm_year=2023, tm_mon=1, tm_mday=3, tm_hour=12, tm_min=53, tm_sec=40, tm_wday=1, tm_yday=3, tm_isdst=-1)",2023-01-03,2023,1,3,3,53,12,BUS02
2023-01-03 12:56:10,40.578835,-111.833031,1466.7,-9999.0,-9999.0,-9999.0,14.03,3.09,-1.86,87.4,10.0,2.0,0.72,39.0,848.0,0.0,17.3,2.16,16.3,810.8,-9999.0,-9999.0,-9999.0,-9999.0,-9999.0,-9999.0,-9999.0,1.0,0,0,"time.struct_time(tm_year=2023, tm_mon=1, tm_mday=3, tm_hour=12, tm_min=56, tm_sec=10, tm_wday=1, tm_yday=3, tm_isdst=-1)",2023-01-03,2023,1,3,3,56,12,BUS02
2023-01-03 12:58:40,40.580463,-111.8339,1467.0,-9999.0,-9999.0,-9999.0,14.03,3.14,-1.8,88.3,11.0,2.0,0.72,39.0,848.0,0.0,11.5,2.13,10.6,811.0,-9999.0,-9999.0,-9999.0,-9999.0,-9999.0,-9999.0,-9999.0,1.0,0,0,"time.struct_time(tm_year=2023, tm_mon=1, tm_mday=3, tm_hour=12, tm_min=58, tm_sec=40, tm_wday=1, tm_yday=3, tm_isdst=-1)",2023-01-03,2023,1,3,3,58,12,BUS02
2023-01-03 13:01:10,40.595631,-111.831673,1445.1,-9999.0,-9999.0,-9999.0,14.03,3.17,-1.66,88.7,13.0,2.0,0.72,39.0,850.2,0.0,17.1,2.17,16.6,813.0,-9999.0,-9999.0,-9999.0,-9999.0,-9999.0,-9999.0,-9999.0,1.0,0,0,"time.struct_time(tm_year=2023, tm_mon=1, tm_mday=3, tm_hour=13, tm_min=1, tm_sec=10, tm_wday=1, tm_yday=3, tm_isdst=-1)",2023-01-03,2023,1,3,3,1,13,BUS02
2023-01-03 13:03:40,40.613876,-111.833054,1424.8,-9999.0,-9999.0,-9999.0,14.03,3.14,-1.68,89.3,15.0,2.0,0.78,40.0,852.4,0.0,13.6,2.16,15.4,815.4,-9999.0,-9999.0,-9999.0,-9999.0,-9999.0,-9999.0,-9999.0,1.0,0,0,"time.struct_time(tm_year=2023, tm_mon=1, tm_mday=3, tm_hour=13, tm_min=3, tm_sec=40, tm_wday=1, tm_yday=3, tm_isdst=-1)",2023-01-03,2023,1,3,3,3,13,BUS02
2023-01-03 13:06:10,40.623043,-111.83419,1385.6,-9999.0,-9999.0,-9999.0,14.03,3.12,-1.64,89.4,10.0,2.0,0.72,40.0,856.9,0.0,12.6,2.15,16.8,819.9,-9999.0,-9999.0,-9999.0,-9999.0,-9999.0,-9999.0,-9999.0,1.0,0,0,"time.struct_time(tm_year=2023, tm_mon=1, tm_mday=3, tm_hour=13, tm_min=6, tm_sec=10, tm_wday=1, tm_yday=3, tm_isdst=-1)",2023-01-03,2023,1,3,3,6,13,BUS02
2023-01-03 13:08:40,40.62746,-111.83387,1374.9,-9999.0,-9999.0,-9999.0,14.03,3.13,-1.58,89.8,11.0,2.0,0.72,41.0,858.0,0.0,12.2,2.16,16.9,820.6,-9999.0,-9999.0,-9999.0,-9999.0,-9999.0,-9999.0,-9999.0,1.0,0,0,"time.struct_time(tm_year=2023, tm_mon=1, tm_mday=3, tm_hour=13, tm_min=8, tm_sec=40, tm_wday=1, tm_yday=3, tm_isdst=-1)",2023-01-03,2023,1,3,3,8,13,BUS02
2023-01-03 13:11:10,40.644444,-111.834915,1349.6,-9999.0,-9999.0,-9999.0,14.03,3.15,-1.44,89.8,6.0,2.0,0.72,41.0,860.3,0.0,16.2,2.13,17.0,823.0,-9999.0,-9999.0,-9999.0,-9999.0,-9999.0,-9999.0,-9999.0,1.0,0,0,"time.struct_time(tm_year=2023, tm_mon=1, tm_mday=3, tm_hour=13, tm_min=11, tm_sec=10, tm_wday=1, tm_yday=3, tm_isdst=-1)",2023-01-03,2023,1,3,3,11,13,BUS02
2023-01-03 13:13:40,40.658485,-111.834686,1338.5,-9999.0,-9999.0,-9999.0,14.03,3.15,-1.37,89.7,6.0,2.0,0.72,40.0,861.8,0.0,14.1,2.15,17.0,824.3,-9999.0,-9999.0,-9999.0,-9999.0,-9999.0,-9999.0,-9999.0,1.0,0,0,"time.struct_time(tm_year=2023, tm_mon=1, tm_mday=3, tm_hour=13, tm_min=13, tm_sec=40, tm_wday=1, tm_yday=3, tm_isdst=-1)",2023-01-03,2023,1,3,3,13,13,BUS02
2023-01-03 13:16:10,40.666328,-111.839249,1332.7,-9999.0,-9999.0,-9999.0,14.03,3.17,-1.35,89.9,5.0,2.0,0.72,40.0,862.6,0.0,14.7,2.12,17.1,825.2,-9999.0,-9999.0,-9999.0,-9999.0,-9999.0,-9999.0,-9999.0,1.0,0,0,"time.struct_time(tm_year=2023, tm_mon=1, tm_mday=3, tm_hour=13, tm_min=16, tm_sec=10, tm_wday=1, tm_yday=3, tm_isdst=-1)",2023-01-03,2023,1,3,3,16,13,BUS02
2023-01-03 13:18:40,40.677914,-111.842522,1339.4,-9999.0,-9999.0,-9999.0,14.03,3.22,-1.27,90.2,7.0,2.0,0.78,39.0,861.9,0.0,13.6,2.14,17.2,824.5,-9999.0,-9999.0,-9999.0,-9999.0,-9999.0,-9999.0,-9999.0,1.0,0,0,"time.struct_time(tm_year=2023, tm_mon=1, tm_mday=3, tm_hour=13, tm_min=18, tm_sec=40, tm_wday=1, tm_yday=3, tm_isdst=-1)",2023-01-03,2023,1,3,3,18,13,BUS02
2023-01-03 13:21:10,40.688217,-111.845451,1340.8,-9999.0,-9999.0,-9999.0,14.03,3.27,-1.21,89.7,5.0,2.0,0.78,39.0,862.1,0.0,18.2,2.15,17.2,824.6,-9999.0,-9999.0,-9999.0,-9999.0,-9999.0,-9999.0,-9999.0,1.0,0,0,"time.struct_time(tm_year=2023, tm_mon=1, tm_mday=3, tm_hour=13, tm_min=21, tm_sec=10, tm_wday=1, tm_yday=3, tm_isdst=-1)",2023-01-03,2023,1,3,3,21,13,BUS02
2023-01-03 13:23:40,40.699368,-111.850502,1355.7,-9999.0,-9999.0,-9999.0,14.03,3.31,-1.17,89.7,5.0,2.0,0.89,38.0,860.5,0.0,21.3,2.15,17.3,823.1,-9999.0,-9999.0,-9999.0,-9999.0,-9999.0,-9999.0,-9999.0,1.0,0,0,"time.struct_time(tm_year=2023, tm_mon=1, tm_mday=3, tm_hour=13, tm_min=23, tm_sec=40, tm_wday=1, tm_yday=3, tm_isdst=-1)",2023-01-03,2023,1,3,3,23,13,BUS02
2023-01-03 13:26:10,40.710762,-111.854691,1353.3,-9999.0,-9999.0,-9999.0,14.03,3.36,-1.13,89.5,5.0,2.0,1.0,38.0,860.9,0.0,17.1,2.16,17.4,823.6,-9999.0,-9999.0,-9999.0,-9999.0,-9999.0,-9999.0,-9999.0,1.0,0,0,"time.struct_time(tm_year=2023, tm_mon=1, tm_mday=3, tm_hour=13, tm_min=26, tm_sec=10, tm_wday=1, tm_yday=3, tm_isdst=-1)",2023-01-03,2023,1,3,3,26,13,BUS02
2023-01-03 13:28:40,40.719093,-111.85714,1340.1,-9999.0,-9999.0,-9999.0,14.03,3.41,-1.11,89.4,8.0,2.0,1.11,38.0,862.0,0.0,13.0,2.15,17.4,824.3,-9999.0,-9999.0,-9999.0,-9999.0,-9999.0,-9999.0,-9999.0,1.0,0,0,"time.struct_time(tm_year=2023, tm_mon=1, tm_mday=3, tm_hour=13, tm_min=28, tm_sec=40, tm_wday=1, tm_yday=3, tm_isdst=-1)",2023-01-03,2023,1,3,3,28,13,BUS02
2023-01-03 13:31:10,40.725082,-111.859764,1342.9,-9999.0,-9999.0,-9999.0,14.03,3.46,-1.05,89.4,5.0,2.0,1.11,39.0,863.3,0.0,12.9,2.14,17.5,825.7,-9999.0,-9999.0,-9999.0,-9999.0,-9999.0,-9999.0,-9999.0,1.0,0,0,"time.struct_time(tm_year=2023, tm_mon=1, tm_mday=3, tm_hour=13, tm_min=31, tm_sec=10, tm_wday=1, tm_yday=3, tm_isdst=-1)",2023-01-03,2023,1,3,3,31,13,BUS02
2023-01-03 13:33:40,40.736351,-111.859627,1331.4,-9999.0,-9999.0,-9999.0,14.03,3.52,-0.97,89.2,5.0,2.0,1.22,39.0,863.8,0.0,13.2,2.15,17.6,826.0,-9999.0,-9999.0,-9999.0,-9999.0,-9999.0,-9999.0,-9999.0,1.0,0,0,"time.struct_time(tm_year=2023, tm_mon=1, tm_mday=3, tm_hour=13, tm_min=33, tm_sec=40, tm_wday=1, tm_yday=3, tm_isdst=-1)",2023-01-03,2023,1,3,3,33,13,BUS02
2023-01-03 13:36:10,40.747231,-111.859566,1344.1,-9999.0,-9999.0,-9999.0,14.03,3.58,-0.89,88.6,5.0,2.0,1.22,39.0,862.8,0.0,14.6,2.15,17.6,824.9,-9999.0,-9999.0,-9999.0,-9999.0,-9999.0,-9999.0,-9999.0,1.0,0,0,"time.struct_time(tm_year=2023, tm_mon=1, tm_mday=3, tm_hour=13, tm_min=36, tm_sec=10, tm_wday=1, tm_yday=3, tm_isdst=-1)",2023-01-03,2023,1,3,3,36,13,BUS02
2023-01-03 13:38:40,40.750179,-111.853851,1382.3,-9999.0,-9999.0,-9999.0,14.03,3.63,-0.87,88.4,5.0,2.0,1.28,39.0,858.0,0.0,26.1,2.17,17.7,820.6,-9999.0,-9999.0,-9999.0,-9999.0,-9999.0,-9999.0,-9999.0,1.0,0,0,"time.struct_time(tm_year=2023, tm_mon=1, tm_mday=3, tm_hour=13, tm_min=38, tm_sec=40, tm_wday=1, tm_yday=3, tm_isdst=-1)",2023-01-03,2023,1,3,3,38,13,BUS02
2023-01-03 13:41:10,40.758087,-111.853844,1404.5,-9999.0,-9999.0,-9999.0,13.99,3.67,-0.87,88.0,5.0,2.0,1.28,39.0,856.3,0.0,20.5,2.16,17.7,818.9,-9999.0,-9999.0,-9999.0,-9999.0,-9999.0,-9999.0,-9999.0,1.0,0,0,"time.struct_time(tm_year=2023, tm_mon=1, tm_mday=3, tm_hour=13, tm_min=41, tm_sec=10, tm_wday=1, tm_yday=3, tm_isdst=-1)",2023-01-03,2023,1,3,3,41,13,BUS02
2023-01-03 13:43:40,40.76112,-111.852303,1411.6,-9999.0,-9999.0,-9999.0,13.99,3.73,-0.83,87.6,5.0,2.0,1.28,39.0,855.3,0.0,21.5,2.17,17.8,817.7,-9999.0,-9999.0,-9999.0,-9999.0,-9999.0,-9999.0,-9999.0,1.0,0,0,"time.struct_time(tm_year=2023, tm_mon=1, tm_mday=3, tm_hour=13, tm_min=43, tm_sec=40, tm_wday=1, tm_yday=3, tm_isdst=-1)",2023-01-03,2023,1,3,3,43,13,BUS02
2023-01-03 13:46:10,40.76421,-111.852333,1415.8,-9999.0,-9999.0,-9999.0,13.99,3.77,-0.81,86.9,5.0,2.0,1.28,39.0,854.5,0.0,22.3,2.17,17.9,817.1,-9999.0,-9999.0,-9999.0,-9999.0,-9999.0,-9999.0,-9999.0,1.0,0,0,"time.struct_time(tm_year=2023, tm_mon=1, tm_mday=3, tm_hour=13, tm_min=46, tm_sec=10, tm_wday=1, tm_yday=3, tm_isdst=-1)",2023-01-03,2023,1,3,3,46,13,BUS02
2023-01-03 13:49:50,40.766743,-111.865379,1357.9,-9999.0,-9999.0,-9999.0,13.99,3.84,-0.79,87.3,5.0,2.0,1.28,40.0,861.1,0.0,15.2,2.16,17.9,823.5,-9999.0,-9999.0,-9999.0,-9999.0,-9999.0,-9999.0,-9999.0,1.0,0,0,"time.struct_time(tm_year=2023, tm_mon=1, tm_mday=3, tm_hour=13, tm_min=49, tm_sec=50, tm_wday=1, tm_yday=3, tm_isdst=-1)",2023-01-03,2023,1,3,3,49,13,BUS02
2023-01-03 13:52:20,40.767231,-111.879784,1327.1,-9999.0,-9999.0,-9999.0,13.99,3.87,-0.58,86.9,6.0,2.0,1.39,40.0,864.2,0.0,26.7,2.15,18.0,826.5,-9999.0,0.0,-9999.0,-9999.0,-9999.0,-9999.0,-9999.0,1.0,0,0,"time.struct_time(tm_year=2023, tm_mon=1, tm_mday=3, tm_hour=13, tm_min=52, tm_sec=20, tm_wday=1, tm_yday=3, tm_isdst=-1)",2023-01-03,2023,1,3,3,52,13,BUS02
2023-01-03 13:54:50,40.764999,-111.88784,1318.3,-9999.0,-9999.0,-9999.0,13.99,3.91,-0.39,85.3,6.0,2.0,1.39,40.0,865.5,0.0,22.1,2.15,18.0,827.9,-9999.0,-9999.0,-9999.0,-9999.0,-9999.0,-9999.0,-9999.0,1.0,0,0,"time.struct_time(tm_year=2023, tm_mon=1, tm_mday=3, tm_hour=13, tm_min=54, tm_sec=50, tm_wday=1, tm_yday=3, tm_isdst=-1)",2023-01-03,2023,1,3,3,54,13,BUS02
2023-01-03 13:57:20,40.765026,-111.894554,1313.1,-9999.0,-9999.0,-9999.0,13.99,3.96,-0.31,84.5,5.0,2.0,1.5,39.0,865.5,0.0,24.5,2.15,18.1,827.7,-9999.0,-9999.0,-9999.0,-9999.0,-9999.0,-9999.0,-9999.0,1.0,0,1,"time.struct_time(tm_year=2023, tm_mon=1, tm_mday=3, tm_hour=13, tm_min=57, tm_sec=20, tm_wday=1, tm_yday=3, tm_isdst=-1)",2023-01-03,2023,1,3,3,57,13,BUS02
2023-01-03 13:59:50,40.76498,-111.908165,1298.5,-9999.0,-9999.0,-9999.0,13.99,4.02,-0.06,84.5,6.0,2.0,1.61,39.0,867.7,0.0,4.3,2.14,18.1,829.6,-9999.0,-9999.0,-9999.0,-9999.0,-9999.0,-9999.0,-9999.0,1.0,0,1,"time.struct_time(tm_year=2023, tm_mon=1, tm_mday=3, tm_hour=13, tm_min=59, tm_sec=50, tm_wday=1, tm_yday=3, tm_isdst=-1)",2023-01-03,2023,1,3,3,59,13,BUS02
2023-01-03 14:02:20,40.763512,-111.909485,1296.0,-9999.0,-9999.0,-9999.0,13.99,4.09,0.02,84.4,5.0,2.0,1.72,39.0,867.5,0.0,6.1,2.14,18.2,829.8,-9999.0,-9999.0,-9999.0,-9999.0,-9999.0,-9999.0,-9999.0,1.0,0,1,"time.struct_time(tm_year=2023, tm_mon=1, tm_mday=3, tm_hour=14, tm_min=2, tm_sec=20, tm_wday=1, tm_yday=3, tm_isdst=-1)",2023-01-03,2023,1,3,3,2,14,BUS02
2023-01-03 14:04:50,40.763512,-111.909485,1296.1,-9999.0,-9999.0,-9999.0,13.99,4.18,0.18,84.5,6.0,2.0,1.72,39.0,867.6,0.0,5.1,2.15,18.3,830.1,-9999.0,-9999.0,-9999.0,-9999.0,-9999.0,-9999.0,-9999.0,1.0,0,1,"time.struct_time(tm_year=2023, tm_mon=1, tm_mday=3, tm_hour=14, tm_min=4, tm_sec=50, tm_wday=1, tm_yday=3, tm_isdst=-1)",2023-01-03,2023,1,3,3,4,14,BUS02
2023-01-03 14:07:20,40.763515,-111.909485,1296.2,-9999.0,-9999.0,-9999.0,13.99,4.27,0.32,84.6,7.0,2.0,1.78,39.0,867.8,0.0,6.9,2.15,18.3,829.8,-9999.0,-9999.0,-9999.0,-9999.0,-9999.0,-9999.0,-9999.0,1.0,0,0,"time.struct_time(tm_year=2023, tm_mon=1, tm_mday=3, tm_hour=14, tm_min=7, tm_sec=20, tm_wday=1, tm_yday=3, tm_isdst=-1)",2023-01-03,2023,1,3,3,7,14,BUS02
2023-01-03 14:09:50,40.763519,-111.909485,1296.3,-9999.0,-9999.0,-9999.0,13.99,4.36,0.59,85.3,8.0,2.0,1.78,39.0,867.7,0.0,8.7,2.14,18.4,829.7,-9999.0,-9999.0,-9999.0,-9999.0,-9999.0,-9999.0,-9999.0,1.0,0,0,"time.struct_time(tm_year=2023, tm_mon=1, tm_mday=3, tm_hour=14, tm_min=9, tm_sec=50, tm_wday=1, tm_yday=3, tm_isdst=-1)",2023-01-03,2023,1,3,3,9,14,BUS02
2023-01-03 14:12:20,40.763523,-111.909477,1296.5,-9999.0,-9999.0,-9999.0,13.99,4.44,0.87,85.3,8.0,2.0,1.89,40.0,867.6,0.0,6.9,2.15,18.5,829.8,-9999.0,-9999.0,-9999.0,-9999.0,-9999.0,-9999.0,-9999.0,1.0,0,0,"time.struct_time(tm_year=2023, tm_mon=1, tm_mday=3, tm_hour=14, tm_min=12, tm_sec=20, tm_wday=1, tm_yday=3, tm_isdst=-1)",2023-01-03,2023,1,3,3,12,14,BUS02
2023-01-03 14:14:50,40.763523,-111.909477,1296.5,-9999.0,-9999.0,-9999.0,13.99,4.54,1.05,85.1,7.0,2.0,2.11,40.0,867.7,0.0,1.3,2.14,18.5,830.0,-9999.0,-9999.0,-9999.0,-9999.0,-9999.0,-9999.0,-9999.0,1.0,0,0,"time.struct_time(tm_year=2023, tm_mon=1, tm_mday=3, tm_hour=14, tm_min=14, tm_sec=50, tm_wday=1, tm_yday=3, tm_isdst=-1)",2023-01-03,2023,1,3,3,14,14,BUS02
2023-01-03 14:17:20,40.763527,-111.909477,1296.5,-9999.0,-9999.0,-9999.0,13.99,4.64,1.19,84.4,6.0,2.0,2.11,40.0,867.7,0.0,4.3,2.13,18.6,829.7,-9999.0,-9999.0,-9999.0,-9999.0,-9999.0,-9999.0,-9999.0,1.0,0,0,"time.struct_time(tm_year=2023, tm_mon=1, tm_mday=3, tm_hour=14, tm_min=17, tm_sec=20, tm_wday=1, tm_yday=3, tm_isdst=-1)",2023-01-03,2023,1,3,3,17,14,BUS02
2023-01-03 14:19:50,40.763527,-111.909477,1296.6,-9999.0,-9999.0,-9999.0,13.99,4.74,1.37,85.0,6.0,2.0,2.22,40.0,867.7,0.0,2.4,2.14,18.7,829.8,-9999.0,-9999.0,-9999.0,-9999.0,-9999.0,-9999.0,-9999.0,1.0,0,0,"time.struct_time(tm_year=2023, tm_mon=1, tm_mday=3, tm_hour=14, tm_min=19, tm_sec=50, tm_wday=1, tm_yday=3, tm_isdst=-1)",2023-01-03,2023,1,3,3,19,14,BUS02
2023-01-03 14:22:20,40.763531,-111.909477,1296.6,-9999.0,-9999.0,-9999.0,13.99,4.84,1.53,84.3,6.0,2.0,2.28,40.0,867.8,0.0,3.4,2.13,18.8,829.8,-9999.0,-9999.0,-9999.0,-9999.0,-9999.0,-9999.0,-9999.0,1.0,0,0,"time.struct_time(tm_year=2023, tm_mon=1, tm_mday=3, tm_hour=14, tm_min=22, tm_sec=20, tm_wday=1, tm_yday=3, tm_isdst=-1)",2023-01-03,2023,1,3,3,22,14,BUS02
2023-01-03 14:24:50,40.763535,-111.909477,1296.7,-9999.0,-9999.0,-9999.0,13.99,4.95,1.53,84.0,7.0,2.0,2.5,39.0,868.0,0.0,0.8,2.14,18.8,829.9,-9999.0,-9999.0,-9999.0,-9999.0,-9999.0,-9999.0,-9999.0,1.0,0,0,"time.struct_time(tm_year=2023, tm_mon=1, tm_mday=3, tm_hour=14, tm_min=24, tm_sec=50, tm_wday=1, tm_yday=3, tm_isdst=-1)",2023-01-03,2023,1,3,3,24,14,BUS02
2023-01-03 14:27:20,40.763538,-111.909477,1296.9,-9999.0,-9999.0,-9999.0,13.99,5.06,1.49,81.7,7.0,2.0,2.61,39.0,867.7,0.0,3.7,2.15,18.9,829.9,-9999.0,-9999.0,-9999.0,-9999.0,-9999.0,-9999.0,-9999.0,1.0,0,0,"time.struct_time(tm_year=2023, tm_mon=1, tm_mday=3, tm_hour=14, tm_min=27, tm_sec=20, tm_wday=1, tm_yday=3, tm_isdst=-1)",2023-01-03,2023,1,3,3,27,14,BUS02
2023-01-03 14:29:50,40.763538,-111.909477,1297.1,-9999.0,-9999.0,-9999.0,13.99,5.17,1.29,81.5,7.0,2.0,2.78,38.0,867.8,0.0,6.1,2.15,19.0,829.9,-9999.0,-9999.0,-9999.0,-9999.0,-9999.0,-9999.0,-9999.0,1.0,0,0,"time.struct_time(tm_year=2023, tm_mon=1, tm_mday=3, tm_hour=14, tm_min=29, tm_sec=50, tm_wday=1, tm_yday=3, tm_isdst=-1)",2023-01-03,2023,1,3,3,29,14,BUS02
2023-01-03 14:32:20,40.763538,-111.90947,1297.2,-9999.0,-9999.0,-9999.0,13.99,5.29,1.27,81.5,7.0,2.0,2.89,38.0,867.8,0.0,1.6,2.16,19.1,829.7,-9999.0,-9999.0,-9999.0,-9999.0,-9999.0,-9999.0,-9999.0,1.0,0,0,"time.struct_time(tm_year=2023, tm_mon=1, tm_mday=3, tm_hour=14, tm_min=32, tm_sec=20, tm_wday=1, tm_yday=3, tm_isdst=-1)",2023-01-03,2023,1,3,3,32,14,BUS02
2023-01-03 14:34:50,40.763542,-111.90947,1297.1,-9999.0,-9999.0,-9999.0,13.99,5.4,1.35,82.2,7.0,2.0,3.0,38.0,867.7,0.0,0.7,2.16,19.2,829.9,-9999.0,-9999.0,-9999.0,-9999.0,-9999.0,-9999.0,-9999.0,1.0,0,0,"time.struct_time(tm_year=2023, tm_mon=1, tm_mday=3, tm_hour=14, tm_min=34, tm_sec=50, tm_wday=1, tm_yday=3, tm_isdst=-1)",2023-01-03,2023,1,3,3,34,14,BUS02
2023-01-03 14:37:20,40.763542,-111.90947,1297.2,-9999.0,-9999.0,-9999.0,13.99,5.51,1.39,81.1,9.0,2.0,3.11,38.0,867.9,0.0,4.8,2.17,19.3,829.7,-9999.0,-9999.0,-9999.0,-9999.0,-9999.0,-9999.0,-9999.0,1.0,0,0,"time.struct_time(tm_year=2023, tm_mon=1, tm_mday=3, tm_hour=14, tm_min=37, tm_sec=20, tm_wday=1, tm_yday=3, tm_isdst=-1)",2023-01-03,2023,1,3,3,37,14,BUS02
2023-01-03 14:39:50,40.763542,-111.90947,1297.1,-9999.0,-9999.0,-9999.0,13.95,5.61,1.45,81.7,8.0,2.0,3.22,38.0,867.8,0.0,5.8,2.15,19.4,829.9,-9999.0,-9999.0,-9999.0,-9999.0,-9999.0,-9999.0,-9999.0,1.0,0,1,"time.struct_time(tm_year=2023, tm_mon=1, tm_mday=3, tm_hour=14, tm_min=39, tm_sec=50, tm_wday=1, tm_yday=3, tm_isdst=-1)",2023-01-03,2023,1,3,3,39,14,BUS02
2023-01-03 14:42:20,40.763126,-111.909218,1296.7,-9999.0,-9999.0,-9999.0,13.95,5.7,1.53,81.5,10.0,2.0,3.28,38.0,868.1,0.0,5.5,2.15,19.5,829.8,-9999.0,-9999.0,-9999.0,-9999.0,-9999.0,-9999.0,-9999.0,1.0,0,1,"time.struct_time(tm_year=2023, tm_mon=1, tm_mday=3, tm_hour=14, tm_min=42, tm_sec=20, tm_wday=1, tm_yday=3, tm_isdst=-1)",2023-01-03,2023,1,3,3,42,14,BUS02
2023-01-03 14:44:50,40.764912,-111.909042,1296.4,-9999.0,-9999.0,-9999.0,13.95,5.78,1.62,79.96,10.0,2.0,3.39,38.0,867.9,0.0,4.2,2.17,19.6,829.9,-9999.0,-9999.0,-9999.0,-9999.0,-9999.0,-9999.0,-9999.0,1.0,0,1,"time.struct_time(tm_year=2023, tm_mon=1, tm_mday=3, tm_hour=14, tm_min=44, tm_sec=50, tm_wday=1, tm_yday=3, tm_isdst=-1)",2023-01-03,2023,1,3,3,44,14,BUS02
2023-01-03 14:47:20,40.761333,-111.902641,1302.7,-9999.0,-9999.0,-9999.0,13.95,5.86,1.63,78.35,9.0,2.0,3.39,37.0,867.9,0.0,15.3,2.17,19.6,829.6,-9999.0,-9999.0,-9999.0,-9999.0,-9999.0,-9999.0,-9999.0,1.0,0,1,"time.struct_time(tm_year=2023, tm_mon=1, tm_mday=3, tm_hour=14, tm_min=47, tm_sec=20, tm_wday=1, tm_yday=3, tm_isdst=-1)",2023-01-03,2023,1,3,3,47,14,BUS02
2023-01-03 14:50:55,40.760632,-111.916451,1297.7,-9999.0,-9999.0,-9999.0,13.95,5.92,1.31,78.21,10.0,2.0,3.39,37.0,868.4,0.0,8.4,2.16,19.8,830.0,-9999.0,-9999.0,-9999.0,-9999.0,-9999.0,-9999.0,-9999.0,1.0,0,1,"time.struct_time(tm_year=2023, tm_mon=1, tm_mday=3, tm_hour=14, tm_min=50, tm_sec=55, tm_wday=1, tm_yday=3, tm_isdst=-1)",2023-01-03,2023,1,3,3,50,14,BUS02
2023-01-03 14:53:25,40.754036,-111.914368,1295.5,-9999.0,-9999.0,-9999.0,13.95,5.93,1.09,77.65,10.0,2.0,3.28,37.0,868.3,0.0,7.8,2.18,19.8,830.1,-9999.0,-9999.0,-9999.0,-9999.0,-9999.0,-9999.0,-9999.0,1.0,0,0,"time.struct_time(tm_year=2023, tm_mon=1, tm_mday=3, tm_hour=14, tm_min=53, tm_sec=25, tm_wday=1, tm_yday=3, tm_isdst=-1)",2023-01-03,2023,1,3,3,53,14,BUS02
2023-01-03 14:55:55,40.745441,-111.916893,1296.4,-9999.0,-9999.0,-9999.0,13.95,5.94,0.91,78.71,13.0,2.0,3.22,37.0,868.0,0.0,8.3,2.17,19.9,829.7,-9999.0,-9999.0,-9999.0,-9999.0,-9999.0,-9999.0,-9999.0,1.0,0,0,"time.struct_time(tm_year=2023, tm_mon=1, tm_mday=3, tm_hour=14, tm_min=55, tm_sec=55, tm_wday=1, tm_yday=3, tm_isdst=-1)",2023-01-03,2023,1,3,3,55,14,BUS02
2023-01-03 14:58:25,40.734325,-111.916908,1296.9,-9999.0,-9999.0,-9999.0,13.95,5.91,0.71,79.31,13.0,2.0,3.11,38.0,868.3,0.0,20.0,2.17,20.0,830.1,-9999.0,-9999.0,-9999.0,-9999.0,-9999.0,-9999.0,-9999.0,1.0,0,0,"time.struct_time(tm_year=2023, tm_mon=1, tm_mday=3, tm_hour=14, tm_min=58, tm_sec=25, tm_wday=1, tm_yday=3, tm_isdst=-1)",2023-01-03,2023,1,3,3,58,14,BUS02
2023-01-03 15:00:55,40.725849,-111.918976,1301.3,-9999.0,-9999.0,-9999.0,13.95,5.89,0.56,79.76,15.0,2.0,3.0,38.0,867.7,0.0,8.4,2.16,20.0,829.5,-9999.0,-9999.0,-9999.0,-9999.0,-9999.0,-9999.0,-9999.0,1.0,0,0,"time.struct_time(tm_year=2023, tm_mon=1, tm_mday=3, tm_hour=15, tm_min=0, tm_sec=55, tm_wday=1, tm_yday=3, tm_isdst=-1)",2023-01-03,2023,1,3,3,0,15,BUS02
2023-01-03 15:03:25,40.72802,-111.938881,1300.8,-9999.0,-9999.0,-9999.0,13.95,5.83,0.4,79.77,14.0,2.0,2.89,38.0,867.6,0.0,-0.5,2.18,20.1,829.4,-9999.0,-9999.0,-9999.0,-9999.0,-9999.0,-9999.0,-9999.0,1.0,0,0,"time.struct_time(tm_year=2023, tm_mon=1, tm_mday=3, tm_hour=15, tm_min=3, tm_sec=25, tm_wday=1, tm_yday=3, tm_isdst=-1)",2023-01-03,2023,1,3,3,3,15,BUS02
2023-01-03 15:05:55,40.733154,-111.944237,1300.5,-9999.0,-9999.0,-9999.0,13.95,5.77,0.3,79.84,13.0,2.0,2.78,38.0,867.9,0.0,39.4,2.16,20.1,829.7,-9999.0,-9999.0,-9999.0,-9999.0,-9999.0,-9999.0,-9999.0,1.0,0,0,"time.struct_time(tm_year=2023, tm_mon=1, tm_mday=3, tm_hour=15, tm_min=5, tm_sec=55, tm_wday=1, tm_yday=3, tm_isdst=-1)",2023-01-03,2023,1,3,3,5,15,BUS02
2023-01-03 15:08:25,40.731258,-111.958069,1300.6,-9999.0,-9999.0,-9999.0,13.95,5.75,0.24,80.7,18.0,2.0,2.72,38.0,867.5,0.0,-4.9,2.16,20.1,829.4,-9999.0,-9999.0,-9999.0,-9999.0,-9999.0,-9999.0,-9999.0,1.0,0,0,"time.struct_time(tm_year=2023, tm_mon=1, tm_mday=3, tm_hour=15, tm_min=8, tm_sec=25, tm_wday=1, tm_yday=3, tm_isdst=-1)",2023-01-03,2023,1,3,3,8,15,BUS02
2023-01-03 15:10:55,40.728119,-111.967583,1299.0,-9999.0,-9999.0,-9999.0,13.95,5.73,0.3,79.91,22.0,2.0,2.72,38.0,867.7,0.0,-4.6,2.17,20.2,829.5,-9999.0,-9999.0,-9999.0,-9999.0,-9999.0,-9999.0,-9999.0,1.0,0,0,"time.struct_time(tm_year=2023, tm_mon=1, tm_mday=3, tm_hour=15, tm_min=10, tm_sec=55, tm_wday=1, tm_yday=3, tm_isdst=-1)",2023-01-03,2023,1,3,3,10,15,BUS02
2023-01-03 15:13:25,40.730904,-111.978233,1293.6,-9999.0,-9999.0,-9999.0,13.95,5.72,0.36,79.8,17.0,2.0,2.61,38.0,867.6,0.0,-6.8,2.17,20.2,829.5,-9999.0,-9999.0,-9999.0,-9999.0,-9999.0,-9999.0,-9999.0,1.0,0,0,"time.struct_time(tm_year=2023, tm_mon=1, tm_mday=3, tm_hour=15, tm_min=13, tm_sec=25, tm_wday=1, tm_yday=3, tm_isdst=-1)",2023-01-03,2023,1,3,3,13,15,BUS02
2023-01-03 15:15:55,40.730885,-111.986946,1291.6,-9999.0,-9999.0,-9999.0,13.95,5.7,0.34,79.51,18.0,2.0,2.5,39.0,867.8,0.0,0.6,2.17,20.2,829.5,-9999.0,-9999.0,-9999.0,-9999.0,-9999.0,-9999.0,-9999.0,1.0,0,0,"time.struct_time(tm_year=2023, tm_mon=1, tm_mday=3, tm_hour=15, tm_min=15, tm_sec=55, tm_wday=1, tm_yday=3, tm_isdst=-1)",2023-01-03,2023,1,3,3,15,15,BUS02
2023-01-03 15:18:25,40.725464,-111.986198,1309.4,-9999.0,-9999.0,-9999.0,13.95,5.68,0.34,80.5,20.0,2.0,2.39,39.0,866.8,0.0,-3.3,2.17,20.2,828.6,-9999.0,-9999.0,-9999.0,-9999.0,-9999.0,-9999.0,-9999.0,1.0,0,0,"time.struct_time(tm_year=2023, tm_mon=1, tm_mday=3, tm_hour=15, tm_min=18, tm_sec=25, tm_wday=1, tm_yday=3, tm_isdst=-1)",2023-01-03,2023,1,3,3,18,15,BUS02
2023-01-03 15:20:55,40.719669,-111.986229,1301.8,-9999.0,-9999.0,-9999.0,13.95,5.67,0.42,79.6,19.0,2.0,2.39,40.0,867.2,0.0,8.2,2.16,20.2,829.0,-9999.0,-9999.0,-9999.0,-9999.0,-9999.0,-9999.0,-9999.0,1.0,0,0,"time.struct_time(tm_year=2023, tm_mon=1, tm_mday=3, tm_hour=15, tm_min=20, tm_sec=55, tm_wday=1, tm_yday=3, tm_isdst=-1)",2023-01-03,2023,1,3,3,20,15,BUS02
2023-01-03 15:23:25,40.724083,-111.984459,1300.4,-9999.0,-9999.0,-9999.0,13.95,5.63,0.26,79.5,15.0,2.0,2.28,39.0,867.4,0.0,2.8,2.18,20.2,829.2,-9999.0,-9999.0,-9999.0,-9999.0,-9999.0,-9999.0,-9999.0,1.0,0,0,"time.struct_time(tm_year=2023, tm_mon=1, tm_mday=3, tm_hour=15, tm_min=23, tm_sec=25, tm_wday=1, tm_yday=3, tm_isdst=-1)",2023-01-03,2023,1,3,3,23,15,BUS02
2023-01-03 15:25:55,40.714031,-111.977219,1304.5,-9999.0,-9999.0,-9999.0,13.95,5.57,0.2,79.4,15.0,2.0,2.39,39.0,867.5,0.0,0.6,2.16,20.2,829.1,-9999.0,-9999.0,-9999.0,-9999.0,-9999.0,-9999.0,-9999.0,1.0,0,0,"time.struct_time(tm_year=2023, tm_mon=1, tm_mday=3, tm_hour=15, tm_min=25, tm_sec=55, tm_wday=1, tm_yday=3, tm_isdst=-1)",2023-01-03,2023,1,3,3,25,15,BUS02
2023-01-03 15:28:25,40.702751,-111.977142,1308.1,-9999.0,-9999.0,-9999.0,13.95,5.52,0.18,78.81,16.0,2.0,2.28,38.0,867.0,0.0,4.2,2.16,20.2,829.1,-9999.0,-9999.0,-9999.0,-9999.0,-9999.0,-9999.0,-9999.0,1.0,0,0,"time.struct_time(tm_year=2023, tm_mon=1, tm_mday=3, tm_hour=15, tm_min=28, tm_sec=25, tm_wday=1, tm_yday=3, tm_isdst=-1)",2023-01-03,2023,1,3,3,28,15,BUS02
2023-01-03 15:30:55,40.69289,-111.976219,1313.0,-9999.0,-9999.0,-9999.0,13.95,5.48,0.02,79.82,15.0,2.0,2.28,38.0,866.4,0.0,7.1,2.18,20.2,828.4,-9999.0,-9999.0,-9999.0,-9999.0,-9999.0,-9999.0,-9999.0,1.0,0,0,"time.struct_time(tm_year=2023, tm_mon=1, tm_mday=3, tm_hour=15, tm_min=30, tm_sec=55, tm_wday=1, tm_yday=3, tm_isdst=-1)",2023-01-03,2023,1,3,3,30,15,BUS02
2023-01-03 15:33:25,40.693584,-111.960136,1304.6,-9999.0,-9999.0,-9999.0,13.96,5.43,0.0,80.1,13.0,2.0,2.22,38.0,867.4,0.0,4.9,2.17,20.2,829.3,-9999.0,-9999.0,-9999.0,-9999.0,-9999.0,-9999.0,-9999.0,1.0,0,0,"time.struct_time(tm_year=2023, tm_mon=1, tm_mday=3, tm_hour=15, tm_min=33, tm_sec=25, tm_wday=1, tm_yday=3, tm_isdst=-1)",2023-01-03,2023,1,3,3,33,15,BUS02
2023-01-03 15:35:55,40.693432,-111.960564,1307.6,-9999.0,-9999.0,-9999.0,13.95,5.42,-0.08,79.62,14.0,2.0,2.0,39.0,867.4,0.0,6.9,2.17,20.2,829.3,-9999.0,-9999.0,-9999.0,-9999.0,-9999.0,-9999.0,-9999.0,1.0,0,0,"time.struct_time(tm_year=2023, tm_mon=1, tm_mday=3, tm_hour=15, tm_min=35, tm_sec=55, tm_wday=1, tm_yday=3, tm_isdst=-1)",2023-01-03,2023,1,3,3,35,15,BUS02
2023-01-03 15:38:25,40.693436,-111.960564,1308.0,-9999.0,-9999.0,-9999.0,13.95,5.44,-0.21,79.6,13.0,2.0,2.11,40.0,867.6,0.0,13.5,2.15,20.2,829.4,-9999.0,-9999.0,-9999.0,-9999.0,-9999.0,-9999.0,-9999.0,1.0,0,0,"time.struct_time(tm_year=2023, tm_mon=1, tm_mday=3, tm_hour=15, tm_min=38, tm_sec=25, tm_wday=1, tm_yday=3, tm_isdst=-1)",2023-01-03,2023,1,3,3,38,15,BUS02
2023-01-03 15:40:55,40.693436,-111.960564,1308.3,-9999.0,-9999.0,-9999.0,13.95,5.47,-0.17,80.9,9.0,2.0,2.11,40.0,867.6,0.0,8.5,2.17,20.2,829.3,-9999.0,-9999.0,-9999.0,-9999.0,-9999.0,-9999.0,-9999.0,1.0,0,0,"time.struct_time(tm_year=2023, tm_mon=1, tm_mday=3, tm_hour=15, tm_min=40, tm_sec=55, tm_wday=1, tm_yday=3, tm_isdst=-1)",2023-01-03,2023,1,3,3,40,15,BUS02
2023-01-03 15:43:25,40.693439,-111.960564,1308.5,-9999.0,-9999.0,-9999.0,13.95,5.51,0.09,81.9,9.0,2.0,2.11,40.0,867.5,0.0,12.2,2.19,20.2,829.4,-9999.0,-9999.0,-9999.0,-9999.0,-9999.0,-9999.0,-9999.0,1.0,0,0,"time.struct_time(tm_year=2023, tm_mon=1, tm_mday=3, tm_hour=15, tm_min=43, tm_sec=25, tm_wday=1, tm_yday=3, tm_isdst=-1)",2023-01-03,2023,1,3,3,43,15,BUS02
2023-01-03 15:45:55,40.693439,-111.960564,1308.6,-9999.0,-9999.0,-9999.0,13.95,5.56,0.33,82.1,9.0,2.0,2.28,40.0,867.5,0.0,13.1,2.16,20.2,829.4,-9999.0,-9999.0,-9999.0,-9999.0,-9999.0,-9999.0,-9999.0,1.0,0,0,"time.struct_time(tm_year=2023, tm_mon=1, tm_mday=3, tm_hour=15, tm_min=45, tm_sec=55, tm_wday=1, tm_yday=3, tm_isdst=-1)",2023-01-03,2023,1,3,3,45,15,BUS02
2023-01-03 15:48:25,40.693443,-111.960564,1308.5,-9999.0,-9999.0,-9999.0,13.95,5.62,0.48,81.4,9.0,2.0,2.39,39.0,867.7,0.0,10.8,2.17,20.2,829.3,-9999.0,-9999.0,-9999.0,-9999.0,-9999.0,-9999.0,-9999.0,1.0,0,0,"time.struct_time(tm_year=2023, tm_mon=1, tm_mday=3, tm_hour=15, tm_min=48, tm_sec=25, tm_wday=1, tm_yday=3, tm_isdst=-1)",2023-01-03,2023,1,3,3,48,15,BUS02
2023-01-03 15:52:00,40.693443,-111.960564,1308.4,-9999.0,-9999.0,-9999.0,13.95,5.72,1.01,82.5,12.0,2.0,2.5,38.0,867.8,0.0,5.9,2.17,20.2,829.4,-9999.0,-9999.0,-9999.0,-9999.0,-9999.0,-9999.0,-9999.0,1.0,0,0,"time.struct_time(tm_year=2023, tm_mon=1, tm_mday=3, tm_hour=15, tm_min=52, tm_sec=0, tm_wday=1, tm_yday=3, tm_isdst=-1)",2023-01-03,2023,1,3,3,52,15,BUS02
2023-01-03 15:54:30,40.693443,-111.960564,1308.5,-9999.0,-9999.0,-9999.0,13.95,5.8,1.18,80.8,12.0,2.0,2.61,38.0,867.5,0.0,7.8,2.17,20.2,829.6,-9999.0,-9999.0,-9999.0,-9999.0,-9999.0,-9999.0,-9999.0,1.0,0,0,"time.struct_time(tm_year=2023, tm_mon=1, tm_mday=3, tm_hour=15, tm_min=54, tm_sec=30, tm_wday=1, tm_yday=3, tm_isdst=-1)",2023-01-03,2023,1,3,3,54,15,BUS02
2023-01-03 15:57:00,40.693443,-111.960564,1308.5,-9999.0,-9999.0,-9999.0,13.95,5.87,1.31,80.2,13.0,2.0,2.78,38.0,867.8,0.0,7.3,2.16,20.3,829.5,-9999.0,-9999.0,-9999.0,-9999.0,-9999.0,-9999.0,-9999.0,1.0,0,0,"time.struct_time(tm_year=2023, tm_mon=1, tm_mday=3, tm_hour=15, tm_min=57, tm_sec=0, tm_wday=1, tm_yday=3, tm_isdst=-1)",2023-01-03,2023,1,3,3,57,15,BUS02
2023-01-03 15:59:30,40.693447,-111.960564,1308.5,-9999.0,-9999.0,-9999.0,13.95,5.94,1.58,80.5,14.0,2.0,2.89,39.0,867.6,0.0,5.3,2.16,20.3,829.4,-9999.0,-9999.0,-9999.0,-9999.0,-9999.0,-9999.0,-9999.0,1.0,0,0,"time.struct_time(tm_year=2023, tm_mon=1, tm_mday=3, tm_hour=15, tm_min=59, tm_sec=30, tm_wday=1, tm_yday=3, tm_isdst=-1)",2023-01-03,2023,1,3,3,59,15,BUS02
2023-01-03 16:02:00,40.693447,-111.960564,1308.5,-9999.0,-9999.0,-9999.0,13.95,6.01,1.77,77.91,13.0,2.0,3.0,39.0,867.6,0.0,10.5,2.17,20.4,829.5,-9999.0,-9999.0,-9999.0,-9999.0,-9999.0,-9999.0,-9999.0,1.0,0,0,"time.struct_time(tm_year=2023, tm_mon=1, tm_mday=3, tm_hour=16, tm_min=2, tm_sec=0, tm_wday=1, tm_yday=3, tm_isdst=-1)",2023-01-03,2023,1,3,3,2,16,BUS02
2023-01-03 16:04:30,40.693447,-111.960564,1308.3,-9999.0,-9999.0,-9999.0,13.95,6.09,1.55,76.92,14.0,2.0,3.11,39.0,867.8,0.0,10.9,2.17,20.4,829.4,-9999.0,-9999.0,-9999.0,-9999.0,-9999.0,-9999.0,-9999.0,1.0,0,0,"time.struct_time(tm_year=2023, tm_mon=1, tm_mday=3, tm_hour=16, tm_min=4, tm_sec=30, tm_wday=1, tm_yday=3, tm_isdst=-1)",2023-01-03,2023,1,3,3,4,16,BUS02
2023-01-03 16:07:00,40.692966,-111.965179,1302.8,-9999.0,-9999.0,-9999.0,13.95,6.17,1.66,76.23,15.0,2.0,3.22,39.0,867.1,0.0,12.8,2.18,20.5,828.9,-9999.0,-9999.0,-9999.0,-9999.0,-9999.0,-9999.0,-9999.0,1.0,0,0,"time.struct_time(tm_year=2023, tm_mon=1, tm_mday=3, tm_hour=16, tm_min=7, tm_sec=0, tm_wday=1, tm_yday=3, tm_isdst=-1)",2023-01-03,2023,1,3,3,7,16,BUS02
2023-01-03 16:09:30,40.697037,-111.977028,1295.2,-9999.0,-9999.0,-9999.0,13.95,6.19,1.51,74.89,18.0,2.0,3.28,37.0,867.5,0.0,10.7,2.16,20.5,829.3,-9999.0,-9999.0,-9999.0,-9999.0,-9999.0,-9999.0,-9999.0,1.0,0,0,"time.struct_time(tm_year=2023, tm_mon=1, tm_mday=3, tm_hour=16, tm_min=9, tm_sec=30, tm_wday=1, tm_yday=3, tm_isdst=-1)",2023-01-03,2023,1,3,3,9,16,BUS02
2023-01-03 16:12:00,40.704762,-111.977081,1293.1,-9999.0,-9999.0,-9999.0,13.95,6.2,1.25,76.14,20.0,2.0,3.11,38.0,867.7,0.0,10.1,2.18,20.5,829.5,-9999.0,-9999.0,-9999.0,-9999.0,-9999.0,-9999.0,-9999.0,1.0,0,0,"time.struct_time(tm_year=2023, tm_mon=1, tm_mday=3, tm_hour=16, tm_min=12, tm_sec=0, tm_wday=1, tm_yday=3, tm_isdst=-1)",2023-01-03,2023,1,3,3,12,16,BUS02
2023-01-03 16:14:30,40.722824,-111.977142,1289.6,-9999.0,-9999.0,-9999.0,13.96,6.17,0.93,76.58,21.0,2.0,3.11,38.0,868.1,0.0,7.3,2.19,20.6,829.6,-9999.0,-9999.0,-9999.0,-9999.0,-9999.0,-9999.0,-9999.0,1.0,0,0,"time.struct_time(tm_year=2023, tm_mon=1, tm_mday=3, tm_hour=16, tm_min=14, tm_sec=30, tm_wday=1, tm_yday=3, tm_isdst=-1)",2023-01-03,2023,1,3,3,14,16,BUS02
2023-01-03 16:17:00,40.718594,-111.983612,1291.6,-9999.0,-9999.0,-9999.0,13.95,6.1,0.73,77.72,19.0,2.0,3.0,38.0,868.4,0.0,7.2,2.15,20.6,829.9,-9999.0,-9999.0,-9999.0,-9999.0,-9999.0,-9999.0,-9999.0,1.0,0,0,"time.struct_time(tm_year=2023, tm_mon=1, tm_mday=3, tm_hour=16, tm_min=17, tm_sec=0, tm_wday=1, tm_yday=3, tm_isdst=-1)",2023-01-03,2023,1,3,3,17,16,BUS02
2023-01-03 16:19:30,40.724224,-111.986244,1296.6,-9999.0,-9999.0,-9999.0,13.95,6.05,0.68,78.15,21.0,2.0,2.89,38.0,867.6,0.0,6.9,2.17,20.6,829.6,-9999.0,-9999.0,-9999.0,-9999.0,-9999.0,-9999.0,-9999.0,1.0,0,0,"time.struct_time(tm_year=2023, tm_mon=1, tm_mday=3, tm_hour=16, tm_min=19, tm_sec=30, tm_wday=1, tm_yday=3, tm_isdst=-1)",2023-01-03,2023,1,3,3,19,16,BUS02
2023-01-03 16:22:00,40.730869,-111.978256,1294.1,-9999.0,-9999.0,-9999.0,13.95,6.01,0.62,78.51,20.0,2.0,2.89,39.0,868.4,0.0,20.4,2.17,20.7,830.1,-9999.0,-9999.0,-9999.0,-9999.0,-9999.0,-9999.0,-9999.0,1.0,0,0,"time.struct_time(tm_year=2023, tm_mon=1, tm_mday=3, tm_hour=16, tm_min=22, tm_sec=0, tm_wday=1, tm_yday=3, tm_isdst=-1)",2023-01-03,2023,1,3,3,22,16,BUS02
2023-01-03 16:24:30,40.728359,-111.968117,1293.7,-9999.0,-9999.0,-9999.0,13.95,5.99,0.64,78.49,22.0,2.0,2.78,39.0,868.5,0.0,5.9,2.18,20.7,830.4,-9999.0,-9999.0,-9999.0,-9999.0,-9999.0,-9999.0,-9999.0,1.0,0,0,"time.struct_time(tm_year=2023, tm_mon=1, tm_mday=3, tm_hour=16, tm_min=24, tm_sec=30, tm_wday=1, tm_yday=3, tm_isdst=-1)",2023-01-03,2023,1,3,3,24,16,BUS02
2023-01-03 16:27:00,40.733124,-111.950134,1292.0,-9999.0,-9999.0,-9999.0,13.95,5.95,0.65,78.47,20.0,2.0,2.78,39.0,868.2,0.0,4.4,2.16,20.7,830.2,-9999.0,-9999.0,-9999.0,-9999.0,-9999.0,-9999.0,-9999.0,1.0,0,0,"time.struct_time(tm_year=2023, tm_mon=1, tm_mday=3, tm_hour=16, tm_min=27, tm_sec=0, tm_wday=1, tm_yday=3, tm_isdst=-1)",2023-01-03,2023,1,3,3,27,16,BUS02
2023-01-03 16:29:30,40.726215,-111.939003,1294.2,-9999.0,-9999.0,-9999.0,13.95,5.88,0.65,78.39,17.0,2.0,2.78,39.0,868.8,0.0,7.9,2.16,20.7,830.3,-9999.0,-9999.0,-9999.0,-9999.0,-9999.0,-9999.0,-9999.0,1.0,0,0,"time.struct_time(tm_year=2023, tm_mon=1, tm_mday=3, tm_hour=16, tm_min=29, tm_sec=30, tm_wday=1, tm_yday=3, tm_isdst=-1)",2023-01-03,2023,1,3,3,29,16,BUS02
2023-01-03 16:32:00,40.725891,-111.934807,1293.3,-9999.0,-9999.0,-9999.0,13.96,5.86,0.7,78.45,16.0,2.0,2.72,40.0,868.4,0.0,9.3,2.17,20.7,830.1,-9999.0,-9999.0,-9999.0,-9999.0,-9999.0,-9999.0,-9999.0,1.0,0,0,"time.struct_time(tm_year=2023, tm_mon=1, tm_mday=3, tm_hour=16, tm_min=32, tm_sec=0, tm_wday=1, tm_yday=3, tm_isdst=-1)",2023-01-03,2023,1,3,3,32,16,BUS02
2023-01-03 16:34:30,40.728039,-111.916771,1291.7,-9999.0,-9999.0,-9999.0,13.95,5.84,0.73,78.53,12.0,2.0,2.72,40.0,868.8,0.0,11.5,2.16,20.7,830.4,-9999.0,-9999.0,-9999.0,-9999.0,-9999.0,-9999.0,-9999.0,1.0,0,0,"time.struct_time(tm_year=2023, tm_mon=1, tm_mday=3, tm_hour=16, tm_min=34, tm_sec=30, tm_wday=1, tm_yday=3, tm_isdst=-1)",2023-01-03,2023,1,3,3,34,16,BUS02
2023-01-03 16:37:00,40.746956,-111.916832,1289.8,-9999.0,-9999.0,-9999.0,13.95,5.81,0.71,77.61,9.0,2.0,2.78,39.0,868.9,0.0,14.9,2.17,20.7,830.5,-9999.0,-9999.0,-9999.0,-9999.0,-9999.0,-9999.0,-9999.0,1.0,0,0,"time.struct_time(tm_year=2023, tm_mon=1, tm_mday=3, tm_hour=16, tm_min=37, tm_sec=0, tm_wday=1, tm_yday=3, tm_isdst=-1)",2023-01-03,2023,1,3,3,37,16,BUS02
2023-01-03 16:39:30,40.753731,-111.913826,1289.2,-9999.0,-9999.0,-9999.0,13.95,5.77,0.65,77.58,10.0,2.0,2.72,38.0,869.4,0.0,20.5,2.17,20.7,831.2,-9999.0,-9999.0,-9999.0,-9999.0,-9999.0,-9999.0,-9999.0,1.0,0,0,"time.struct_time(tm_year=2023, tm_mon=1, tm_mday=3, tm_hour=16, tm_min=39, tm_sec=30, tm_wday=1, tm_yday=3, tm_isdst=-1)",2023-01-03,2023,1,3,3,39,16,BUS02
2023-01-03 16:42:00,40.760582,-111.915161,1288.3,-9999.0,-9999.0,-9999.0,13.95,5.78,0.72,77.48,13.0,2.0,2.72,38.0,869.3,0.0,13.0,2.17,20.6,831.1,-9999.0,-9999.0,-9999.0,-9999.0,-9999.0,-9999.0,-9999.0,1.0,0,1,"time.struct_time(tm_year=2023, tm_mon=1, tm_mday=3, tm_hour=16, tm_min=42, tm_sec=0, tm_wday=1, tm_yday=3, tm_isdst=-1)",2023-01-03,2023,1,3,3,42,16,BUS02
2023-01-03 16:44:30,40.761391,-111.90239,1288.2,-9999.0,-9999.0,-9999.0,13.95,5.8,0.81,77.29,11.0,2.0,2.72,38.0,868.9,0.0,12.9,2.17,20.6,830.5,-9999.0,-9999.0,-9999.0,-9999.0,-9999.0,-9999.0,-9999.0,1.0,0,1,"time.struct_time(tm_year=2023, tm_mon=1, tm_mday=3, tm_hour=16, tm_min=44, tm_sec=30, tm_wday=1, tm_yday=3, tm_isdst=-1)",2023-01-03,2023,1,3,3,44,16,BUS02
2023-01-03 16:47:00,40.764648,-111.909691,1287.4,-9999.0,-9999.0,-9999.0,13.95,5.8,0.89,76.63,14.0,2.0,2.78,38.0,869.3,0.0,11.8,2.16,20.6,830.9,-9999.0,-9999.0,-9999.0,-9999.0,-9999.0,-9999.0,-9999.0,1.0,0,1,"time.struct_time(tm_year=2023, tm_mon=1, tm_mday=3, tm_hour=16, tm_min=47, tm_sec=0, tm_wday=1, tm_yday=3, tm_isdst=-1)",2023-01-03,2023,1,3,3,47,16,BUS02
2023-01-03 16:49:30,40.763538,-111.909416,1283.6,-9999.0,-9999.0,-9999.0,13.95,5.84,0.99,76.49,14.0,2.0,2.72,39.0,869.1,0.0,11.0,2.15,20.6,830.9,-9999.0,-9999.0,-9999.0,-9999.0,-9999.0,-9999.0,-9999.0,1.0,0,1,"time.struct_time(tm_year=2023, tm_mon=1, tm_mday=3, tm_hour=16, tm_min=49, tm_sec=30, tm_wday=1, tm_yday=3, tm_isdst=-1)",2023-01-03,2023,1,3,3,49,16,BUS02
2023-01-03 16:53:10,40.763542,-111.909416,1283.0,-9999.0,-9999.0,-9999.0,13.95,5.92,1.33,76.8,14.0,2.0,2.78,39.0,869.3,0.0,11.7,2.16,20.6,831.0,-9999.0,-9999.0,-9999.0,-9999.0,-9999.0,-9999.0,-9999.0,1.0,0,0,"time.struct_time(tm_year=2023, tm_mon=1, tm_mday=3, tm_hour=16, tm_min=53, tm_sec=10, tm_wday=1, tm_yday=3, tm_isdst=-1)",2023-01-03,2023,1,3,3,53,16,BUS02
2023-01-03 16:55:40,40.763542,-111.909416,1282.8,-9999.0,-9999.0,-9999.0,13.95,6.0,1.49,76.47,13.0,2.0,2.89,40.0,869.2,0.0,12.7,2.16,20.6,831.0,-9999.0,-9999.0,-9999.0,-9999.0,-9999.0,-9999.0,-9999.0,1.0,0,0,"time.struct_time(tm_year=2023, tm_mon=1, tm_mday=3, tm_hour=16, tm_min=55, tm_sec=40, tm_wday=1, tm_yday=3, tm_isdst=-1)",2023-01-03,2023,1,3,3,55,16,BUS02
2023-01-03 16:58:10,40.763546,-111.909416,1282.6,-9999.0,-9999.0,-9999.0,13.95,6.08,1.79,77.13,10.0,2.0,3.0,40.0,869.4,0.0,18.6,2.17,20.7,831.0,-9999.0,-9999.0,-9999.0,-9999.0,-9999.0,-9999.0,-9999.0,1.0,0,0,"time.struct_time(tm_year=2023, tm_mon=1, tm_mday=3, tm_hour=16, tm_min=58, tm_sec=10, tm_wday=1, tm_yday=3, tm_isdst=-1)",2023-01-03,2023,1,3,3,58,16,BUS02
2023-01-03 17:00:40,40.763546,-111.909416,1282.5,-9999.0,-9999.0,-9999.0,13.96,6.16,2.12,76.71,11.0,2.0,3.11,41.0,869.2,0.0,13.1,2.16,20.7,831.0,-9999.0,-9999.0,-9999.0,-9999.0,-9999.0,-9999.0,-9999.0,1.0,0,0,"time.struct_time(tm_year=2023, tm_mon=1, tm_mday=3, tm_hour=17, tm_min=0, tm_sec=40, tm_wday=1, tm_yday=3, tm_isdst=-1)",2023-01-03,2023,1,3,3,0,17,BUS02
2023-01-03 17:03:10,40.763546,-111.909416,1282.6,-9999.0,-9999.0,-9999.0,13.96,6.25,2.48,76.84,11.0,2.0,3.22,40.0,869.4,0.0,9.0,2.15,20.7,831.0,-9999.0,-9999.0,-9999.0,-9999.0,-9999.0,-9999.0,-9999.0,1.0,0,1,"time.struct_time(tm_year=2023, tm_mon=1, tm_mday=3, tm_hour=17, tm_min=3, tm_sec=10, tm_wday=1, tm_yday=3, tm_isdst=-1)",2023-01-03,2023,1,3,3,3,17,BUS02
2023-01-03 17:05:40,40.763546,-111.909416,1282.6,-9999.0,-9999.0,-9999.0,13.95,6.36,2.62,74.04,12.0,2.0,3.39,39.0,869.6,0.0,7.2,2.17,20.7,831.1,-9999.0,-9999.0,-9999.0,-9999.0,-9999.0,-9999.0,-9999.0,1.0,0,1,"time.struct_time(tm_year=2023, tm_mon=1, tm_mday=3, tm_hour=17, tm_min=5, tm_sec=40, tm_wday=1, tm_yday=3, tm_isdst=-1)",2023-01-03,2023,1,3,3,5,17,BUS02
2023-01-03 17:08:10,40.76313,-111.909065,1286.1,-9999.0,-9999.0,-9999.0,13.95,6.47,2.74,72.81,13.0,2.0,3.61,38.0,869.4,0.0,6.6,2.16,20.8,831.0,-9999.0,-9999.0,-9999.0,-9999.0,-9999.0,-9999.0,-9999.0,1.0,0,1,"time.struct_time(tm_year=2023, tm_mon=1, tm_mday=3, tm_hour=17, tm_min=8, tm_sec=10, tm_wday=1, tm_yday=3, tm_isdst=-1)",2023-01-03,2023,1,3,3,8,17,BUS02
2023-01-03 17:10:40,40.764927,-111.902847,1291.8,-9999.0,-9999.0,-9999.0,13.95,6.58,2.74,69.85,12.0,2.0,3.78,37.0,869.2,0.0,7.7,2.17,20.8,830.7,-9999.0,-9999.0,-9999.0,-9999.0,-9999.0,-9999.0,-9999.0,0.0,0,1,"time.struct_time(tm_year=2023, tm_mon=1, tm_mday=3, tm_hour=17, tm_min=10, tm_sec=40, tm_wday=1, tm_yday=3, tm_isdst=-1)",2023-01-03,2023,1,3,3,10,17,BUS02
2023-01-03 17:13:10,40.765175,-111.891747,1304.4,-9999.0,-9999.0,-9999.0,13.95,6.67,2.52,69.0,14.0,2.0,3.89,36.0,867.3,0.0,12.2,2.16,20.9,829.1,-9999.0,-9999.0,-9999.0,-9999.0,-9999.0,-9999.0,-9999.0,0.0,0,1,"time.struct_time(tm_year=2023, tm_mon=1, tm_mday=3, tm_hour=17, tm_min=13, tm_sec=10, tm_wday=1, tm_yday=3, tm_isdst=-1)",2023-01-03,2023,1,3,3,13,17,BUS02
2023-01-03 17:15:40,40.765331,-111.887848,1298.9,-9999.0,-9999.0,-9999.0,13.95,6.75,2.46,69.44,14.0,2.0,4.0,36.0,867.4,0.0,16.6,2.17,20.9,829.0,-9999.0,-9999.0,-9999.0,-9999.0,-9999.0,-9999.0,-9999.0,0.0,0,0,"time.struct_time(tm_year=2023, tm_mon=1, tm_mday=3, tm_hour=17, tm_min=15, tm_sec=40, tm_wday=1, tm_yday=3, tm_isdst=-1)",2023-01-03,2023,1,3,3,15,17,BUS02
2023-01-03 17:18:10,40.767124,-111.88176,1313.6,-9999.0,-9999.0,-9999.0,13.95,6.81,2.3,68.84,11.0,2.0,4.0,36.0,866.9,0.0,22.1,2.17,21.0,828.4,-9999.0,-9999.0,-9999.0,-9999.0,-9999.0,-9999.0,-9999.0,0.0,0,0,"time.struct_time(tm_year=2023, tm_mon=1, tm_mday=3, tm_hour=17, tm_min=18, tm_sec=10, tm_wday=1, tm_yday=3, tm_isdst=-1)",2023-01-03,2023,1,3,3,18,17,BUS02
2023-01-03 17:20:40,40.767155,-111.87056,1339.1,-9999.0,-9999.0,-9999.0,13.96,6.87,2.08,69.62,13.0,2.0,4.0,36.0,864.4,0.0,12.6,2.17,21.0,826.1,-9999.0,-9999.0,-9999.0,-9999.0,-9999.0,-9999.0,-9999.0,0.0,0,0,"time.struct_time(tm_year=2023, tm_mon=1, tm_mday=3, tm_hour=17, tm_min=20, tm_sec=40, tm_wday=1, tm_yday=3, tm_isdst=-1)",2023-01-03,2023,1,3,3,20,17,BUS02
2023-01-03 17:23:10,40.764938,-111.863831,1350.5,-9999.0,-9999.0,-9999.0,13.96,6.9,1.94,71.06,13.0,2.0,4.0,36.0,863.5,0.0,16.5,2.19,21.1,825.0,-9999.0,-9999.0,-9999.0,-9999.0,-9999.0,-9999.0,-9999.0,1.0,0,0,"time.struct_time(tm_year=2023, tm_mon=1, tm_mday=3, tm_hour=17, tm_min=23, tm_sec=10, tm_wday=1, tm_yday=3, tm_isdst=-1)",2023-01-03,2023,1,3,3,23,17,BUS02
2023-01-03 17:25:40,40.762421,-111.852348,1404.5,-9999.0,-9999.0,-9999.0,13.96,6.92,1.69,72.17,13.0,2.0,4.0,36.0,856.8,0.0,19.5,2.19,21.1,818.6,-9999.0,-9999.0,-9999.0,-9999.0,-9999.0,-9999.0,-9999.0,1.0,0,0,"time.struct_time(tm_year=2023, tm_mon=1, tm_mday=3, tm_hour=17, tm_min=25, tm_sec=40, tm_wday=1, tm_yday=3, tm_isdst=-1)",2023-01-03,2023,1,3,3,25,17,BUS02
2023-01-03 17:28:10,40.758694,-111.853996,1389.1,-9999.0,-9999.0,-9999.0,13.95,6.91,1.47,73.04,15.0,2.0,3.78,37.0,858.5,0.0,12.9,2.21,21.2,820.1,-9999.0,-9999.0,-9999.0,-9999.0,-9999.0,-9999.0,-9999.0,1.0,0,0,"time.struct_time(tm_year=2023, tm_mon=1, tm_mday=3, tm_hour=17, tm_min=28, tm_sec=10, tm_wday=1, tm_yday=3, tm_isdst=-1)",2023-01-03,2023,1,3,3,28,17,BUS02
2023-01-03 17:30:40,40.749786,-111.859093,1333.0,-9999.0,-9999.0,-9999.0,13.95,6.9,1.37,74.29,14.0,2.0,3.72,37.0,864.5,0.0,20.0,2.18,21.2,826.3,-9999.0,-9999.0,-9999.0,-9999.0,-9999.0,-9999.0,-9999.0,1.0,0,0,"time.struct_time(tm_year=2023, tm_mon=1, tm_mday=3, tm_hour=17, tm_min=30, tm_sec=40, tm_wday=1, tm_yday=3, tm_isdst=-1)",2023-01-03,2023,1,3,3,30,17,BUS02
2023-01-03 17:33:10,40.738716,-111.859604,1311.6,-9999.0,-9999.0,-9999.0,13.95,6.87,1.37,74.27,15.0,2.0,3.61,37.0,866.1,0.0,17.9,2.18,21.3,827.6,-9999.0,-9999.0,-9999.0,-9999.0,-9999.0,-9999.0,-9999.0,1.0,0,0,"time.struct_time(tm_year=2023, tm_mon=1, tm_mday=3, tm_hour=17, tm_min=33, tm_sec=10, tm_wday=1, tm_yday=3, tm_isdst=-1)",2023-01-03,2023,1,3,3,33,17,BUS02
2023-01-03 17:35:40,40.724087,-111.859543,1329.3,-9999.0,-9999.0,-9999.0,13.96,6.82,1.41,75.03,17.0,2.0,3.61,37.0,865.6,0.0,14.5,2.19,21.3,827.0,-9999.0,-9999.0,-9999.0,-9999.0,-9999.0,-9999.0,-9999.0,1.0,0,0,"time.struct_time(tm_year=2023, tm_mon=1, tm_mday=3, tm_hour=17, tm_min=35, tm_sec=40, tm_wday=1, tm_yday=3, tm_isdst=-1)",2023-01-03,2023,1,3,3,35,17,BUS02
2023-01-03 17:38:10,40.713177,-111.855515,1337.6,-9999.0,-9999.0,-9999.0,13.95,6.81,1.61,73.95,17.0,2.0,3.61,38.0,863.7,0.0,15.8,2.18,21.3,825.4,-9999.0,-9999.0,-9999.0,-9999.0,-9999.0,-9999.0,-9999.0,1.0,0,0,"time.struct_time(tm_year=2023, tm_mon=1, tm_mday=3, tm_hour=17, tm_min=38, tm_sec=10, tm_wday=1, tm_yday=3, tm_isdst=-1)",2023-01-03,2023,1,3,3,38,17,BUS02
2023-01-03 17:40:40,40.70108,-111.851212,1345.2,-9999.0,-9999.0,-9999.0,13.96,6.8,1.5,73.8,20.0,2.0,3.5,38.0,863.3,0.0,9.9,2.2,21.3,824.8,-9999.0,-9999.0,-9999.0,-9999.0,-9999.0,-9999.0,-9999.0,1.0,0,0,"time.struct_time(tm_year=2023, tm_mon=1, tm_mday=3, tm_hour=17, tm_min=40, tm_sec=40, tm_wday=1, tm_yday=3, tm_isdst=-1)",2023-01-03,2023,1,3,3,40,17,BUS02
2023-01-03 17:43:10,40.691971,-111.847763,1337.8,-9999.0,-9999.0,-9999.0,13.95,6.8,1.53,74.77,21.0,2.0,3.5,38.0,864.3,0.0,16.7,2.18,21.3,825.7,-9999.0,-9999.0,-9999.0,-9999.0,-9999.0,-9999.0,-9999.0,1.0,0,0,"time.struct_time(tm_year=2023, tm_mon=1, tm_mday=3, tm_hour=17, tm_min=43, tm_sec=10, tm_wday=1, tm_yday=3, tm_isdst=-1)",2023-01-03,2023,1,3,3,43,17,BUS02
2023-01-03 17:45:40,40.683495,-111.843956,1326.4,-9999.0,-9999.0,-9999.0,13.96,6.77,1.47,74.88,20.0,2.0,3.5,39.0,865.0,0.0,15.4,2.17,21.3,826.7,-9999.0,-9999.0,-9999.0,-9999.0,-9999.0,-9999.0,-9999.0,1.0,0,0,"time.struct_time(tm_year=2023, tm_mon=1, tm_mday=3, tm_hour=17, tm_min=45, tm_sec=40, tm_wday=1, tm_yday=3, tm_isdst=-1)",2023-01-03,2023,1,3,3,45,17,BUS02
2023-01-03 17:48:10,40.669952,-111.840324,1331.2,-9999.0,-9999.0,-9999.0,13.95,6.75,1.53,75.07,21.0,2.0,3.5,39.0,864.5,0.0,12.3,2.19,21.3,826.1,-9999.0,-9999.0,-9999.0,-9999.0,-9999.0,-9999.0,-9999.0,1.0,0,0,"time.struct_time(tm_year=2023, tm_mon=1, tm_mday=3, tm_hour=17, tm_min=48, tm_sec=10, tm_wday=1, tm_yday=3, tm_isdst=-1)",2023-01-03,2023,1,3,3,48,17,BUS02
2023-01-03 17:50:40,40.661167,-111.836174,1333.0,-9999.0,-9999.0,-9999.0,13.95,6.74,1.57,75.28,24.0,2.0,3.5,39.0,864.9,0.0,14.0,2.17,21.4,826.5,-9999.0,-9999.0,-9999.0,-9999.0,-9999.0,-9999.0,-9999.0,1.0,0,0,"time.struct_time(tm_year=2023, tm_mon=1, tm_mday=3, tm_hour=17, tm_min=50, tm_sec=40, tm_wday=1, tm_yday=3, tm_isdst=-1)",2023-01-03,2023,1,3,3,50,17,BUS02
2023-01-03 17:54:15,40.640888,-111.836121,1358.5,-9999.0,-9999.0,-9999.0,13.95,6.72,1.53,75.52,23.0,2.0,3.5,39.0,863.0,0.0,14.0,2.18,21.3,824.6,-9999.0,-9999.0,-9999.0,-9999.0,-9999.0,-9999.0,-9999.0,1.0,0,0,"time.struct_time(tm_year=2023, tm_mon=1, tm_mday=3, tm_hour=17, tm_min=54, tm_sec=15, tm_wday=1, tm_yday=3, tm_isdst=-1)",2023-01-03,2023,1,3,3,54,17,BUS02
2023-01-03 17:56:45,40.628407,-111.834137,1374.7,-9999.0,-9999.0,-9999.0,13.95,6.71,1.54,74.94,25.0,2.0,3.5,40.0,861.2,0.0,16.4,2.19,21.4,822.6,-9999.0,-9999.0,-9999.0,-9999.0,-9999.0,-9999.0,-9999.0,1.0,0,0,"time.struct_time(tm_year=2023, tm_mon=1, tm_mday=3, tm_hour=17, tm_min=56, tm_sec=45, tm_wday=1, tm_yday=3, tm_isdst=-1)",2023-01-03,2023,1,3,3,56,17,BUS02
2023-01-03 17:59:15,40.620152,-111.834473,1395.4,-9999.0,-9999.0,-9999.0,13.96,6.7,1.51,74.75,24.0,2.0,3.39,40.0,858.5,0.0,18.9,2.2,21.4,820.1,-9999.0,-9999.0,-9999.0,-9999.0,-9999.0,-9999.0,-9999.0,1.0,0,0,"time.struct_time(tm_year=2023, tm_mon=1, tm_mday=3, tm_hour=17, tm_min=59, tm_sec=15, tm_wday=1, tm_yday=3, tm_isdst=-1)",2023-01-03,2023,1,3,3,59,17,BUS02
2023-01-03 18:01:45,40.603752,-111.833115,1411.1,-9999.0,-9999.0,-9999.0,13.95,6.68,1.42,75.08,26.0,2.0,3.39,39.0,857.1,0.0,14.9,2.19,21.4,818.9,-9999.0,-9999.0,-9999.0,-9999.0,-9999.0,-9999.0,-9999.0,1.0,0,0,"time.struct_time(tm_year=2023, tm_mon=1, tm_mday=3, tm_hour=18, tm_min=1, tm_sec=45, tm_wday=1, tm_yday=3, tm_isdst=-1)",2023-01-03,2023,1,3,3,1,18,BUS02
2023-01-03 18:04:15,40.589645,-111.834251,1467.9,-9999.0,-9999.0,-9999.0,13.95,6.63,1.21,76.73,28.0,2.0,3.39,40.0,850.5,0.0,10.5,2.23,21.4,812.5,-9999.0,-9999.0,-9999.0,-9999.0,-9999.0,-9999.0,-9999.0,1.0,0,0,"time.struct_time(tm_year=2023, tm_mon=1, tm_mday=3, tm_hour=18, tm_min=4, tm_sec=15, tm_wday=1, tm_yday=3, tm_isdst=-1)",2023-01-03,2023,1,3,3,4,18,BUS02
2023-01-03 18:06:45,40.580784,-111.834076,1476.8,-9999.0,-9999.0,-9999.0,13.95,6.6,1.07,76.76,26.0,2.0,3.28,40.0,851.1,0.0,13.5,2.21,21.3,813.1,-9999.0,-9999.0,-9999.0,-9999.0,-9999.0,-9999.0,-9999.0,1.0,0,0,"time.struct_time(tm_year=2023, tm_mon=1, tm_mday=3, tm_hour=18, tm_min=6, tm_sec=45, tm_wday=1, tm_yday=3, tm_isdst=-1)",2023-01-03,2023,1,3,3,6,18,BUS02
2023-01-03 18:09:15,40.578831,-111.833092,1470.5,-9999.0,-9999.0,-9999.0,13.96,6.59,0.97,75.95,14.0,2.0,3.11,40.0,850.5,0.0,15.8,2.22,21.3,812.5,-9999.0,-9999.0,-9999.0,-9999.0,-9999.0,-9999.0,-9999.0,1.0,0,0,"time.struct_time(tm_year=2023, tm_mon=1, tm_mday=3, tm_hour=18, tm_min=9, tm_sec=15, tm_wday=1, tm_yday=3, tm_isdst=-1)",2023-01-03,2023,1,3,3,9,18,BUS02
2023-01-03 18:11:45,40.578835,-111.833092,1471.0,-9999.0,-9999.0,-9999.0,13.96,6.62,0.91,76.72,14.0,2.0,3.11,39.0,850.6,0.0,16.2,2.22,21.3,812.7,-9999.0,-9999.0,-9999.0,-9999.0,-9999.0,-9999.0,-9999.0,1.0,0,0,"time.struct_time(tm_year=2023, tm_mon=1, tm_mday=3, tm_hour=18, tm_min=11, tm_sec=45, tm_wday=1, tm_yday=3, tm_isdst=-1)",2023-01-03,2023,1,3,3,11,18,BUS02
2023-01-03 18:14:15,40.578835,-111.833092,1471.3,-9999.0,-9999.0,-9999.0,13.95,6.69,1.17,76.16,14.0,2.0,3.11,39.0,850.6,0.0,16.0,2.22,21.3,812.5,-9999.0,-9999.0,-9999.0,-9999.0,-9999.0,-9999.0,-9999.0,1.0,0,0,"time.struct_time(tm_year=2023, tm_mon=1, tm_mday=3, tm_hour=18, tm_min=14, tm_sec=15, tm_wday=1, tm_yday=3, tm_isdst=-1)",2023-01-03,2023,1,3,3,14,18,BUS02
2023-01-03 18:16:45,40.578838,-111.833092,1471.4,-9999.0,-9999.0,-9999.0,13.96,6.76,1.59,76.41,15.0,2.0,3.28,38.0,850.8,0.0,15.2,2.22,21.3,812.6,-9999.0,-9999.0,-9999.0,-9999.0,-9999.0,-9999.0,-9999.0,1.0,0,0,"time.struct_time(tm_year=2023, tm_mon=1, tm_mday=3, tm_hour=18, tm_min=16, tm_sec=45, tm_wday=1, tm_yday=3, tm_isdst=-1)",2023-01-03,2023,1,3,3,16,18,BUS02
2023-01-03 18:19:15,40.578838,-111.833092,1471.4,-9999.0,-9999.0,-9999.0,13.95,6.84,1.77,75.01,15.0,2.0,3.5,38.0,850.7,0.0,14.5,2.22,21.3,812.5,-9999.0,-9999.0,-9999.0,-9999.0,-9999.0,-9999.0,-9999.0,1.0,0,0,"time.struct_time(tm_year=2023, tm_mon=1, tm_mday=3, tm_hour=18, tm_min=19, tm_sec=15, tm_wday=1, tm_yday=3, tm_isdst=-1)",2023-01-03,2023,1,3,3,19,18,BUS02
2023-01-03 18:21:45,40.578838,-111.833092,1471.2,-9999.0,-9999.0,-9999.0,13.95,6.93,2.32,74.39,17.0,2.0,3.78,38.0,850.6,0.0,16.5,2.21,21.4,812.7,-9999.0,-9999.0,-9999.0,-9999.0,-9999.0,-9999.0,-9999.0,1.0,0,0,"time.struct_time(tm_year=2023, tm_mon=1, tm_mday=3, tm_hour=18, tm_min=21, tm_sec=45, tm_wday=1, tm_yday=3, tm_isdst=-1)",2023-01-03,2023,1,3,3,21,18,BUS02
2023-01-03 18:24:15,40.578842,-111.833084,1471.0,-9999.0,-9999.0,-9999.0,13.95,7.04,2.66,70.23,18.0,2.0,4.0,38.0,850.6,0.0,23.4,2.21,21.4,812.5,-9999.0,-9999.0,-9999.0,-9999.0,-9999.0,-9999.0,-9999.0,1.0,0,0,"time.struct_time(tm_year=2023, tm_mon=1, tm_mday=3, tm_hour=18, tm_min=24, tm_sec=15, tm_wday=1, tm_yday=3, tm_isdst=-1)",2023-01-03,2023,1,3,3,24,18,BUS02
2023-01-03 18:26:45,40.578842,-111.833084,1471.0,-9999.0,-9999.0,-9999.0,13.95,7.13,2.04,70.93,18.0,2.0,4.11,38.0,850.8,0.0,19.4,2.21,21.4,812.4,-9999.0,-9999.0,-9999.0,-9999.0,-9999.0,-9999.0,-9999.0,1.0,0,0,"time.struct_time(tm_year=2023, tm_mon=1, tm_mday=3, tm_hour=18, tm_min=26, tm_sec=45, tm_wday=1, tm_yday=3, tm_isdst=-1)",2023-01-03,2023,1,3,3,26,18,BUS02
2023-01-03 18:29:15,40.578838,-111.833076,1471.1,-9999.0,-9999.0,-9999.0,13.95,7.23,2.32,70.15,18.0,2.0,4.22,38.0,850.7,0.0,17.7,2.23,21.4,812.4,-9999.0,-9999.0,-9999.0,-9999.0,-9999.0,-9999.0,-9999.0,1.0,0,0,"time.struct_time(tm_year=2023, tm_mon=1, tm_mday=3, tm_hour=18, tm_min=29, tm_sec=15, tm_wday=1, tm_yday=3, tm_isdst=-1)",2023-01-03,2023,1,3,3,29,18,BUS02
2023-01-03 18:31:45,40.578838,-111.833069,1471.1,-9999.0,-9999.0,-9999.0,13.96,7.33,2.18,71.11,18.0,2.0,4.28,38.0,850.6,0.0,16.1,2.21,21.5,812.5,-9999.0,-9999.0,-9999.0,-9999.0,-9999.0,-9999.0,-9999.0,1.0,0,0,"time.struct_time(tm_year=2023, tm_mon=1, tm_mday=3, tm_hour=18, tm_min=31, tm_sec=45, tm_wday=1, tm_yday=3, tm_isdst=-1)",2023-01-03,2023,1,3,3,31,18,BUS02
2023-01-03 18:34:15,40.578659,-111.834244,1470.8,-9999.0,-9999.0,-9999.0,13.96,7.43,2.32,71.36,20.0,2.0,4.39,38.0,850.8,0.0,17.1,2.21,21.5,812.5,-9999.0,-9999.0,-9999.0,-9999.0,-9999.0,-9999.0,-9999.0,1.0,0,0,"time.struct_time(tm_year=2023, tm_mon=1, tm_mday=3, tm_hour=18, tm_min=34, tm_sec=15, tm_wday=1, tm_yday=3, tm_isdst=-1)",2023-01-03,2023,1,3,3,34,18,BUS02
2023-01-03 18:36:45,40.588551,-111.834091,1461.8,-9999.0,-9999.0,-9999.0,13.95,7.51,2.6,69.23,23.0,2.0,4.5,37.0,851.0,0.0,19.7,2.23,21.6,813.1,-9999.0,-9999.0,-9999.0,-9999.0,-9999.0,-9999.0,-9999.0,0.0,0,0,"time.struct_time(tm_year=2023, tm_mon=1, tm_mday=3, tm_hour=18, tm_min=36, tm_sec=45, tm_wday=1, tm_yday=3, tm_isdst=-1)",2023-01-03,2023,1,3,3,36,18,BUS02
2023-01-03 18:39:15,40.602974,-111.833061,1413.6,-9999.0,-9999.0,-9999.0,13.96,7.51,2.26,69.95,23.0,2.0,4.5,37.0,856.8,0.0,11.0,2.2,21.6,818.5,-9999.0,-9999.0,-9999.0,-9999.0,-9999.0,-9999.0,-9999.0,1.0,0,0,"time.struct_time(tm_year=2023, tm_mon=1, tm_mday=3, tm_hour=18, tm_min=39, tm_sec=15, tm_wday=1, tm_yday=3, tm_isdst=-1)",2023-01-03,2023,1,3,3,39,18,BUS02
2023-01-03 18:41:45,40.622993,-111.834213,1381.9,-9999.0,-9999.0,-9999.0,13.95,7.45,1.98,71.33,26.0,2.0,4.39,37.0,859.7,0.0,13.9,2.19,21.7,821.4,-9999.0,-9999.0,-9999.0,-9999.0,-9999.0,-9999.0,-9999.0,1.0,0,0,"time.struct_time(tm_year=2023, tm_mon=1, tm_mday=3, tm_hour=18, tm_min=41, tm_sec=45, tm_wday=1, tm_yday=3, tm_isdst=-1)",2023-01-03,2023,1,3,3,41,18,BUS02
2023-01-03 18:44:15,40.632618,-111.833984,1359.0,-9999.0,-9999.0,-9999.0,13.95,7.4,1.96,71.77,21.0,2.0,4.22,38.0,861.9,0.0,20.9,2.18,21.7,823.0,-9999.0,-9999.0,-9999.0,-9999.0,-9999.0,-9999.0,-9999.0,1.0,0,0,"time.struct_time(tm_year=2023, tm_mon=1, tm_mday=3, tm_hour=18, tm_min=44, tm_sec=15, tm_wday=1, tm_yday=3, tm_isdst=-1)",2023-01-03,2023,1,3,3,44,18,BUS02
2023-01-03 18:46:45,40.65247,-111.834908,1339.2,-9999.0,-9999.0,-9999.0,13.96,7.33,1.98,72.21,19.0,2.0,4.11,38.0,864.0,0.0,16.7,2.2,21.7,825.8,-9999.0,-9999.0,-9999.0,-9999.0,-9999.0,-9999.0,-9999.0,1.0,0,0,"time.struct_time(tm_year=2023, tm_mon=1, tm_mday=3, tm_hour=18, tm_min=46, tm_sec=45, tm_wday=1, tm_yday=3, tm_isdst=-1)",2023-01-03,2023,1,3,3,46,18,BUS02
2023-01-03 18:49:15,40.665897,-111.839226,1328.1,-9999.0,-9999.0,-9999.0,13.95,7.28,2.0,72.32,21.0,2.0,4.0,38.0,865.4,0.0,17.3,2.19,21.7,826.9,-9999.0,-9999.0,-9999.0,-9999.0,-9999.0,-9999.0,-9999.0,1.0,0,0,"time.struct_time(tm_year=2023, tm_mon=1, tm_mday=3, tm_hour=18, tm_min=49, tm_sec=15, tm_wday=1, tm_yday=3, tm_isdst=-1)",2023-01-03,2023,1,3,3,49,18,BUS02
2023-01-03 18:51:45,40.673908,-111.841385,1340.6,-9999.0,-9999.0,-9999.0,13.95,7.28,2.12,72.56,21.0,2.0,4.0,39.0,864.5,0.0,15.4,2.2,21.7,826.3,-9999.0,-9999.0,-9999.0,-9999.0,-9999.0,-9999.0,-9999.0,1.0,0,0,"time.struct_time(tm_year=2023, tm_mon=1, tm_mday=3, tm_hour=18, tm_min=51, tm_sec=45, tm_wday=1, tm_yday=3, tm_isdst=-1)",2023-01-03,2023,1,3,3,51,18,BUS02
2023-01-03 18:55:20,40.68782,-111.845299,1338.1,-9999.0,-9999.0,-9999.0,13.96,7.27,2.2,71.75,19.0,2.0,4.0,39.0,864.6,0.0,21.6,2.19,21.7,826.2,-9999.0,-9999.0,-9999.0,-9999.0,-9999.0,-9999.0,-9999.0,1.0,0,0,"time.struct_time(tm_year=2023, tm_mon=1, tm_mday=3, tm_hour=18, tm_min=55, tm_sec=20, tm_wday=1, tm_yday=3, tm_isdst=-1)",2023-01-03,2023,1,3,3,55,18,BUS02
2023-01-03 18:57:50,40.703808,-111.852142,1348.9,-9999.0,-9999.0,-9999.0,13.96,7.27,2.24,70.78,18.0,2.0,4.11,38.0,863.1,0.0,14.0,2.21,21.8,824.7,-9999.0,-9999.0,-9999.0,-9999.0,-9999.0,-9999.0,-9999.0,1.0,0,0,"time.struct_time(tm_year=2023, tm_mon=1, tm_mday=3, tm_hour=18, tm_min=57, tm_sec=50, tm_wday=1, tm_yday=3, tm_isdst=-1)",2023-01-03,2023,1,3,3,57,18,BUS02
2023-01-03 19:00:20,40.716671,-111.856445,1340.1,-9999.0,-9999.0,-9999.0,13.96,7.27,2.23,70.22,15.0,2.0,4.11,38.0,864.0,0.0,22.5,2.19,21.8,825.6,-9999.0,-9999.0,-9999.0,-9999.0,-9999.0,-9999.0,-9999.0,1.0,0,0,"time.struct_time(tm_year=2023, tm_mon=1, tm_mday=3, tm_hour=19, tm_min=0, tm_sec=20, tm_wday=1, tm_yday=3, tm_isdst=-1)",2023-01-03,2023,1,3,3,0,19,BUS02
2023-01-03 19:02:50,40.724655,-111.859673,1335.0,-9999.0,-9999.0,-9999.0,13.96,7.29,2.16,69.91,14.0,2.0,4.0,38.0,865.4,0.0,18.6,2.19,21.8,826.9,-9999.0,-9999.0,-9999.0,-9999.0,-9999.0,-9999.0,-9999.0,0.0,0,0,"time.struct_time(tm_year=2023, tm_mon=1, tm_mday=3, tm_hour=19, tm_min=2, tm_sec=50, tm_wday=1, tm_yday=3, tm_isdst=-1)",2023-01-03,2023,1,3,3,2,19,BUS02
2023-01-03 19:05:20,40.724655,-111.859673,1335.0,-9999.0,-9999.0,-9999.0,13.96,7.33,1.98,69.59,15.0,2.0,4.0,39.0,865.4,0.0,20.6,2.18,21.8,827.0,-9999.0,-9999.0,-9999.0,-9999.0,-9999.0,-9999.0,-9999.0,1.0,0,0,"time.struct_time(tm_year=2023, tm_mon=1, tm_mday=3, tm_hour=19, tm_min=5, tm_sec=20, tm_wday=1, tm_yday=3, tm_isdst=-1)",2023-01-03,2023,1,3,3,5,19,BUS02
2023-01-03 19:07:50,40.72847,-111.859665,1336.3,-9999.0,-9999.0,-9999.0,13.96,7.38,2.28,70.64,14.0,2.0,4.11,39.0,865.1,0.0,22.3,2.18,21.8,826.6,-9999.0,-9999.0,-9999.0,-9999.0,-9999.0,-9999.0,-9999.0,0.0,0,0,"time.struct_time(tm_year=2023, tm_mon=1, tm_mday=3, tm_hour=19, tm_min=7, tm_sec=50, tm_wday=1, tm_yday=3, tm_isdst=-1)",2023-01-03,2023,1,3,3,7,19,BUS02
2023-01-03 19:10:20,40.738491,-111.859634,1324.7,-9999.0,-9999.0,-9999.0,13.96,7.42,2.6,68.11,12.0,2.0,4.22,38.0,866.0,0.0,16.5,2.18,21.8,827.5,-9999.0,-9999.0,-9999.0,-9999.0,-9999.0,-9999.0,-9999.0,0.0,0,0,"time.struct_time(tm_year=2023, tm_mon=1, tm_mday=3, tm_hour=19, tm_min=10, tm_sec=20, tm_wday=1, tm_yday=3, tm_isdst=-1)",2023-01-03,2023,1,3,3,10,19,BUS02
2023-01-03 19:12:50,40.749771,-111.859238,1340.1,-9999.0,-9999.0,-9999.0,13.96,7.46,2.77,66.78,13.0,2.0,4.28,38.0,864.6,0.0,19.8,2.19,21.8,826.1,-9999.0,-9999.0,-9999.0,-9999.0,-9999.0,-9999.0,-9999.0,0.0,0,0,"time.struct_time(tm_year=2023, tm_mon=1, tm_mday=3, tm_hour=19, tm_min=12, tm_sec=50, tm_wday=1, tm_yday=3, tm_isdst=-1)",2023-01-03,2023,1,3,3,12,19,BUS02
2023-01-03 19:15:20,40.757652,-111.853783,1399.0,-9999.0,-9999.0,-9999.0,13.95,7.51,2.76,65.98,14.0,2.0,4.28,38.0,858.5,0.0,16.1,2.2,21.8,820.1,-9999.0,-9999.0,-9999.0,-9999.0,-9999.0,-9999.0,-9999.0,0.0,0,0,"time.struct_time(tm_year=2023, tm_mon=1, tm_mday=3, tm_hour=19, tm_min=15, tm_sec=20, tm_wday=1, tm_yday=3, tm_isdst=-1)",2023-01-03,2023,1,3,3,15,19,BUS02
2023-01-03 19:17:50,40.761189,-111.852295,1408.2,-9999.0,-9999.0,-9999.0,13.96,7.55,2.6,67.07,13.0,2.0,4.28,38.0,857.3,0.0,17.9,2.21,21.8,819.0,-9999.0,-9999.0,-9999.0,-9999.0,-9999.0,-9999.0,-9999.0,0.0,0,0,"time.struct_time(tm_year=2023, tm_mon=1, tm_mday=3, tm_hour=19, tm_min=17, tm_sec=50, tm_wday=1, tm_yday=3, tm_isdst=-1)",2023-01-03,2023,1,3,3,17,19,BUS02
2023-01-03 19:20:20,40.765045,-111.855042,1391.9,-9999.0,-9999.0,-9999.0,13.92,7.59,2.5,67.36,13.0,2.0,4.28,38.0,858.0,0.0,20.6,2.21,21.9,819.7,-9999.0,-9999.0,-9999.0,-9999.0,-9999.0,-9999.0,-9999.0,0.0,0,0,"time.struct_time(tm_year=2023, tm_mon=1, tm_mday=3, tm_hour=19, tm_min=20, tm_sec=20, tm_wday=1, tm_yday=3, tm_isdst=-1)",2023-01-03,2023,1,3,3,20,19,BUS02
2023-01-03 19:22:50,40.767269,-111.8657,1346.9,-9999.0,-9999.0,-9999.0,13.92,7.61,2.48,67.31,13.0,2.0,4.28,38.0,863.2,0.0,21.7,2.19,21.9,824.7,-9999.0,-9999.0,-9999.0,-9999.0,-9999.0,-9999.0,-9999.0,0.0,0,0,"time.struct_time(tm_year=2023, tm_mon=1, tm_mday=3, tm_hour=19, tm_min=22, tm_sec=50, tm_wday=1, tm_yday=3, tm_isdst=-1)",2023-01-03,2023,1,3,3,22,19,BUS02
2023-01-03 19:25:20,40.767269,-111.876122,1322.3,-9999.0,-9999.0,-9999.0,13.92,7.62,2.5,67.41,13.0,2.0,4.22,38.0,865.1,0.0,21.3,2.2,21.9,826.7,-9999.0,-9999.0,-9999.0,-9999.0,-9999.0,-9999.0,-9999.0,0.0,0,0,"time.struct_time(tm_year=2023, tm_mon=1, tm_mday=3, tm_hour=19, tm_min=25, tm_sec=20, tm_wday=1, tm_yday=3, tm_isdst=-1)",2023-01-03,2023,1,3,3,25,19,BUS02
2023-01-03 19:27:50,40.765064,-111.888084,1309.9,-9999.0,-9999.0,-9999.0,13.92,7.62,2.61,65.81,14.0,2.0,4.22,38.0,867.4,0.0,15.7,2.2,21.9,828.5,-9999.0,-9999.0,-9999.0,-9999.0,-9999.0,-9999.0,-9999.0,0.0,0,1,"time.struct_time(tm_year=2023, tm_mon=1, tm_mday=3, tm_hour=19, tm_min=27, tm_sec=50, tm_wday=1, tm_yday=3, tm_isdst=-1)",2023-01-03,2023,1,3,3,27,19,BUS02
2023-01-03 19:30:20,40.764969,-111.893646,1308.6,-9999.0,-9999.0,-9999.0,13.92,7.63,2.66,66.26,15.0,2.0,4.28,38.0,867.6,0.0,17.8,2.19,21.9,829.1,-9999.0,-9999.0,-9999.0,-9999.0,-9999.0,-9999.0,-9999.0,0.0,0,1,"time.struct_time(tm_year=2023, tm_mon=1, tm_mday=3, tm_hour=19, tm_min=30, tm_sec=20, tm_wday=1, tm_yday=3, tm_isdst=-1)",2023-01-03,2023,1,3,3,30,19,BUS02
2023-01-03 19:32:50,40.765148,-111.908157,1292.7,-9999.0,-9999.0,-9999.0,13.92,7.64,2.8,66.4,17.0,2.0,4.28,38.0,869.4,0.0,16.0,2.18,22.0,830.7,-9999.0,-9999.0,-9999.0,-9999.0,-9999.0,-9999.0,-9999.0,0.0,0,1,"time.struct_time(tm_year=2023, tm_mon=1, tm_mday=3, tm_hour=19, tm_min=32, tm_sec=50, tm_wday=1, tm_yday=3, tm_isdst=-1)",2023-01-03,2023,1,3,3,32,19,BUS02
2023-01-03 19:35:20,40.765694,-111.909843,1291.6,-9999.0,-9999.0,-9999.0,13.92,7.65,2.95,66.65,17.0,2.0,4.28,39.0,869.5,0.0,15.7,2.17,22.0,830.9,-9999.0,-9999.0,-9999.0,-9999.0,-9999.0,-9999.0,-9999.0,0.0,0,1,"time.struct_time(tm_year=2023, tm_mon=1, tm_mday=3, tm_hour=19, tm_min=35, tm_sec=20, tm_wday=1, tm_yday=3, tm_isdst=-1)",2023-01-03,2023,1,3,3,35,19,BUS02
2023-01-03 19:37:50,40.765694,-111.909843,1291.6,-9999.0,-9999.0,-9999.0,13.92,7.7,3.07,68.95,15.0,2.0,4.28,39.0,869.4,0.0,16.7,2.2,22.0,830.8,-9999.0,-9999.0,-9999.0,-9999.0,-9999.0,-9999.0,-9999.0,0.0,0,1,"time.struct_time(tm_year=2023, tm_mon=1, tm_mday=3, tm_hour=19, tm_min=37, tm_sec=50, tm_wday=1, tm_yday=3, tm_isdst=-1)",2023-01-03,2023,1,3,3,37,19,BUS02
2023-01-03 19:40:20,40.76569,-111.909828,1290.8,-9999.0,-9999.0,-9999.0,13.92,7.77,3.25,69.31,14.0,2.0,4.5,40.0,869.6,0.0,12.2,2.18,22.0,831.0,-9999.0,-9999.0,-9999.0,-9999.0,-9999.0,-9999.0,-9999.0,0.0,0,1,"time.struct_time(tm_year=2023, tm_mon=1, tm_mday=3, tm_hour=19, tm_min=40, tm_sec=20, tm_wday=1, tm_yday=3, tm_isdst=-1)",2023-01-03,2023,1,3,3,40,19,BUS02
2023-01-03 19:42:50,40.765697,-111.909813,1290.1,-9999.0,-9999.0,-9999.0,13.92,7.84,3.39,68.76,13.0,2.0,4.61,39.0,869.6,0.0,7.9,2.17,22.1,830.9,-9999.0,-9999.0,-9999.0,-9999.0,-9999.0,-9999.0,-9999.0,0.0,0,1,"time.struct_time(tm_year=2023, tm_mon=1, tm_mday=3, tm_hour=19, tm_min=42, tm_sec=50, tm_wday=1, tm_yday=3, tm_isdst=-1)",2023-01-03,2023,1,3,3,42,19,BUS02
2023-01-03 19:45:20,40.765705,-111.909813,1289.8,-9999.0,-9999.0,-9999.0,13.92,7.91,3.29,66.24,13.0,2.0,4.72,39.0,869.4,0.0,16.6,2.19,22.1,830.9,-9999.0,-9999.0,-9999.0,-9999.0,-9999.0,-9999.0,-9999.0,0.0,0,1,"time.struct_time(tm_year=2023, tm_mon=1, tm_mday=3, tm_hour=19, tm_min=45, tm_sec=20, tm_wday=1, tm_yday=3, tm_isdst=-1)",2023-01-03,2023,1,3,3,45,19,BUS02
2023-01-03 19:47:50,40.765713,-111.909821,1289.7,-9999.0,-9999.0,-9999.0,13.92,7.99,3.04,66.7,13.0,2.0,4.78,38.0,869.4,0.0,13.0,2.18,22.1,830.8,-9999.0,-9999.0,-9999.0,-9999.0,-9999.0,-9999.0,-9999.0,0.0,0,1,"time.struct_time(tm_year=2023, tm_mon=1, tm_mday=3, tm_hour=19, tm_min=47, tm_sec=50, tm_wday=1, tm_yday=3, tm_isdst=-1)",2023-01-03,2023,1,3,3,47,19,BUS02
2023-01-03 19:50:20,40.765713,-111.909813,1289.4,-9999.0,-9999.0,-9999.0,13.92,8.07,2.96,67.75,14.0,2.0,4.89,37.0,869.4,0.0,12.9,2.19,22.2,830.9,-9999.0,-9999.0,-9999.0,-9999.0,-9999.0,-9999.0,-9999.0,0.0,0,1,"time.struct_time(tm_year=2023, tm_mon=1, tm_mday=3, tm_hour=19, tm_min=50, tm_sec=20, tm_wday=1, tm_yday=3, tm_isdst=-1)",2023-01-03,2023,1,3,3,50,19,BUS02
2023-01-03 19:52:50,40.765713,-111.909805,1289.3,-9999.0,-9999.0,-9999.0,13.92,8.15,3.04,67.35,15.0,2.0,5.0,37.0,869.5,0.0,11.0,2.19,22.2,830.8,-9999.0,-9999.0,-9999.0,-9999.0,-9999.0,-9999.0,-9999.0,0.0,0,1,"time.struct_time(tm_year=2023, tm_mon=1, tm_mday=3, tm_hour=19, tm_min=52, tm_sec=50, tm_wday=1, tm_yday=3, tm_isdst=-1)",2023-01-03,2023,1,3,3,52,19,BUS02
2023-01-03 19:56:25,40.765717,-111.909805,1289.3,-9999.0,-9999.0,-9999.0,13.92,8.27,3.0,66.5,16.0,2.0,5.22,37.0,869.7,0.0,15.2,2.18,22.3,830.8,-9999.0,-9999.0,-9999.0,-9999.0,-9999.0,-9999.0,-9999.0,0.0,0,1,"time.struct_time(tm_year=2023, tm_mon=1, tm_mday=3, tm_hour=19, tm_min=56, tm_sec=25, tm_wday=1, tm_yday=3, tm_isdst=-1)",2023-01-03,2023,1,3,3,56,19,BUS02
2023-01-03 19:58:55,40.765717,-111.909798,1289.1,-9999.0,-9999.0,-9999.0,13.92,8.34,2.83,66.53,17.0,2.0,5.28,37.0,869.6,0.0,17.6,2.2,22.3,830.8,-9999.0,-9999.0,-9999.0,-9999.0,-9999.0,-9999.0,-9999.0,0.0,0,1,"time.struct_time(tm_year=2023, tm_mon=1, tm_mday=3, tm_hour=19, tm_min=58, tm_sec=55, tm_wday=1, tm_yday=3, tm_isdst=-1)",2023-01-03,2023,1,3,3,58,19,BUS02
2023-01-03 20:01:25,40.765732,-111.909798,1288.8,-9999.0,-9999.0,-9999.0,13.92,8.42,2.88,68.81,17.0,2.0,5.39,36.0,869.4,0.0,22.3,2.19,22.4,831.0,-9999.0,-9999.0,-9999.0,-9999.0,-9999.0,-9999.0,-9999.0,0.0,0,1,"time.struct_time(tm_year=2023, tm_mon=1, tm_mday=3, tm_hour=20, tm_min=1, tm_sec=25, tm_wday=1, tm_yday=3, tm_isdst=-1)",2023-01-03,2023,1,3,3,1,20,BUS02
2023-01-03 20:03:55,40.765743,-111.909805,1289.1,-9999.0,-9999.0,-9999.0,13.91,8.5,3.24,68.9,17.0,2.0,5.5,36.0,869.5,0.0,17.6,2.18,22.5,830.8,-9999.0,-9999.0,-9999.0,-9999.0,-9999.0,-9999.0,-9999.0,0.0,0,1,"time.struct_time(tm_year=2023, tm_mon=1, tm_mday=3, tm_hour=20, tm_min=3, tm_sec=55, tm_wday=1, tm_yday=3, tm_isdst=-1)",2023-01-03,2023,1,3,3,3,20,BUS02
2023-01-03 20:06:25,40.764191,-111.909096,1287.2,-9999.0,-9999.0,-9999.0,13.92,8.57,3.46,66.5,17.0,2.0,5.61,37.0,869.6,0.0,24.5,2.18,22.5,830.7,-9999.0,-9999.0,-9999.0,-9999.0,-9999.0,-9999.0,-9999.0,0.0,0,1,"time.struct_time(tm_year=2023, tm_mon=1, tm_mday=3, tm_hour=20, tm_min=6, tm_sec=25, tm_wday=1, tm_yday=3, tm_isdst=-1)",2023-01-03,2023,1,3,3,6,20,BUS02
2023-01-03 20:08:55,40.763718,-111.909546,1285.6,-9999.0,-9999.0,-9999.0,13.92,8.63,3.49,65.37,21.0,2.0,5.61,37.0,869.6,0.0,15.5,2.19,22.6,830.8,-9999.0,-9999.0,-9999.0,-9999.0,-9999.0,-9999.0,-9999.0,0.0,0,1,"time.struct_time(tm_year=2023, tm_mon=1, tm_mday=3, tm_hour=20, tm_min=8, tm_sec=55, tm_wday=1, tm_yday=3, tm_isdst=-1)",2023-01-03,2023,1,3,3,8,20,BUS02
2023-01-03 20:11:25,40.763718,-111.909546,1285.4,-9999.0,-9999.0,-9999.0,13.92,8.7,3.37,63.54,20.0,2.0,5.72,37.0,869.6,0.0,19.0,2.19,22.7,830.9,-9999.0,-9999.0,-9999.0,-9999.0,-9999.0,-9999.0,-9999.0,0.0,0,1,"time.struct_time(tm_year=2023, tm_mon=1, tm_mday=3, tm_hour=20, tm_min=11, tm_sec=25, tm_wday=1, tm_yday=3, tm_isdst=-1)",2023-01-03,2023,1,3,3,11,20,BUS02
2023-01-03 20:13:55,40.763134,-111.909233,1281.9,-9999.0,-9999.0,-9999.0,13.92,8.77,3.37,63.11,17.0,2.0,5.78,37.0,869.7,0.0,12.0,2.19,22.7,830.7,-9999.0,-9999.0,-9999.0,-9999.0,-9999.0,-9999.0,-9999.0,0.0,0,1,"time.struct_time(tm_year=2023, tm_mon=1, tm_mday=3, tm_hour=20, tm_min=13, tm_sec=55, tm_wday=1, tm_yday=3, tm_isdst=-1)",2023-01-03,2023,1,3,3,13,20,BUS02
2023-01-03 20:16:25,40.76498,-111.905754,1293.6,-9999.0,-9999.0,-9999.0,13.92,8.84,3.53,63.43,17.0,2.0,5.89,36.0,869.6,0.0,12.2,2.19,22.8,830.8,-9999.0,-9999.0,-9999.0,-9999.0,-9999.0,-9999.0,-9999.0,0.0,0,1,"time.struct_time(tm_year=2023, tm_mon=1, tm_mday=3, tm_hour=20, tm_min=16, tm_sec=25, tm_wday=1, tm_yday=3, tm_isdst=-1)",2023-01-03,2023,1,3,3,16,20,BUS02
2023-01-03 20:18:55,40.760754,-111.903755,1283.2,-9999.0,-9999.0,-9999.0,13.92,8.89,3.65,63.62,17.0,2.0,5.89,36.0,869.5,0.0,16.7,2.19,22.9,830.7,-9999.0,-9999.0,-9999.0,-9999.0,-9999.0,-9999.0,-9999.0,0.0,0,1,"time.struct_time(tm_year=2023, tm_mon=1, tm_mday=3, tm_hour=20, tm_min=18, tm_sec=55, tm_wday=1, tm_yday=3, tm_isdst=-1)",2023-01-03,2023,1,3,3,18,20,BUS02
2023-01-03 20:21:25,40.760601,-111.916809,1285.2,-9999.0,-9999.0,-9999.0,13.92,8.92,3.78,63.2,16.0,2.0,6.0,36.0,869.7,0.0,15.5,2.19,22.9,831.3,-9999.0,-9999.0,-9999.0,-9999.0,-9999.0,-9999.0,-9999.0,0.0,0,0,"time.struct_time(tm_year=2023, tm_mon=1, tm_mday=3, tm_hour=20, tm_min=21, tm_sec=25, tm_wday=1, tm_yday=3, tm_isdst=-1)",2023-01-03,2023,1,3,3,21,20,BUS02
2023-01-03 20:23:55,40.753487,-111.914093,1287.4,-9999.0,-9999.0,-9999.0,13.92,8.91,3.65,64.08,16.0,2.0,5.78,36.0,869.8,0.0,17.1,2.18,23.0,830.9,-9999.0,-9999.0,-9999.0,-9999.0,-9999.0,-9999.0,-9999.0,0.0,0,0,"time.struct_time(tm_year=2023, tm_mon=1, tm_mday=3, tm_hour=20, tm_min=23, tm_sec=55, tm_wday=1, tm_yday=3, tm_isdst=-1)",2023-01-03,2023,1,3,3,23,20,BUS02
2023-01-03 20:26:25,40.741432,-111.916908,1282.0,-9999.0,-9999.0,-9999.0,13.92,8.91,3.55,64.1,17.0,2.0,5.78,36.0,869.5,0.0,17.4,2.19,23.0,830.9,-9999.0,-9999.0,-9999.0,-9999.0,-9999.0,-9999.0,-9999.0,0.0,0,0,"time.struct_time(tm_year=2023, tm_mon=1, tm_mday=3, tm_hour=20, tm_min=26, tm_sec=25, tm_wday=1, tm_yday=3, tm_isdst=-1)",2023-01-03,2023,1,3,3,26,20,BUS02
2023-01-03 20:28:55,40.730629,-111.916969,1281.9,-9999.0,-9999.0,-9999.0,13.92,8.86,3.33,64.17,20.0,2.0,5.72,36.0,869.5,0.0,20.6,2.21,23.1,830.7,-9999.0,-9999.0,-9999.0,-9999.0,-9999.0,-9999.0,-9999.0,0.0,0,0,"time.struct_time(tm_year=2023, tm_mon=1, tm_mday=3, tm_hour=20, tm_min=28, tm_sec=55, tm_wday=1, tm_yday=3, tm_isdst=-1)",2023-01-03,2023,1,3,3,28,20,BUS02
2023-01-03 20:31:25,40.725929,-111.935799,1286.6,-9999.0,-9999.0,-9999.0,13.92,8.8,3.27,61.65,10.0,2.0,5.72,35.0,868.9,0.0,28.7,2.19,23.1,830.3,-9999.0,-9999.0,-9999.0,-9999.0,-9999.0,-9999.0,-9999.0,0.0,0,0,"time.struct_time(tm_year=2023, tm_mon=1, tm_mday=3, tm_hour=20, tm_min=31, tm_sec=25, tm_wday=1, tm_yday=3, tm_isdst=-1)",2023-01-03,2023,1,3,3,31,20,BUS02
2023-01-03 20:33:55,40.733173,-111.939865,1290.4,-9999.0,-9999.0,-9999.0,13.92,8.72,3.06,62.79,10.0,2.0,5.5,34.0,869.6,0.0,20.9,2.19,23.1,830.5,-9999.0,-9999.0,-9999.0,-9999.0,-9999.0,-9999.0,-9999.0,0.0,0,0,"time.struct_time(tm_year=2023, tm_mon=1, tm_mday=3, tm_hour=20, tm_min=33, tm_sec=55, tm_wday=1, tm_yday=3, tm_isdst=-1)",2023-01-03,2023,1,3,3,33,20,BUS02
2023-01-03 20:37:30,40.733143,-111.951347,1284.4,-9999.0,-9999.0,-9999.0,13.92,8.68,3.35,62.87,13.0,2.0,5.28,35.0,869.4,0.0,23.6,2.21,23.1,830.7,-9999.0,-9999.0,-9999.0,-9999.0,-9999.0,-9999.0,-9999.0,0.0,0,0,"time.struct_time(tm_year=2023, tm_mon=1, tm_mday=3, tm_hour=20, tm_min=37, tm_sec=30, tm_wday=1, tm_yday=3, tm_isdst=-1)",2023-01-03,2023,1,3,3,37,20,BUS02
2023-01-03 20:40:00,40.726799,-111.963585,1288.8,-9999.0,-9999.0,-9999.0,13.92,8.66,3.53,61.2,12.0,2.0,5.39,35.0,869.1,0.0,25.1,2.19,23.1,830.3,-9999.0,-9999.0,-9999.0,-9999.0,-9999.0,-9999.0,-9999.0,0.0,0,0,"time.struct_time(tm_year=2023, tm_mon=1, tm_mday=3, tm_hour=20, tm_min=40, tm_sec=0, tm_wday=1, tm_yday=3, tm_isdst=-1)",2023-01-03,2023,1,3,3,40,20,BUS02
2023-01-03 20:42:30,40.730862,-111.974541,1287.2,-9999.0,-9999.0,-9999.0,13.92,8.61,3.39,63.48,19.0,2.0,5.28,36.0,869.3,0.0,15.6,2.19,23.1,830.3,-9999.0,-9999.0,-9999.0,-9999.0,-9999.0,-9999.0,-9999.0,0.0,0,0,"time.struct_time(tm_year=2023, tm_mon=1, tm_mday=3, tm_hour=20, tm_min=42, tm_sec=30, tm_wday=1, tm_yday=3, tm_isdst=-1)",2023-01-03,2023,1,3,3,42,20,BUS02
2023-01-03 20:45:00,40.730869,-111.985619,1284.0,-9999.0,-9999.0,-9999.0,13.92,8.56,3.33,65.8,19.0,2.0,5.22,37.0,869.3,0.0,20.5,2.2,23.1,830.9,-9999.0,-9999.0,-9999.0,-9999.0,-9999.0,-9999.0,-9999.0,0.0,0,0,"time.struct_time(tm_year=2023, tm_mon=1, tm_mday=3, tm_hour=20, tm_min=45, tm_sec=0, tm_wday=1, tm_yday=3, tm_isdst=-1)",2023-01-03,2023,1,3,3,45,20,BUS02
2023-01-03 20:47:30,40.725464,-111.986259,1298.7,-9999.0,-9999.0,-9999.0,13.92,8.54,3.07,65.79,18.0,2.0,5.11,37.0,868.2,0.0,24.5,2.19,23.1,829.6,-9999.0,-9999.0,-9999.0,-9999.0,-9999.0,-9999.0,-9999.0,0.0,0,0,"time.struct_time(tm_year=2023, tm_mon=1, tm_mday=3, tm_hour=20, tm_min=47, tm_sec=30, tm_wday=1, tm_yday=3, tm_isdst=-1)",2023-01-03,2023,1,3,3,47,20,BUS02
2023-01-03 20:50:00,40.718353,-111.98365,1292.9,-9999.0,-9999.0,-9999.0,13.92,8.51,2.81,67.11,18.0,2.0,5.11,37.0,869.1,0.0,17.2,2.2,23.1,830.6,-9999.0,-9999.0,-9999.0,-9999.0,-9999.0,-9999.0,-9999.0,0.0,0,0,"time.struct_time(tm_year=2023, tm_mon=1, tm_mday=3, tm_hour=20, tm_min=50, tm_sec=0, tm_wday=1, tm_yday=3, tm_isdst=-1)",2023-01-03,2023,1,3,3,50,20,BUS02
2023-01-03 20:52:30,40.720894,-111.977234,1294.9,-9999.0,-9999.0,-9999.0,13.92,8.47,2.66,68.22,17.0,2.0,5.0,36.0,869.1,0.0,17.0,2.18,23.1,830.4,-9999.0,-9999.0,-9999.0,-9999.0,-9999.0,-9999.0,-9999.0,0.0,0,0,"time.struct_time(tm_year=2023, tm_mon=1, tm_mday=3, tm_hour=20, tm_min=52, tm_sec=30, tm_wday=1, tm_yday=3, tm_isdst=-1)",2023-01-03,2023,1,3,3,52,20,BUS02
2023-01-03 20:55:00,40.704433,-111.977188,1298.0,-9999.0,-9999.0,-9999.0,13.92,8.38,2.68,67.37,16.0,2.0,5.0,37.0,869.2,0.0,19.9,2.18,23.1,830.2,-9999.0,-9999.0,-9999.0,-9999.0,-9999.0,-9999.0,-9999.0,0.0,0,0,"time.struct_time(tm_year=2023, tm_mon=1, tm_mday=3, tm_hour=20, tm_min=55, tm_sec=0, tm_wday=1, tm_yday=3, tm_isdst=-1)",2023-01-03,2023,1,3,3,55,20,BUS02
2023-01-03 20:58:35,40.692902,-111.976944,1303.5,-9999.0,-9999.0,-9999.0,13.92,8.3,2.72,66.85,14.0,2.0,4.78,37.0,868.2,0.0,21.5,2.2,23.0,829.5,-9999.0,-9999.0,-9999.0,-9999.0,-9999.0,-9999.0,-9999.0,0.0,0,0,"time.struct_time(tm_year=2023, tm_mon=1, tm_mday=3, tm_hour=20, tm_min=58, tm_sec=35, tm_wday=1, tm_yday=3, tm_isdst=-1)",2023-01-03,2023,1,3,3,58,20,BUS02
2023-01-03 21:01:05,40.692963,-111.960136,1297.9,-9999.0,-9999.0,-9999.0,13.91,8.22,2.4,68.38,15.0,2.0,4.61,37.0,868.8,0.0,21.8,2.2,23.0,830.1,-9999.0,-9999.0,-9999.0,-9999.0,-9999.0,-9999.0,-9999.0,0.0,0,0,"time.struct_time(tm_year=2023, tm_mon=1, tm_mday=3, tm_hour=21, tm_min=1, tm_sec=5, tm_wday=1, tm_yday=3, tm_isdst=-1)",2023-01-03,2023,1,3,3,1,21,BUS02
2023-01-03 21:03:35,40.693413,-111.960602,1295.3,-9999.0,-9999.0,-9999.0,13.92,8.18,2.19,68.15,17.0,2.0,4.5,37.0,868.8,0.0,20.7,2.19,23.0,830.2,-9999.0,-9999.0,-9999.0,-9999.0,-9999.0,-9999.0,-9999.0,0.0,0,0,"time.struct_time(tm_year=2023, tm_mon=1, tm_mday=3, tm_hour=21, tm_min=3, tm_sec=35, tm_wday=1, tm_yday=3, tm_isdst=-1)",2023-01-03,2023,1,3,3,3,21,BUS02
2023-01-03 21:06:05,40.693413,-111.960602,1295.3,-9999.0,-9999.0,-9999.0,13.92,8.18,1.92,69.72,16.0,2.0,4.5,37.0,869.0,0.0,19.8,2.2,22.9,830.4,-9999.0,-9999.0,-9999.0,-9999.0,-9999.0,-9999.0,-9999.0,0.0,0,0,"time.struct_time(tm_year=2023, tm_mon=1, tm_mday=3, tm_hour=21, tm_min=6, tm_sec=5, tm_wday=1, tm_yday=3, tm_isdst=-1)",2023-01-03,2023,1,3,3,6,21,BUS02
2023-01-03 21:08:35,40.693417,-111.960594,1295.3,-9999.0,-9999.0,-9999.0,13.92,8.19,1.72,70.1,16.0,2.0,4.5,37.0,869.1,0.0,19.6,2.19,22.9,830.2,-9999.0,-9999.0,-9999.0,-9999.0,-9999.0,-9999.0,-9999.0,1.0,0,0,"time.struct_time(tm_year=2023, tm_mon=1, tm_mday=3, tm_hour=21, tm_min=8, tm_sec=35, tm_wday=1, tm_yday=3, tm_isdst=-1)",2023-01-03,2023,1,3,3,8,21,BUS02
2023-01-03 21:11:05,40.693417,-111.960594,1295.5,-9999.0,-9999.0,-9999.0,13.92,8.2,1.69,71.59,15.0,2.0,4.5,38.0,868.9,0.0,18.2,2.21,22.9,830.4,-9999.0,-9999.0,-9999.0,-9999.0,-9999.0,-9999.0,-9999.0,1.0,0,0,"time.struct_time(tm_year=2023, tm_mon=1, tm_mday=3, tm_hour=21, tm_min=11, tm_sec=5, tm_wday=1, tm_yday=3, tm_isdst=-1)",2023-01-03,2023,1,3,3,11,21,BUS02
2023-01-03 21:13:35,40.693417,-111.960594,1295.7,-9999.0,-9999.0,-9999.0,13.92,8.22,1.9,71.41,15.0,2.0,4.5,37.0,869.1,0.0,17.5,2.18,22.8,830.3,-9999.0,-9999.0,-9999.0,-9999.0,-9999.0,-9999.0,-9999.0,1.0,0,0,"time.struct_time(tm_year=2023, tm_mon=1, tm_mday=3, tm_hour=21, tm_min=13, tm_sec=35, tm_wday=1, tm_yday=3, tm_isdst=-1)",2023-01-03,2023,1,3,3,13,21,BUS02
2023-01-03 21:16:05,40.69342,-111.960594,1295.8,-9999.0,-9999.0,-9999.0,13.92,8.24,1.9,71.26,15.0,2.0,4.5,37.0,869.0,0.0,24.1,2.18,22.8,830.6,-9999.0,-9999.0,-9999.0,-9999.0,-9999.0,-9999.0,-9999.0,1.0,0,0,"time.struct_time(tm_year=2023, tm_mon=1, tm_mday=3, tm_hour=21, tm_min=16, tm_sec=5, tm_wday=1, tm_yday=3, tm_isdst=-1)",2023-01-03,2023,1,3,3,16,21,BUS02
2023-01-03 21:18:35,40.69342,-111.960594,1296.1,-9999.0,-9999.0,-9999.0,13.92,8.26,1.83,70.18,15.0,2.0,4.61,38.0,869.0,0.0,25.7,2.2,22.8,830.3,-9999.0,-9999.0,-9999.0,-9999.0,-9999.0,-9999.0,-9999.0,1.0,0,0,"time.struct_time(tm_year=2023, tm_mon=1, tm_mday=3, tm_hour=21, tm_min=18, tm_sec=35, tm_wday=1, tm_yday=3, tm_isdst=-1)",2023-01-03,2023,1,3,3,18,21,BUS02
2023-01-03 21:21:05,40.693424,-111.960587,1296.4,-9999.0,-9999.0,-9999.0,13.92,8.28,1.88,71.19,14.0,2.0,4.61,37.0,869.1,0.0,29.4,2.18,22.8,830.6,-9999.0,-9999.0,-9999.0,-9999.0,-9999.0,-9999.0,-9999.0,1.0,0,0,"time.struct_time(tm_year=2023, tm_mon=1, tm_mday=3, tm_hour=21, tm_min=21, tm_sec=5, tm_wday=1, tm_yday=3, tm_isdst=-1)",2023-01-03,2023,1,3,3,21,21,BUS02
2023-01-03 21:23:35,40.69342,-111.960587,1296.6,-9999.0,-9999.0,-9999.0,13.92,8.3,2.0,69.87,13.0,2.0,4.72,37.0,869.3,0.0,26.9,2.18,22.8,830.3,-9999.0,-9999.0,-9999.0,-9999.0,-9999.0,-9999.0,-9999.0,1.0,0,0,"time.struct_time(tm_year=2023, tm_mon=1, tm_mday=3, tm_hour=21, tm_min=23, tm_sec=35, tm_wday=1, tm_yday=3, tm_isdst=-1)",2023-01-03,2023,1,3,3,23,21,BUS02
2023-01-03 21:26:05,40.69297,-111.965523,1299.1,-9999.0,-9999.0,-9999.0,13.92,8.33,2.04,71.88,13.0,2.0,4.78,37.0,868.7,0.0,22.7,2.18,22.8,830.1,-9999.0,-9999.0,-9999.0,-9999.0,-9999.0,-9999.0,-9999.0,1.0,0,0,"time.struct_time(tm_year=2023, tm_mon=1, tm_mday=3, tm_hour=21, tm_min=26, tm_sec=5, tm_wday=1, tm_yday=3, tm_isdst=-1)",2023-01-03,2023,1,3,3,26,21,BUS02
2023-01-03 21:28:35,40.692955,-111.965904,1299.8,-9999.0,-9999.0,-9999.0,13.92,8.34,2.65,69.99,13.0,2.0,4.89,37.0,868.5,0.0,24.5,2.19,22.8,829.9,-9999.0,-9999.0,-9999.0,-9999.0,-9999.0,-9999.0,-9999.0,0.0,0,0,"time.struct_time(tm_year=2023, tm_mon=1, tm_mday=3, tm_hour=21, tm_min=28, tm_sec=35, tm_wday=1, tm_yday=3, tm_isdst=-1)",2023-01-03,2023,1,3,3,28,21,BUS02
2023-01-03 21:31:05,40.692955,-111.968468,1299.9,-9999.0,-9999.0,-9999.0,13.91,8.37,3.11,66.31,12.0,2.0,4.89,37.0,868.5,0.0,30.9,2.18,22.8,829.8,-9999.0,-9999.0,-9999.0,-9999.0,-9999.0,-9999.0,-9999.0,0.0,0,0,"time.struct_time(tm_year=2023, tm_mon=1, tm_mday=3, tm_hour=21, tm_min=31, tm_sec=5, tm_wday=1, tm_yday=3, tm_isdst=-1)",2023-01-03,2023,1,3,3,31,21,BUS02
2023-01-03 21:33:35,40.693737,-111.977081,1301.2,-9999.0,-9999.0,-9999.0,13.92,8.37,3.13,63.52,9.0,2.0,5.0,36.0,868.4,0.0,27.6,2.18,22.8,829.7,-9999.0,-9999.0,-9999.0,-9999.0,-9999.0,-9999.0,-9999.0,0.0,0,0,"time.struct_time(tm_year=2023, tm_mon=1, tm_mday=3, tm_hour=21, tm_min=33, tm_sec=35, tm_wday=1, tm_yday=3, tm_isdst=-1)",2023-01-03,2023,1,3,3,33,21,BUS02
2023-01-03 21:36:05,40.704021,-111.977127,1294.3,-9999.0,-9999.0,-9999.0,13.92,8.36,3.0,64.89,10.0,2.0,4.89,37.0,868.8,0.0,30.9,2.2,22.8,830.4,-9999.0,-9999.0,-9999.0,-9999.0,-9999.0,-9999.0,-9999.0,0.0,0,0,"time.struct_time(tm_year=2023, tm_mon=1, tm_mday=3, tm_hour=21, tm_min=36, tm_sec=5, tm_wday=1, tm_yday=3, tm_isdst=-1)",2023-01-03,2023,1,3,3,36,21,BUS02
2023-01-03 21:38:35,40.718369,-111.977165,1292.4,-9999.0,-9999.0,-9999.0,13.92,8.33,2.84,64.54,10.0,2.0,4.78,37.0,869.7,0.0,20.6,2.18,22.7,830.7,-9999.0,-9999.0,-9999.0,-9999.0,-9999.0,-9999.0,-9999.0,0.0,0,0,"time.struct_time(tm_year=2023, tm_mon=1, tm_mday=3, tm_hour=21, tm_min=38, tm_sec=35, tm_wday=1, tm_yday=3, tm_isdst=-1)",2023-01-03,2023,1,3,3,38,21,BUS02
2023-01-03 21:41:05,40.719677,-111.983276,1292.4,-9999.0,-9999.0,-9999.0,13.92,8.27,2.81,64.23,11.0,2.0,4.78,36.0,869.3,0.0,28.4,2.18,22.8,830.6,-9999.0,-9999.0,-9999.0,-9999.0,-9999.0,-9999.0,-9999.0,0.0,0,0,"time.struct_time(tm_year=2023, tm_mon=1, tm_mday=3, tm_hour=21, tm_min=41, tm_sec=5, tm_wday=1, tm_yday=3, tm_isdst=-1)",2023-01-03,2023,1,3,3,41,21,BUS02
2023-01-03 21:43:35,40.724331,-111.986244,1300.1,-9999.0,-9999.0,-9999.0,13.92,8.17,2.71,66.63,10.0,2.0,4.72,37.0,869.0,0.0,26.6,2.19,22.8,830.3,-9999.0,-9999.0,-9999.0,-9999.0,-9999.0,-9999.0,-9999.0,0.0,0,0,"time.struct_time(tm_year=2023, tm_mon=1, tm_mday=3, tm_hour=21, tm_min=43, tm_sec=35, tm_wday=1, tm_yday=3, tm_isdst=-1)",2023-01-03,2023,1,3,3,43,21,BUS02
2023-01-03 21:46:05,40.730843,-111.985336,1290.6,-9999.0,-9999.0,-9999.0,13.92,8.15,2.83,64.65,10.0,2.0,4.61,36.0,870.0,0.0,23.4,2.19,22.8,831.4,-9999.0,-9999.0,-9999.0,-9999.0,-9999.0,-9999.0,-9999.0,0.0,0,0,"time.struct_time(tm_year=2023, tm_mon=1, tm_mday=3, tm_hour=21, tm_min=46, tm_sec=5, tm_wday=1, tm_yday=3, tm_isdst=-1)",2023-01-03,2023,1,3,3,46,21,BUS02
2023-01-03 21:48:35,40.730858,-111.972855,1291.1,-9999.0,-9999.0,-9999.0,13.91,8.15,2.89,63.54,10.0,2.0,4.61,36.0,869.8,0.0,33.0,2.19,22.7,830.9,-9999.0,-9999.0,-9999.0,-9999.0,-9999.0,-9999.0,-9999.0,0.0,0,0,"time.struct_time(tm_year=2023, tm_mon=1, tm_mday=3, tm_hour=21, tm_min=48, tm_sec=35, tm_wday=1, tm_yday=3, tm_isdst=-1)",2023-01-03,2023,1,3,3,48,21,BUS02
2023-01-03 21:51:05,40.726833,-111.964012,1293.3,-9999.0,-9999.0,-9999.0,13.92,8.13,2.71,64.15,10.0,2.0,4.61,36.0,869.4,0.0,32.5,2.18,22.8,830.9,-9999.0,-9999.0,-9999.0,-9999.0,-9999.0,-9999.0,-9999.0,0.0,0,0,"time.struct_time(tm_year=2023, tm_mon=1, tm_mday=3, tm_hour=21, tm_min=51, tm_sec=5, tm_wday=1, tm_yday=3, tm_isdst=-1)",2023-01-03,2023,1,3,3,51,21,BUS02
2023-01-03 21:53:35,40.733093,-111.944931,1289.7,-9999.0,-9999.0,-9999.0,13.91,8.07,2.7,64.01,11.0,2.0,4.61,36.0,869.7,0.0,31.2,2.17,22.7,831.0,-9999.0,-9999.0,-9999.0,-9999.0,-9999.0,-9999.0,-9999.0,0.0,0,0,"time.struct_time(tm_year=2023, tm_mon=1, tm_mday=3, tm_hour=21, tm_min=53, tm_sec=35, tm_wday=1, tm_yday=3, tm_isdst=-1)",2023-01-03,2023,1,3,3,53,21,BUS02
2023-01-03 21:56:05,40.726704,-111.938995,1294.0,-9999.0,-9999.0,-9999.0,13.92,8.0,2.5,66.27,12.0,2.0,4.61,37.0,869.9,0.0,26.4,2.18,22.7,831.2,-9999.0,-9999.0,-9999.0,-9999.0,-9999.0,-9999.0,-9999.0,0.0,0,0,"time.struct_time(tm_year=2023, tm_mon=1, tm_mday=3, tm_hour=21, tm_min=56, tm_sec=5, tm_wday=1, tm_yday=3, tm_isdst=-1)",2023-01-03,2023,1,3,3,56,21,BUS02
2023-01-03 21:59:40,40.725834,-111.93634,1292.3,-9999.0,-9999.0,-9999.0,13.92,7.97,2.24,66.04,12.0,2.0,4.5,37.0,870.0,0.0,29.6,2.18,22.7,831.4,-9999.0,-9999.0,-9999.0,-9999.0,-9999.0,-9999.0,-9999.0,0.0,0,0,"time.struct_time(tm_year=2023, tm_mon=1, tm_mday=3, tm_hour=21, tm_min=59, tm_sec=40, tm_wday=1, tm_yday=3, tm_isdst=-1)",2023-01-03,2023,1,3,3,59,21,BUS02
2023-01-03 22:02:10,40.725704,-111.917297,1287.9,-9999.0,-9999.0,-9999.0,13.92,7.98,2.28,67.38,20.0,2.0,4.61,37.0,870.1,0.0,17.0,2.19,22.7,831.4,-9999.0,-9999.0,-9999.0,-9999.0,-9999.0,-9999.0,-9999.0,0.0,0,0,"time.struct_time(tm_year=2023, tm_mon=1, tm_mday=3, tm_hour=22, tm_min=2, tm_sec=10, tm_wday=1, tm_yday=3, tm_isdst=-1)",2023-01-03,2023,1,3,3,2,22,BUS02
2023-01-03 22:04:40,40.734547,-111.91684,1286.8,-9999.0,-9999.0,-9999.0,13.92,7.96,2.54,67.33,13.0,2.0,4.61,38.0,870.1,0.0,30.4,2.19,22.7,831.4,-9999.0,-9999.0,-9999.0,-9999.0,-9999.0,-9999.0,-9999.0,0.0,0,0,"time.struct_time(tm_year=2023, tm_mon=1, tm_mday=3, tm_hour=22, tm_min=4, tm_sec=40, tm_wday=1, tm_yday=3, tm_isdst=-1)",2023-01-03,2023,1,3,3,4,22,BUS02
2023-01-03 22:07:10,40.744606,-111.916817,1288.3,-9999.0,-9999.0,-9999.0,13.92,7.94,2.72,67.09,15.0,2.0,4.61,38.0,870.5,0.0,29.8,2.2,22.7,831.8,-9999.0,-9999.0,-9999.0,-9999.0,-9999.0,-9999.0,-9999.0,0.0,0,0,"time.struct_time(tm_year=2023, tm_mon=1, tm_mday=3, tm_hour=22, tm_min=7, tm_sec=10, tm_wday=1, tm_yday=3, tm_isdst=-1)",2023-01-03,2023,1,3,3,7,22,BUS02
2023-01-03 22:09:40,40.751385,-111.916786,1288.8,-9999.0,-9999.0,-9999.0,13.92,7.92,2.85,68.8,14.0,2.0,4.5,39.0,870.6,0.0,21.3,2.19,22.6,831.8,-9999.0,-9999.0,-9999.0,-9999.0,-9999.0,-9999.0,-9999.0,0.0,0,0,"time.struct_time(tm_year=2023, tm_mon=1, tm_mday=3, tm_hour=22, tm_min=9, tm_sec=40, tm_wday=1, tm_yday=3, tm_isdst=-1)",2023-01-03,2023,1,3,3,9,22,BUS02
2023-01-03 22:12:10,40.753738,-111.913864,1287.7,-9999.0,-9999.0,-9999.0,13.92,7.94,3.23,66.12,15.0,2.0,4.61,39.0,870.7,0.0,29.2,2.19,22.6,831.8,-9999.0,-9999.0,-9999.0,-9999.0,-9999.0,-9999.0,-9999.0,0.0,0,0,"time.struct_time(tm_year=2023, tm_mon=1, tm_mday=3, tm_hour=22, tm_min=12, tm_sec=10, tm_wday=1, tm_yday=3, tm_isdst=-1)",2023-01-03,2023,1,3,3,12,22,BUS02
2023-01-03 22:14:40,40.760193,-111.916794,1285.7,-9999.0,-9999.0,-9999.0,13.92,7.96,3.41,66.06,14.0,2.0,4.61,39.0,870.4,0.0,29.4,2.19,22.6,831.7,-9999.0,-9999.0,-9999.0,-9999.0,-9999.0,-9999.0,-9999.0,0.0,0,0,"time.struct_time(tm_year=2023, tm_mon=1, tm_mday=3, tm_hour=22, tm_min=14, tm_sec=40, tm_wday=1, tm_yday=3, tm_isdst=-1)",2023-01-03,2023,1,3,3,14,22,BUS02
2023-01-03 22:17:10,40.76236,-111.902466,1291.5,-9999.0,-9999.0,-9999.0,13.92,7.95,3.43,66.02,14.0,2.0,4.72,39.0,870.3,0.0,33.4,2.18,22.6,831.4,-9999.0,-9999.0,-9999.0,-9999.0,-9999.0,-9999.0,-9999.0,0.0,0,1,"time.struct_time(tm_year=2023, tm_mon=1, tm_mday=3, tm_hour=22, tm_min=17, tm_sec=10, tm_wday=1, tm_yday=3, tm_isdst=-1)",2023-01-03,2023,1,3,3,17,22,BUS02
2023-01-03 22:19:40,40.76498,-111.908195,1290.6,-9999.0,-9999.0,-9999.0,13.92,7.96,3.71,65.0,14.0,2.0,4.72,40.0,870.5,0.0,24.0,2.18,22.6,831.7,-9999.0,-9999.0,-9999.0,-9999.0,-9999.0,-9999.0,-9999.0,0.0,0,1,"time.struct_time(tm_year=2023, tm_mon=1, tm_mday=3, tm_hour=22, tm_min=19, tm_sec=40, tm_wday=1, tm_yday=3, tm_isdst=-1)",2023-01-03,2023,1,3,3,19,22,BUS02
2023-01-03 22:22:10,40.763527,-111.909462,1292.6,-9999.0,-9999.0,-9999.0,13.92,8.0,3.73,65.78,13.0,2.0,4.89,40.0,870.3,0.0,25.2,2.17,22.6,831.7,-9999.0,-9999.0,-9999.0,-9999.0,-9999.0,-9999.0,-9999.0,0.0,0,1,"time.struct_time(tm_year=2023, tm_mon=1, tm_mday=3, tm_hour=22, tm_min=22, tm_sec=10, tm_wday=1, tm_yday=3, tm_isdst=-1)",2023-01-03,2023,1,3,3,22,22,BUS02
2023-01-03 22:24:40,40.763527,-111.909462,1292.5,-9999.0,-9999.0,-9999.0,13.92,8.07,3.31,65.74,12.0,2.0,5.0,40.0,870.4,0.0,26.4,2.17,22.6,831.9,-9999.0,-9999.0,-9999.0,-9999.0,-9999.0,-9999.0,-9999.0,0.0,0,1,"time.struct_time(tm_year=2023, tm_mon=1, tm_mday=3, tm_hour=22, tm_min=24, tm_sec=40, tm_wday=1, tm_yday=3, tm_isdst=-1)",2023-01-03,2023,1,3,3,24,22,BUS02
2023-01-03 22:27:10,40.763531,-111.909462,1292.4,-9999.0,-9999.0,-9999.0,13.92,8.16,3.13,68.68,11.0,2.0,5.11,39.0,870.5,0.0,23.7,2.18,22.6,831.8,-9999.0,-9999.0,-9999.0,-9999.0,-9999.0,-9999.0,-9999.0,0.0,0,1,"time.struct_time(tm_year=2023, tm_mon=1, tm_mday=3, tm_hour=22, tm_min=27, tm_sec=10, tm_wday=1, tm_yday=3, tm_isdst=-1)",2023-01-03,2023,1,3,3,27,22,BUS02
2023-01-03 22:29:40,40.763531,-111.909462,1292.4,-9999.0,-9999.0,-9999.0,13.92,8.25,3.37,66.3,11.0,2.0,5.22,38.0,870.6,0.0,28.4,2.18,22.6,831.9,-9999.0,-9999.0,-9999.0,-9999.0,-9999.0,-9999.0,-9999.0,0.0,0,1,"time.struct_time(tm_year=2023, tm_mon=1, tm_mday=3, tm_hour=22, tm_min=29, tm_sec=40, tm_wday=1, tm_yday=3, tm_isdst=-1)",2023-01-03,2023,1,3,3,29,22,BUS02
2023-01-03 22:32:10,40.763531,-111.909462,1292.3,-9999.0,-9999.0,-9999.0,13.92,8.35,3.55,65.11,12.0,2.0,5.39,38.0,870.6,0.0,25.3,2.18,22.7,831.8,-9999.0,-9999.0,-9999.0,-9999.0,-9999.0,-9999.0,-9999.0,0.0,0,1,"time.struct_time(tm_year=2023, tm_mon=1, tm_mday=3, tm_hour=22, tm_min=32, tm_sec=10, tm_wday=1, tm_yday=3, tm_isdst=-1)",2023-01-03,2023,1,3,3,32,22,BUS02
