Timestamp_UTC,Latitude_ddeg,Longitude_ddeg,Elevation_m,GPS_Speed_m/s,GPS_Direction_deg,GPS_RMC_Valid_binary,Battery_Voltage_volts,Bus_Box_Temperature_degC,Bus_Top_Temperature_degC,Bus_Top_Relative_Humidity_%,ES642_PM2.5_Concentration_ug/m3,ES642_Air_Flow_Rate_L/min,ES642_Internal_Air_Temperature_degC,ES642_Internal_Relative_Humidity_%,ES642_Internal_Air_Pressure_hpa,ES642_Error_Code_code,2B_Ozone_Concentration_ppbv,2B_Air_Flow_Rate_L/min,2B_Internal_Air_Temperature_degC,2B_Internal_Air_Pressure_hpa,2B405_NO_Concentration_ppbv,2B405_NO2_Concentration_ppbv,2B405_NOX_Concentration_ppbv,2B405_Internal_Air_Temperature_degC,2B405_Internal_Air_Pressure_hpa,2B405_Air_Flow_Rate_L/min,2B405_Cell_O3_Flow_Rate_mL/min,PM2.5_Data_Flagged_binary,Ozone_Data_Flagged_binary,GPS_Data_Flagged_binary,Time_Tuple,Date,Year,Month,Day_of_Year,Day_of_Month,Minute
2022-11-01 00:00:25,40.765957,-111.910645,1287.4,-9999.0,-9999.0,-9999.0,13.73,16.72,15.35,26.24,42.0,2.0,14.5,29.0,873.3,0.0,16.9,1.74,18.9,835.2,-9999.0,-9999.0,-9999.0,-9999.0,-9999.0,-9999.0,-9999.0,0.0,0,1,"time.struct_time(tm_year=2022, tm_mon=11, tm_mday=1, tm_hour=0, tm_min=0, tm_sec=25, tm_wday=1, tm_yday=305, tm_isdst=-1)",2022-11-01,2022,11,305,1,0
2022-11-01 00:02:55,40.765621,-111.909775,1285.6,-9999.0,-9999.0,-9999.0,13.73,16.69,15.41,26.88,6.0,2.0,14.39,29.0,873.2,0.0,9.2,1.74,20.3,835.0,-9999.0,-9999.0,-9999.0,-9999.0,-9999.0,-9999.0,-9999.0,0.0,0,1,"time.struct_time(tm_year=2022, tm_mon=11, tm_mday=1, tm_hour=0, tm_min=2, tm_sec=55, tm_wday=1, tm_yday=305, tm_isdst=-1)",2022-11-01,2022,11,305,1,2
2022-11-01 00:05:25,40.765594,-111.909851,1286.7,-9999.0,-9999.0,-9999.0,13.73,16.69,16.09,25.55,6.0,2.0,14.5,29.0,873.2,0.0,13.5,1.76,21.5,835.1,-9999.0,-9999.0,-9999.0,-9999.0,-9999.0,-9999.0,-9999.0,0.0,0,0,"time.struct_time(tm_year=2022, tm_mon=11, tm_mday=1, tm_hour=0, tm_min=5, tm_sec=25, tm_wday=1, tm_yday=305, tm_isdst=-1)",2022-11-01,2022,11,305,1,5
2022-11-01 00:07:55,40.765617,-111.909843,1278.1,-9999.0,-9999.0,-9999.0,13.73,16.74,16.77,24.51,6.0,2.0,14.72,29.0,873.3,0.0,13.4,1.75,22.5,835.1,-9999.0,-9999.0,-9999.0,-9999.0,-9999.0,-9999.0,-9999.0,0.0,0,0,"time.struct_time(tm_year=2022, tm_mon=11, tm_mday=1, tm_hour=0, tm_min=7, tm_sec=55, tm_wday=1, tm_yday=305, tm_isdst=-1)",2022-11-01,2022,11,305,1,7
2022-11-01 00:10:25,40.765617,-111.909851,1276.0,-9999.0,-9999.0,-9999.0,13.22,16.84,17.39,25.1,7.0,2.0,14.89,29.0,873.3,0.0,11.1,1.77,23.4,835.2,-9999.0,-9999.0,-9999.0,-9999.0,-9999.0,-9999.0,-9999.0,0.0,0,0,"time.struct_time(tm_year=2022, tm_mon=11, tm_mday=1, tm_hour=0, tm_min=10, tm_sec=25, tm_wday=1, tm_yday=305, tm_isdst=-1)",2022-11-01,2022,11,305,1,10
2022-11-01 00:12:55,40.76561,-111.909851,1275.6,-9999.0,-9999.0,-9999.0,13.73,16.98,17.99,24.73,6.0,2.0,15.11,29.0,873.2,0.0,11.3,1.77,24.3,834.9,-9999.0,-9999.0,-9999.0,-9999.0,-9999.0,-9999.0,-9999.0,0.0,0,0,"time.struct_time(tm_year=2022, tm_mon=11, tm_mday=1, tm_hour=0, tm_min=12, tm_sec=55, tm_wday=1, tm_yday=305, tm_isdst=-1)",2022-11-01,2022,11,305,1,12
2022-11-01 00:15:25,40.765598,-111.909859,1275.7,-9999.0,-9999.0,-9999.0,13.74,17.16,18.54,24.85,8.0,2.0,15.39,30.0,873.0,0.0,15.0,1.77,25.0,835.1,-9999.0,-9999.0,-9999.0,-9999.0,-9999.0,-9999.0,-9999.0,0.0,0,0,"time.struct_time(tm_year=2022, tm_mon=11, tm_mday=1, tm_hour=0, tm_min=15, tm_sec=25, tm_wday=1, tm_yday=305, tm_isdst=-1)",2022-11-01,2022,11,305,1,15
2022-11-01 00:17:55,40.765602,-111.909866,1275.8,-9999.0,-9999.0,-9999.0,13.74,17.36,19.06,24.25,7.0,2.0,15.61,30.0,873.0,0.0,14.3,1.78,25.7,834.9,-9999.0,-9999.0,-9999.0,-9999.0,-9999.0,-9999.0,-9999.0,0.0,0,0,"time.struct_time(tm_year=2022, tm_mon=11, tm_mday=1, tm_hour=0, tm_min=17, tm_sec=55, tm_wday=1, tm_yday=305, tm_isdst=-1)",2022-11-01,2022,11,305,1,17
2022-11-01 00:20:25,40.765614,-111.909866,1276.4,-9999.0,-9999.0,-9999.0,13.73,17.58,19.4,23.59,6.0,2.0,15.89,30.0,873.1,0.0,17.0,1.77,26.3,835.0,-9999.0,-9999.0,-9999.0,-9999.0,-9999.0,-9999.0,-9999.0,0.0,0,0,"time.struct_time(tm_year=2022, tm_mon=11, tm_mday=1, tm_hour=0, tm_min=20, tm_sec=25, tm_wday=1, tm_yday=305, tm_isdst=-1)",2022-11-01,2022,11,305,1,20
2022-11-01 00:22:55,40.765686,-111.909889,1276.6,-9999.0,-9999.0,-9999.0,13.71,17.81,19.7,23.02,5.0,2.0,16.22,29.0,873.0,0.0,13.7,1.77,26.9,835.0,-9999.0,-9999.0,-9999.0,-9999.0,-9999.0,-9999.0,-9999.0,0.0,0,0,"time.struct_time(tm_year=2022, tm_mon=11, tm_mday=1, tm_hour=0, tm_min=22, tm_sec=55, tm_wday=1, tm_yday=305, tm_isdst=-1)",2022-11-01,2022,11,305,1,22
2022-11-01 00:25:25,40.765614,-111.909836,1274.1,-9999.0,-9999.0,-9999.0,13.71,18.05,19.89,22.87,4.0,2.0,16.39,29.0,873.2,0.0,12.3,1.78,27.5,835.0,-9999.0,-9999.0,-9999.0,-9999.0,-9999.0,-9999.0,-9999.0,0.0,0,0,"time.struct_time(tm_year=2022, tm_mon=11, tm_mday=1, tm_hour=0, tm_min=25, tm_sec=25, tm_wday=1, tm_yday=305, tm_isdst=-1)",2022-11-01,2022,11,305,1,25
2022-11-01 00:27:55,40.765629,-111.909851,1274.8,-9999.0,-9999.0,-9999.0,13.71,18.29,20.0,22.72,4.0,2.0,16.72,29.0,873.1,0.0,9.7,1.8,28.0,834.8,-9999.0,-9999.0,-9999.0,-9999.0,-9999.0,-9999.0,-9999.0,0.0,0,0,"time.struct_time(tm_year=2022, tm_mon=11, tm_mday=1, tm_hour=0, tm_min=27, tm_sec=55, tm_wday=1, tm_yday=305, tm_isdst=-1)",2022-11-01,2022,11,305,1,27
2022-11-01 00:30:25,40.765717,-111.909836,1281.6,-9999.0,-9999.0,-9999.0,13.71,18.52,20.11,22.5,5.0,2.0,16.89,28.0,872.8,0.0,8.7,1.79,28.5,834.9,-9999.0,-9999.0,-9999.0,-9999.0,-9999.0,-9999.0,-9999.0,0.0,0,0,"time.struct_time(tm_year=2022, tm_mon=11, tm_mday=1, tm_hour=0, tm_min=30, tm_sec=25, tm_wday=1, tm_yday=305, tm_isdst=-1)",2022-11-01,2022,11,305,1,30
2022-11-01 00:32:55,40.765469,-111.910049,1312.2,-9999.0,-9999.0,-9999.0,13.71,18.75,20.2,22.85,5.0,2.0,17.11,28.0,872.9,0.0,10.1,1.79,29.0,834.9,-9999.0,-9999.0,-9999.0,-9999.0,-9999.0,-9999.0,-9999.0,0.0,0,0,"time.struct_time(tm_year=2022, tm_mon=11, tm_mday=1, tm_hour=0, tm_min=32, tm_sec=55, tm_wday=1, tm_yday=305, tm_isdst=-1)",2022-11-01,2022,11,305,1,32
2022-11-01 00:35:25,40.766201,-111.910118,1278.5,-9999.0,-9999.0,-9999.0,13.71,18.98,19.99,20.77,5.0,2.0,17.39,27.0,872.9,0.0,16.1,1.79,29.4,834.9,-9999.0,-9999.0,-9999.0,-9999.0,-9999.0,-9999.0,-9999.0,0.0,0,0,"time.struct_time(tm_year=2022, tm_mon=11, tm_mday=1, tm_hour=0, tm_min=35, tm_sec=25, tm_wday=1, tm_yday=305, tm_isdst=-1)",2022-11-01,2022,11,305,1,35
2022-11-01 00:37:55,40.762356,-111.91687,1290.9,-9999.0,-9999.0,-9999.0,13.67,19.2,17.64,26.46,5.0,2.0,17.5,26.0,873.1,0.0,11.1,1.81,29.8,834.8,-9999.0,-9999.0,-9999.0,-9999.0,-9999.0,-9999.0,-9999.0,0.0,0,0,"time.struct_time(tm_year=2022, tm_mon=11, tm_mday=1, tm_hour=0, tm_min=37, tm_sec=55, tm_wday=1, tm_yday=305, tm_isdst=-1)",2022-11-01,2022,11,305,1,37
2022-11-01 00:40:25,40.760509,-111.910683,1288.4,-9999.0,-9999.0,-9999.0,13.67,19.34,15.91,27.04,5.0,2.0,17.22,26.0,872.9,0.0,16.9,1.8,30.2,834.9,-9999.0,-9999.0,-9999.0,-9999.0,-9999.0,-9999.0,-9999.0,0.0,0,0,"time.struct_time(tm_year=2022, tm_mon=11, tm_mday=1, tm_hour=0, tm_min=40, tm_sec=25, tm_wday=1, tm_yday=305, tm_isdst=-1)",2022-11-01,2022,11,305,1,40
2022-11-01 00:42:55,40.760498,-111.910027,1290.8,-9999.0,-9999.0,-9999.0,13.67,19.41,15.34,27.88,6.0,2.0,16.89,25.0,873.0,0.0,10.8,1.81,30.6,834.8,-9999.0,-9999.0,-9999.0,-9999.0,-9999.0,-9999.0,-9999.0,0.0,0,0,"time.struct_time(tm_year=2022, tm_mon=11, tm_mday=1, tm_hour=0, tm_min=42, tm_sec=55, tm_wday=1, tm_yday=305, tm_isdst=-1)",2022-11-01,2022,11,305,1,42
2022-11-01 00:46:30,40.760963,-111.910072,1292.8,-9999.0,-9999.0,-9999.0,13.67,19.44,14.7,77.29,29.0,2.0,16.72,41.0,872.8,0.0,8.7,1.82,31.1,834.8,-9999.0,-9999.0,-9999.0,-9999.0,-9999.0,-9999.0,-9999.0,0.0,0,0,"time.struct_time(tm_year=2022, tm_mon=11, tm_mday=1, tm_hour=0, tm_min=46, tm_sec=30, tm_wday=1, tm_yday=305, tm_isdst=-1)",2022-11-01,2022,11,305,1,46
2022-11-01 00:49:00,40.76086,-111.910561,1293.0,-9999.0,-9999.0,-9999.0,13.67,19.42,13.11,58.73,10.0,2.0,16.39,40.0,872.9,0.0,15.8,1.81,31.4,835.0,-9999.0,-9999.0,-9999.0,-9999.0,-9999.0,-9999.0,-9999.0,0.0,0,0,"time.struct_time(tm_year=2022, tm_mon=11, tm_mday=1, tm_hour=0, tm_min=49, tm_sec=0, tm_wday=1, tm_yday=305, tm_isdst=-1)",2022-11-01,2022,11,305,1,49
2022-11-01 00:51:30,40.764732,-111.916824,1290.0,-9999.0,-9999.0,-9999.0,13.67,19.34,11.83,54.23,8.0,2.0,15.78,34.0,873.1,0.0,13.0,1.81,31.6,835.2,-9999.0,-9999.0,-9999.0,-9999.0,-9999.0,-9999.0,-9999.0,0.0,0,0,"time.struct_time(tm_year=2022, tm_mon=11, tm_mday=1, tm_hour=0, tm_min=51, tm_sec=30, tm_wday=1, tm_yday=305, tm_isdst=-1)",2022-11-01,2022,11,305,1,51
2022-11-01 00:54:00,40.765694,-111.909973,1291.2,-9999.0,-9999.0,-9999.0,13.68,19.17,11.25,47.9,7.0,2.0,15.11,30.0,872.8,0.0,19.2,1.82,31.9,835.2,-9999.0,-9999.0,-9999.0,-9999.0,-9999.0,-9999.0,-9999.0,0.0,0,0,"time.struct_time(tm_year=2022, tm_mon=11, tm_mday=1, tm_hour=0, tm_min=54, tm_sec=0, tm_wday=1, tm_yday=305, tm_isdst=-1)",2022-11-01,2022,11,305,1,54
2022-11-01 00:56:30,40.765694,-111.909973,1291.2,-9999.0,-9999.0,-9999.0,13.71,18.94,10.76,43.78,6.0,2.0,14.39,30.0,872.8,0.0,11.9,1.8,32.0,835.2,-9999.0,-9999.0,-9999.0,-9999.0,-9999.0,-9999.0,-9999.0,0.0,0,0,"time.struct_time(tm_year=2022, tm_mon=11, tm_mday=1, tm_hour=0, tm_min=56, tm_sec=30, tm_wday=1, tm_yday=305, tm_isdst=-1)",2022-11-01,2022,11,305,1,56
2022-11-01 01:00:05,40.765724,-111.909866,1290.0,-9999.0,-9999.0,-9999.0,13.71,18.6,10.34,46.85,5.0,2.0,14.11,29.0,872.8,0.0,21.2,1.81,32.2,835.2,-9999.0,-9999.0,-9999.0,-9999.0,-9999.0,-9999.0,-9999.0,0.0,0,0,"time.struct_time(tm_year=2022, tm_mon=11, tm_mday=1, tm_hour=1, tm_min=0, tm_sec=5, tm_wday=1, tm_yday=305, tm_isdst=-1)",2022-11-01,2022,11,305,1,0
2022-11-01 01:02:35,40.765724,-111.909859,1289.6,-9999.0,-9999.0,-9999.0,13.71,18.39,10.3,50.1,6.0,2.0,14.0,28.0,872.8,0.0,25.7,1.83,32.3,835.1,-9999.0,-9999.0,-9999.0,-9999.0,-9999.0,-9999.0,-9999.0,0.0,0,0,"time.struct_time(tm_year=2022, tm_mon=11, tm_mday=1, tm_hour=1, tm_min=2, tm_sec=35, tm_wday=1, tm_yday=305, tm_isdst=-1)",2022-11-01,2022,11,305,1,2
2022-11-01 01:05:05,40.765724,-111.909843,1288.5,-9999.0,-9999.0,-9999.0,13.71,18.21,10.36,44.68,6.0,2.0,13.89,28.0,872.7,0.0,20.3,1.82,32.4,835.2,-9999.0,-9999.0,-9999.0,-9999.0,-9999.0,-9999.0,-9999.0,0.0,0,0,"time.struct_time(tm_year=2022, tm_mon=11, tm_mday=1, tm_hour=1, tm_min=5, tm_sec=5, tm_wday=1, tm_yday=305, tm_isdst=-1)",2022-11-01,2022,11,305,1,5
2022-11-01 01:07:35,40.765724,-111.909828,1288.4,-9999.0,-9999.0,-9999.0,13.71,18.04,10.44,45.05,5.0,2.0,13.78,28.0,872.9,0.0,21.2,1.82,32.5,835.2,-9999.0,-9999.0,-9999.0,-9999.0,-9999.0,-9999.0,-9999.0,0.0,0,0,"time.struct_time(tm_year=2022, tm_mon=11, tm_mday=1, tm_hour=1, tm_min=7, tm_sec=35, tm_wday=1, tm_yday=305, tm_isdst=-1)",2022-11-01,2022,11,305,1,7
2022-11-01 01:10:05,40.765724,-111.909813,1287.3,-9999.0,-9999.0,-9999.0,13.71,17.9,10.76,46.97,6.0,2.0,13.78,27.0,872.7,0.0,15.2,1.82,32.5,835.2,-9999.0,-9999.0,-9999.0,-9999.0,-9999.0,-9999.0,-9999.0,0.0,0,0,"time.struct_time(tm_year=2022, tm_mon=11, tm_mday=1, tm_hour=1, tm_min=10, tm_sec=5, tm_wday=1, tm_yday=305, tm_isdst=-1)",2022-11-01,2022,11,305,1,10
2022-11-01 01:12:35,40.765717,-111.909805,1286.6,-9999.0,-9999.0,-9999.0,13.71,17.76,10.94,44.16,6.0,2.0,13.72,26.0,872.8,0.0,26.8,1.82,32.5,835.1,-9999.0,-9999.0,-9999.0,-9999.0,-9999.0,-9999.0,-9999.0,0.0,0,0,"time.struct_time(tm_year=2022, tm_mon=11, tm_mday=1, tm_hour=1, tm_min=12, tm_sec=35, tm_wday=1, tm_yday=305, tm_isdst=-1)",2022-11-01,2022,11,305,1,12
2022-11-01 01:15:05,40.765724,-111.909798,1286.5,-9999.0,-9999.0,-9999.0,13.73,17.62,11.16,42.03,7.0,2.0,13.78,26.0,872.8,0.0,28.3,1.81,32.5,835.2,-9999.0,-9999.0,-9999.0,-9999.0,-9999.0,-9999.0,-9999.0,0.0,0,0,"time.struct_time(tm_year=2022, tm_mon=11, tm_mday=1, tm_hour=1, tm_min=15, tm_sec=5, tm_wday=1, tm_yday=305, tm_isdst=-1)",2022-11-01,2022,11,305,1,15
2022-11-01 01:17:35,40.765717,-111.90979,1286.9,-9999.0,-9999.0,-9999.0,13.73,17.5,11.22,43.11,6.0,2.0,13.78,26.0,872.8,0.0,21.4,1.81,32.5,835.2,-9999.0,-9999.0,-9999.0,-9999.0,-9999.0,-9999.0,-9999.0,0.0,0,0,"time.struct_time(tm_year=2022, tm_mon=11, tm_mday=1, tm_hour=1, tm_min=17, tm_sec=35, tm_wday=1, tm_yday=305, tm_isdst=-1)",2022-11-01,2022,11,305,1,17
2022-11-01 01:20:05,40.765717,-111.909775,1286.6,-9999.0,-9999.0,-9999.0,13.74,17.37,11.24,42.99,8.0,2.0,13.78,26.0,873.0,0.0,24.1,1.81,32.5,835.2,-9999.0,-9999.0,-9999.0,-9999.0,-9999.0,-9999.0,-9999.0,0.0,0,0,"time.struct_time(tm_year=2022, tm_mon=11, tm_mday=1, tm_hour=1, tm_min=20, tm_sec=5, tm_wday=1, tm_yday=305, tm_isdst=-1)",2022-11-01,2022,11,305,1,20
2022-11-01 01:22:35,40.765709,-111.909775,1286.5,-9999.0,-9999.0,-9999.0,13.73,17.26,11.19,43.41,7.0,2.0,13.72,27.0,872.9,0.0,18.6,1.81,32.5,835.2,-9999.0,-9999.0,-9999.0,-9999.0,-9999.0,-9999.0,-9999.0,0.0,0,0,"time.struct_time(tm_year=2022, tm_mon=11, tm_mday=1, tm_hour=1, tm_min=22, tm_sec=35, tm_wday=1, tm_yday=305, tm_isdst=-1)",2022-11-01,2022,11,305,1,22
2022-11-01 01:25:05,40.765713,-111.909767,1286.0,-9999.0,-9999.0,-9999.0,13.73,17.17,11.14,44.84,8.0,2.0,13.78,27.0,872.7,0.0,18.0,1.82,32.5,835.3,-9999.0,-9999.0,-9999.0,-9999.0,-9999.0,-9999.0,-9999.0,0.0,0,0,"time.struct_time(tm_year=2022, tm_mon=11, tm_mday=1, tm_hour=1, tm_min=25, tm_sec=5, tm_wday=1, tm_yday=305, tm_isdst=-1)",2022-11-01,2022,11,305,1,25
2022-11-01 01:27:35,40.76572,-111.909767,1285.5,-9999.0,-9999.0,-9999.0,13.73,17.08,11.1,43.65,9.0,2.0,13.72,27.0,872.6,0.0,14.9,1.81,32.5,835.2,-9999.0,-9999.0,-9999.0,-9999.0,-9999.0,-9999.0,-9999.0,0.0,0,0,"time.struct_time(tm_year=2022, tm_mon=11, tm_mday=1, tm_hour=1, tm_min=27, tm_sec=35, tm_wday=1, tm_yday=305, tm_isdst=-1)",2022-11-01,2022,11,305,1,27
2022-11-01 01:30:05,40.765728,-111.90976,1284.7,-9999.0,-9999.0,-9999.0,13.73,17.0,11.08,41.02,9.0,2.0,13.72,27.0,872.7,0.0,14.3,1.82,32.5,835.2,-9999.0,-9999.0,-9999.0,-9999.0,-9999.0,-9999.0,-9999.0,0.0,0,0,"time.struct_time(tm_year=2022, tm_mon=11, tm_mday=1, tm_hour=1, tm_min=30, tm_sec=5, tm_wday=1, tm_yday=305, tm_isdst=-1)",2022-11-01,2022,11,305,1,30
2022-11-01 01:32:35,40.765728,-111.909752,1284.4,-9999.0,-9999.0,-9999.0,13.74,16.93,11.05,46.22,7.0,2.0,13.61,27.0,872.8,0.0,21.0,1.82,32.4,835.2,-9999.0,-9999.0,-9999.0,-9999.0,-9999.0,-9999.0,-9999.0,0.0,0,0,"time.struct_time(tm_year=2022, tm_mon=11, tm_mday=1, tm_hour=1, tm_min=32, tm_sec=35, tm_wday=1, tm_yday=305, tm_isdst=-1)",2022-11-01,2022,11,305,1,32
2022-11-01 01:35:05,40.765728,-111.90976,1282.9,-9999.0,-9999.0,-9999.0,13.74,16.86,11.1,40.62,8.0,2.0,13.61,27.0,872.7,0.0,18.9,1.81,32.4,835.2,-9999.0,-9999.0,-9999.0,-9999.0,-9999.0,-9999.0,-9999.0,0.0,0,0,"time.struct_time(tm_year=2022, tm_mon=11, tm_mday=1, tm_hour=1, tm_min=35, tm_sec=5, tm_wday=1, tm_yday=305, tm_isdst=-1)",2022-11-01,2022,11,305,1,35
2022-11-01 01:37:35,40.765728,-111.909752,1281.5,-9999.0,-9999.0,-9999.0,13.73,16.8,11.07,40.59,7.0,2.0,13.61,26.0,872.8,0.0,22.6,1.81,32.4,835.2,-9999.0,-9999.0,-9999.0,-9999.0,-9999.0,-9999.0,-9999.0,0.0,0,0,"time.struct_time(tm_year=2022, tm_mon=11, tm_mday=1, tm_hour=1, tm_min=37, tm_sec=35, tm_wday=1, tm_yday=305, tm_isdst=-1)",2022-11-01,2022,11,305,1,37
2022-11-01 01:40:05,40.765728,-111.909744,1281.7,-9999.0,-9999.0,-9999.0,13.74,16.75,11.09,40.67,6.0,2.0,13.5,27.0,872.7,0.0,19.3,1.82,32.4,835.2,-9999.0,-9999.0,-9999.0,-9999.0,-9999.0,-9999.0,-9999.0,0.0,0,0,"time.struct_time(tm_year=2022, tm_mon=11, tm_mday=1, tm_hour=1, tm_min=40, tm_sec=5, tm_wday=1, tm_yday=305, tm_isdst=-1)",2022-11-01,2022,11,305,1,40
2022-11-01 01:42:35,40.765732,-111.909744,1282.4,-9999.0,-9999.0,-9999.0,13.74,16.7,11.13,44.37,7.0,2.0,13.5,27.0,872.8,0.0,5.7,1.81,32.3,835.1,-9999.0,-9999.0,-9999.0,-9999.0,-9999.0,-9999.0,-9999.0,0.0,0,0,"time.struct_time(tm_year=2022, tm_mon=11, tm_mday=1, tm_hour=1, tm_min=42, tm_sec=35, tm_wday=1, tm_yday=305, tm_isdst=-1)",2022-11-01,2022,11,305,1,42
2022-11-01 01:45:05,40.765728,-111.909744,1283.2,-9999.0,-9999.0,-9999.0,13.73,16.66,11.18,47.94,8.0,2.0,13.5,27.0,872.7,0.0,5.7,1.81,32.3,835.1,-9999.0,-9999.0,-9999.0,-9999.0,-9999.0,-9999.0,-9999.0,0.0,0,0,"time.struct_time(tm_year=2022, tm_mon=11, tm_mday=1, tm_hour=1, tm_min=45, tm_sec=5, tm_wday=1, tm_yday=305, tm_isdst=-1)",2022-11-01,2022,11,305,1,45
2022-11-01 01:47:35,40.765732,-111.909737,1283.7,-9999.0,-9999.0,-9999.0,13.74,16.63,11.27,42.79,8.0,2.0,13.5,28.0,872.8,0.0,6.6,1.81,32.3,835.1,-9999.0,-9999.0,-9999.0,-9999.0,-9999.0,-9999.0,-9999.0,0.0,0,0,"time.struct_time(tm_year=2022, tm_mon=11, tm_mday=1, tm_hour=1, tm_min=47, tm_sec=35, tm_wday=1, tm_yday=305, tm_isdst=-1)",2022-11-01,2022,11,305,1,47
2022-11-01 01:50:05,40.765739,-111.909744,1283.1,-9999.0,-9999.0,-9999.0,13.73,16.59,11.3,43.31,8.0,2.0,13.39,28.0,872.7,0.0,2.2,1.82,32.3,835.1,-9999.0,-9999.0,-9999.0,-9999.0,-9999.0,-9999.0,-9999.0,0.0,0,0,"time.struct_time(tm_year=2022, tm_mon=11, tm_mday=1, tm_hour=1, tm_min=50, tm_sec=5, tm_wday=1, tm_yday=305, tm_isdst=-1)",2022-11-01,2022,11,305,1,50
2022-11-01 01:52:35,40.76572,-111.909752,1283.5,-9999.0,-9999.0,-9999.0,13.73,16.57,11.35,42.59,9.0,2.0,13.39,28.0,872.7,0.0,3.6,1.81,32.3,835.2,-9999.0,-9999.0,-9999.0,-9999.0,-9999.0,-9999.0,-9999.0,0.0,0,0,"time.struct_time(tm_year=2022, tm_mon=11, tm_mday=1, tm_hour=1, tm_min=52, tm_sec=35, tm_wday=1, tm_yday=305, tm_isdst=-1)",2022-11-01,2022,11,305,1,52
2022-11-01 13:16:30,40.765732,-111.909721,1280.5,-9999.0,-9999.0,-9999.0,13.88,9.26,9.43,38.18,3.0,2.0,6.89,37.0,869.2,0.0,37.4,1.7,11.3,831.4,-9999.0,-9999.0,-9999.0,-9999.0,-9999.0,-9999.0,-9999.0,0.0,0,1,"time.struct_time(tm_year=2022, tm_mon=11, tm_mday=1, tm_hour=13, tm_min=16, tm_sec=30, tm_wday=1, tm_yday=305, tm_isdst=-1)",2022-11-01,2022,11,305,1,16
2022-11-01 13:19:00,40.765808,-111.909622,1300.2,-9999.0,-9999.0,-9999.0,13.88,9.3,9.49,37.87,3.0,2.0,6.89,39.0,869.1,0.0,22.9,1.71,12.8,831.7,-9999.0,-9999.0,-9999.0,-9999.0,-9999.0,-9999.0,-9999.0,0.0,0,1,"time.struct_time(tm_year=2022, tm_mon=11, tm_mday=1, tm_hour=13, tm_min=19, tm_sec=0, tm_wday=1, tm_yday=305, tm_isdst=-1)",2022-11-01,2022,11,305,1,19
2022-11-01 13:21:30,40.765739,-111.909637,1280.4,-9999.0,-9999.0,-9999.0,13.88,9.36,9.61,37.74,2.0,2.0,7.0,39.0,869.5,0.0,17.1,1.71,14.1,831.6,-9999.0,-9999.0,-9999.0,-9999.0,-9999.0,-9999.0,-9999.0,0.0,0,1,"time.struct_time(tm_year=2022, tm_mon=11, tm_mday=1, tm_hour=13, tm_min=21, tm_sec=30, tm_wday=1, tm_yday=305, tm_isdst=-1)",2022-11-01,2022,11,305,1,21
2022-11-01 13:24:00,40.765793,-111.909325,1284.9,-9999.0,-9999.0,-9999.0,13.88,9.47,9.64,37.34,3.0,2.0,7.22,39.0,869.2,0.0,25.5,1.72,15.2,831.7,-9999.0,-9999.0,-9999.0,-9999.0,-9999.0,-9999.0,-9999.0,0.0,0,1,"time.struct_time(tm_year=2022, tm_mon=11, tm_mday=1, tm_hour=13, tm_min=24, tm_sec=0, tm_wday=1, tm_yday=305, tm_isdst=-1)",2022-11-01,2022,11,305,1,24
2022-11-01 13:26:30,40.763515,-111.909386,1296.3,-9999.0,-9999.0,-9999.0,13.88,9.59,9.7,37.16,3.0,2.0,7.28,39.0,869.2,0.0,20.4,1.73,16.2,831.5,-9999.0,-9999.0,-9999.0,-9999.0,-9999.0,-9999.0,-9999.0,0.0,0,1,"time.struct_time(tm_year=2022, tm_mon=11, tm_mday=1, tm_hour=13, tm_min=26, tm_sec=30, tm_wday=1, tm_yday=305, tm_isdst=-1)",2022-11-01,2022,11,305,1,26
2022-11-01 13:29:00,40.763515,-111.909386,1296.1,-9999.0,-9999.0,-9999.0,13.84,9.74,9.72,36.86,3.0,2.0,7.5,38.0,869.2,0.0,24.1,1.72,17.1,831.6,-9999.0,-9999.0,-9999.0,-9999.0,-9999.0,-9999.0,-9999.0,0.0,0,1,"time.struct_time(tm_year=2022, tm_mon=11, tm_mday=1, tm_hour=13, tm_min=29, tm_sec=0, tm_wday=1, tm_yday=305, tm_isdst=-1)",2022-11-01,2022,11,305,1,29
2022-11-01 13:31:30,40.763519,-111.909386,1296.0,-9999.0,-9999.0,-9999.0,13.84,9.89,9.72,37.04,3.0,2.0,7.61,38.0,869.5,0.0,19.7,1.72,17.8,831.5,-9999.0,-9999.0,-9999.0,-9999.0,-9999.0,-9999.0,-9999.0,0.0,0,0,"time.struct_time(tm_year=2022, tm_mon=11, tm_mday=1, tm_hour=13, tm_min=31, tm_sec=30, tm_wday=1, tm_yday=305, tm_isdst=-1)",2022-11-01,2022,11,305,1,31
2022-11-01 13:35:05,40.763519,-111.909386,1295.9,-9999.0,-9999.0,-9999.0,13.84,10.1,9.72,36.86,3.0,2.0,7.72,37.0,869.2,0.0,24.8,1.74,18.9,831.5,-9999.0,-9999.0,-9999.0,-9999.0,-9999.0,-9999.0,-9999.0,0.0,0,0,"time.struct_time(tm_year=2022, tm_mon=11, tm_mday=1, tm_hour=13, tm_min=35, tm_sec=5, tm_wday=1, tm_yday=305, tm_isdst=-1)",2022-11-01,2022,11,305,1,35
2022-11-01 13:37:35,40.763519,-111.909386,1295.9,-9999.0,-9999.0,-9999.0,13.84,10.24,9.7,37.17,2.0,2.0,7.78,37.0,869.3,0.0,20.5,1.73,19.5,831.6,-9999.0,-9999.0,-9999.0,-9999.0,-9999.0,-9999.0,-9999.0,0.0,0,0,"time.struct_time(tm_year=2022, tm_mon=11, tm_mday=1, tm_hour=13, tm_min=37, tm_sec=35, tm_wday=1, tm_yday=305, tm_isdst=-1)",2022-11-01,2022,11,305,1,37
2022-11-01 13:40:05,40.763523,-111.909386,1295.9,-9999.0,-9999.0,-9999.0,13.84,10.37,9.7,36.74,2.0,2.0,7.89,37.0,869.2,0.0,17.7,1.75,20.1,831.3,-9999.0,-9999.0,-9999.0,-9999.0,-9999.0,-9999.0,-9999.0,0.0,0,0,"time.struct_time(tm_year=2022, tm_mon=11, tm_mday=1, tm_hour=13, tm_min=40, tm_sec=5, tm_wday=1, tm_yday=305, tm_isdst=-1)",2022-11-01,2022,11,305,1,40
2022-11-01 13:42:35,40.763527,-111.909386,1296.0,-9999.0,-9999.0,-9999.0,13.84,10.5,9.76,36.13,3.0,2.0,8.0,36.0,869.1,0.0,27.3,1.75,20.6,831.5,-9999.0,-9999.0,-9999.0,-9999.0,-9999.0,-9999.0,-9999.0,0.0,0,0,"time.struct_time(tm_year=2022, tm_mon=11, tm_mday=1, tm_hour=13, tm_min=42, tm_sec=35, tm_wday=1, tm_yday=305, tm_isdst=-1)",2022-11-01,2022,11,305,1,42
2022-11-01 13:45:05,40.763531,-111.909386,1296.0,-9999.0,-9999.0,-9999.0,13.84,10.63,9.84,35.82,3.0,2.0,8.11,36.0,869.3,0.0,20.2,1.76,21.1,831.4,-9999.0,-9999.0,-9999.0,-9999.0,-9999.0,-9999.0,-9999.0,0.0,0,0,"time.struct_time(tm_year=2022, tm_mon=11, tm_mday=1, tm_hour=13, tm_min=45, tm_sec=5, tm_wday=1, tm_yday=305, tm_isdst=-1)",2022-11-01,2022,11,305,1,45
2022-11-01 13:47:35,40.763531,-111.909386,1295.9,-9999.0,-9999.0,-9999.0,13.84,10.75,9.96,35.68,2.0,2.0,8.22,35.0,869.2,0.0,26.0,1.76,21.6,831.5,-9999.0,-9999.0,-9999.0,-9999.0,-9999.0,-9999.0,-9999.0,0.0,0,0,"time.struct_time(tm_year=2022, tm_mon=11, tm_mday=1, tm_hour=13, tm_min=47, tm_sec=35, tm_wday=1, tm_yday=305, tm_isdst=-1)",2022-11-01,2022,11,305,1,47
2022-11-01 13:50:05,40.763527,-111.909393,1295.8,-9999.0,-9999.0,-9999.0,13.84,10.87,9.98,35.95,3.0,2.0,8.28,35.0,869.0,0.0,25.0,1.76,22.0,831.3,-9999.0,-9999.0,-9999.0,-9999.0,-9999.0,-9999.0,-9999.0,0.0,0,0,"time.struct_time(tm_year=2022, tm_mon=11, tm_mday=1, tm_hour=13, tm_min=50, tm_sec=5, tm_wday=1, tm_yday=305, tm_isdst=-1)",2022-11-01,2022,11,305,1,50
2022-11-01 13:52:35,40.763531,-111.909393,1295.6,-9999.0,-9999.0,-9999.0,13.84,10.99,9.98,35.91,2.0,2.0,8.39,35.0,869.2,0.0,25.5,1.75,22.4,831.5,-9999.0,-9999.0,-9999.0,-9999.0,-9999.0,-9999.0,-9999.0,0.0,0,0,"time.struct_time(tm_year=2022, tm_mon=11, tm_mday=1, tm_hour=13, tm_min=52, tm_sec=35, tm_wday=1, tm_yday=305, tm_isdst=-1)",2022-11-01,2022,11,305,1,52
2022-11-01 13:55:05,40.763527,-111.909393,1295.7,-9999.0,-9999.0,-9999.0,13.84,11.1,9.96,35.98,2.0,2.0,8.5,35.0,869.1,0.0,20.9,1.76,22.8,831.3,-9999.0,-9999.0,-9999.0,-9999.0,-9999.0,-9999.0,-9999.0,0.0,0,0,"time.struct_time(tm_year=2022, tm_mon=11, tm_mday=1, tm_hour=13, tm_min=55, tm_sec=5, tm_wday=1, tm_yday=305, tm_isdst=-1)",2022-11-01,2022,11,305,1,55
2022-11-01 13:57:35,40.763531,-111.909393,1295.7,-9999.0,-9999.0,-9999.0,13.84,11.21,9.96,36.66,3.0,2.0,8.61,35.0,869.2,0.0,18.4,1.76,23.2,831.5,-9999.0,-9999.0,-9999.0,-9999.0,-9999.0,-9999.0,-9999.0,0.0,0,1,"time.struct_time(tm_year=2022, tm_mon=11, tm_mday=1, tm_hour=13, tm_min=57, tm_sec=35, tm_wday=1, tm_yday=305, tm_isdst=-1)",2022-11-01,2022,11,305,1,57
2022-11-01 14:00:05,40.763531,-111.909401,1295.7,-9999.0,-9999.0,-9999.0,13.84,11.31,9.94,37.0,3.0,2.0,8.72,34.0,869.2,0.0,15.6,1.77,23.5,831.5,-9999.0,-9999.0,-9999.0,-9999.0,-9999.0,-9999.0,-9999.0,0.0,0,1,"time.struct_time(tm_year=2022, tm_mon=11, tm_mday=1, tm_hour=14, tm_min=0, tm_sec=5, tm_wday=1, tm_yday=305, tm_isdst=-1)",2022-11-01,2022,11,305,1,0
2022-11-01 14:02:35,40.765507,-111.909828,1295.7,-9999.0,-9999.0,-9999.0,13.84,11.41,9.82,36.92,3.0,2.0,8.72,34.0,869.0,0.0,23.3,1.76,23.8,831.4,-9999.0,-9999.0,-9999.0,-9999.0,-9999.0,-9999.0,-9999.0,0.0,0,1,"time.struct_time(tm_year=2022, tm_mon=11, tm_mday=1, tm_hour=14, tm_min=2, tm_sec=35, tm_wday=1, tm_yday=305, tm_isdst=-1)",2022-11-01,2022,11,305,1,2
2022-11-01 14:05:05,40.765518,-111.909714,1294.4,-9999.0,-9999.0,-9999.0,13.84,11.51,9.82,36.88,4.0,2.0,8.78,34.0,868.9,0.0,15.4,1.77,24.1,831.2,-9999.0,-9999.0,-9999.0,-9999.0,-9999.0,-9999.0,-9999.0,0.0,0,1,"time.struct_time(tm_year=2022, tm_mon=11, tm_mday=1, tm_hour=14, tm_min=5, tm_sec=5, tm_wday=1, tm_yday=305, tm_isdst=-1)",2022-11-01,2022,11,305,1,5
2022-11-01 14:07:35,40.765518,-111.909714,1294.4,-9999.0,-9999.0,-9999.0,13.84,11.6,9.82,36.6,2.0,2.0,8.89,33.0,869.2,0.0,6.5,1.77,24.4,831.4,-9999.0,-9999.0,-9999.0,-9999.0,-9999.0,-9999.0,-9999.0,0.0,0,1,"time.struct_time(tm_year=2022, tm_mon=11, tm_mday=1, tm_hour=14, tm_min=7, tm_sec=35, tm_wday=1, tm_yday=305, tm_isdst=-1)",2022-11-01,2022,11,305,1,7
2022-11-01 14:10:05,40.765518,-111.909721,1294.3,-9999.0,-9999.0,-9999.0,13.8,11.69,9.86,36.62,3.0,2.0,8.89,33.0,868.9,0.0,10.6,1.76,24.6,831.3,-9999.0,-9999.0,-9999.0,-9999.0,-9999.0,-9999.0,-9999.0,0.0,0,1,"time.struct_time(tm_year=2022, tm_mon=11, tm_mday=1, tm_hour=14, tm_min=10, tm_sec=5, tm_wday=1, tm_yday=305, tm_isdst=-1)",2022-11-01,2022,11,305,1,10
2022-11-01 14:12:35,40.765518,-111.909721,1294.2,-9999.0,-9999.0,-9999.0,13.81,11.77,9.88,35.29,3.0,2.0,9.0,32.0,869.0,0.0,23.1,1.78,24.9,831.4,-9999.0,-9999.0,-9999.0,-9999.0,-9999.0,-9999.0,-9999.0,0.0,0,1,"time.struct_time(tm_year=2022, tm_mon=11, tm_mday=1, tm_hour=14, tm_min=12, tm_sec=35, tm_wday=1, tm_yday=305, tm_isdst=-1)",2022-11-01,2022,11,305,1,12
2022-11-01 14:26:10,40.765522,-111.909729,1293.3,-9999.0,-9999.0,-9999.0,13.81,12.21,10.26,33.94,4.0,2.0,9.5,31.0,868.9,0.0,25.1,1.78,25.9,831.4,-9999.0,-9999.0,-9999.0,-9999.0,-9999.0,-9999.0,-9999.0,0.0,0,1,"time.struct_time(tm_year=2022, tm_mon=11, tm_mday=1, tm_hour=14, tm_min=26, tm_sec=10, tm_wday=1, tm_yday=305, tm_isdst=-1)",2022-11-01,2022,11,305,1,26
2022-11-01 14:28:40,40.765522,-111.909729,1293.1,-9999.0,-9999.0,-9999.0,13.81,12.29,10.26,33.58,3.0,2.0,9.61,31.0,869.2,0.0,20.3,1.79,26.2,831.5,-9999.0,-9999.0,-9999.0,-9999.0,-9999.0,-9999.0,-9999.0,0.0,0,1,"time.struct_time(tm_year=2022, tm_mon=11, tm_mday=1, tm_hour=14, tm_min=28, tm_sec=40, tm_wday=1, tm_yday=305, tm_isdst=-1)",2022-11-01,2022,11,305,1,28
2022-11-01 14:31:25,40.765522,-111.909729,1293.1,-9999.0,-9999.0,-9999.0,13.81,12.38,10.28,33.75,3.0,2.0,9.72,30.0,869.0,0.0,23.9,1.78,26.4,831.4,-9999.0,-9999.0,-9999.0,-9999.0,-9999.0,-9999.0,-9999.0,0.0,0,1,"time.struct_time(tm_year=2022, tm_mon=11, tm_mday=1, tm_hour=14, tm_min=31, tm_sec=25, tm_wday=1, tm_yday=305, tm_isdst=-1)",2022-11-01,2022,11,305,1,31
2022-11-01 14:33:55,40.765518,-111.909729,1292.8,-9999.0,-9999.0,-9999.0,13.8,12.45,10.32,33.52,3.0,2.0,9.72,30.0,868.9,0.0,22.2,1.8,26.5,831.5,-9999.0,-9999.0,-9999.0,-9999.0,-9999.0,-9999.0,-9999.0,0.0,0,1,"time.struct_time(tm_year=2022, tm_mon=11, tm_mday=1, tm_hour=14, tm_min=33, tm_sec=55, tm_wday=1, tm_yday=305, tm_isdst=-1)",2022-11-01,2022,11,305,1,33
2022-11-01 14:36:25,40.765518,-111.909729,1292.6,-9999.0,-9999.0,-9999.0,13.81,12.53,10.36,33.24,3.0,2.0,9.78,30.0,869.0,0.0,29.6,1.79,26.7,831.2,-9999.0,-9999.0,-9999.0,-9999.0,-9999.0,-9999.0,-9999.0,0.0,0,1,"time.struct_time(tm_year=2022, tm_mon=11, tm_mday=1, tm_hour=14, tm_min=36, tm_sec=25, tm_wday=1, tm_yday=305, tm_isdst=-1)",2022-11-01,2022,11,305,1,36
2022-11-01 14:38:55,40.765518,-111.909729,1292.4,-9999.0,-9999.0,-9999.0,13.81,12.6,10.38,33.52,3.0,2.0,9.89,30.0,868.9,0.0,23.8,1.79,26.9,831.5,-9999.0,-9999.0,-9999.0,-9999.0,-9999.0,-9999.0,-9999.0,0.0,0,1,"time.struct_time(tm_year=2022, tm_mon=11, tm_mday=1, tm_hour=14, tm_min=38, tm_sec=55, tm_wday=1, tm_yday=305, tm_isdst=-1)",2022-11-01,2022,11,305,1,38
2022-11-01 14:41:25,40.765518,-111.909729,1292.1,-9999.0,-9999.0,-9999.0,13.81,12.67,10.4,33.3,3.0,2.0,10.0,29.0,868.8,0.0,18.9,1.79,26.9,831.3,-9999.0,-9999.0,-9999.0,-9999.0,-9999.0,-9999.0,-9999.0,0.0,0,1,"time.struct_time(tm_year=2022, tm_mon=11, tm_mday=1, tm_hour=14, tm_min=41, tm_sec=25, tm_wday=1, tm_yday=305, tm_isdst=-1)",2022-11-01,2022,11,305,1,41
2022-11-01 14:43:55,40.765518,-111.909737,1292.1,-9999.0,-9999.0,-9999.0,13.81,12.74,10.44,32.76,3.0,2.0,10.0,29.0,868.9,0.0,25.4,1.79,27.1,831.5,-9999.0,-9999.0,-9999.0,-9999.0,-9999.0,-9999.0,-9999.0,0.0,0,1,"time.struct_time(tm_year=2022, tm_mon=11, tm_mday=1, tm_hour=14, tm_min=43, tm_sec=55, tm_wday=1, tm_yday=305, tm_isdst=-1)",2022-11-01,2022,11,305,1,43
2022-11-01 14:46:25,40.765522,-111.909737,1291.9,-9999.0,-9999.0,-9999.0,13.81,12.81,10.54,32.73,3.0,2.0,10.11,29.0,868.9,0.0,20.8,1.8,27.3,831.4,-9999.0,-9999.0,-9999.0,-9999.0,-9999.0,-9999.0,-9999.0,0.0,0,1,"time.struct_time(tm_year=2022, tm_mon=11, tm_mday=1, tm_hour=14, tm_min=46, tm_sec=25, tm_wday=1, tm_yday=305, tm_isdst=-1)",2022-11-01,2022,11,305,1,46
2022-11-01 14:48:55,40.765518,-111.909737,1291.6,-9999.0,-9999.0,-9999.0,13.8,12.88,10.58,32.22,3.0,2.0,10.22,29.0,869.0,0.0,21.4,1.8,27.4,831.5,-9999.0,-9999.0,-9999.0,-9999.0,-9999.0,-9999.0,-9999.0,0.0,0,1,"time.struct_time(tm_year=2022, tm_mon=11, tm_mday=1, tm_hour=14, tm_min=48, tm_sec=55, tm_wday=1, tm_yday=305, tm_isdst=-1)",2022-11-01,2022,11,305,1,48
2022-11-01 14:51:25,40.765522,-111.909729,1291.2,-9999.0,-9999.0,-9999.0,13.8,12.95,10.66,32.26,3.0,2.0,10.28,28.0,869.0,0.0,8.2,1.79,27.5,831.2,-9999.0,-9999.0,-9999.0,-9999.0,-9999.0,-9999.0,-9999.0,0.0,0,1,"time.struct_time(tm_year=2022, tm_mon=11, tm_mday=1, tm_hour=14, tm_min=51, tm_sec=25, tm_wday=1, tm_yday=305, tm_isdst=-1)",2022-11-01,2022,11,305,1,51
2022-11-01 14:54:20,40.765522,-111.909729,1290.8,-9999.0,-9999.0,-9999.0,13.8,13.04,10.72,31.84,3.0,2.0,10.28,28.0,869.1,0.0,18.2,1.79,27.6,831.4,-9999.0,-9999.0,-9999.0,-9999.0,-9999.0,-9999.0,-9999.0,0.0,0,1,"time.struct_time(tm_year=2022, tm_mon=11, tm_mday=1, tm_hour=14, tm_min=54, tm_sec=20, tm_wday=1, tm_yday=305, tm_isdst=-1)",2022-11-01,2022,11,305,1,54
2022-11-01 14:56:50,40.765522,-111.909729,1290.7,-9999.0,-9999.0,-9999.0,13.8,13.11,10.76,32.08,3.0,2.0,10.39,28.0,869.0,0.0,12.4,1.78,27.8,831.3,-9999.0,-9999.0,-9999.0,-9999.0,-9999.0,-9999.0,-9999.0,0.0,0,1,"time.struct_time(tm_year=2022, tm_mon=11, tm_mday=1, tm_hour=14, tm_min=56, tm_sec=50, tm_wday=1, tm_yday=305, tm_isdst=-1)",2022-11-01,2022,11,305,1,56
2022-11-01 14:59:20,40.765518,-111.909721,1290.6,-9999.0,-9999.0,-9999.0,13.81,13.18,10.81,32.18,2.0,2.0,10.5,28.0,869.0,0.0,5.5,1.8,27.9,831.4,-9999.0,-9999.0,-9999.0,-9999.0,-9999.0,-9999.0,-9999.0,0.0,0,1,"time.struct_time(tm_year=2022, tm_mon=11, tm_mday=1, tm_hour=14, tm_min=59, tm_sec=20, tm_wday=1, tm_yday=305, tm_isdst=-1)",2022-11-01,2022,11,305,1,59
2022-11-01 15:02:05,40.765518,-111.909721,1290.5,-9999.0,-9999.0,-9999.0,13.81,13.26,10.82,32.18,4.0,2.0,10.5,28.0,869.1,0.0,15.4,1.79,28.0,831.5,-9999.0,-9999.0,-9999.0,-9999.0,-9999.0,-9999.0,-9999.0,0.0,0,1,"time.struct_time(tm_year=2022, tm_mon=11, tm_mday=1, tm_hour=15, tm_min=2, tm_sec=5, tm_wday=1, tm_yday=305, tm_isdst=-1)",2022-11-01,2022,11,305,1,2
2022-11-01 15:04:35,40.765522,-111.909721,1290.5,-9999.0,-9999.0,-9999.0,13.8,13.34,10.85,32.21,3.0,2.0,10.61,28.0,869.1,0.0,9.9,1.8,28.1,831.6,-9999.0,-9999.0,-9999.0,-9999.0,-9999.0,-9999.0,-9999.0,0.0,0,1,"time.struct_time(tm_year=2022, tm_mon=11, tm_mday=1, tm_hour=15, tm_min=4, tm_sec=35, tm_wday=1, tm_yday=305, tm_isdst=-1)",2022-11-01,2022,11,305,1,4
2022-11-01 15:07:05,40.765522,-111.909721,1290.5,-9999.0,-9999.0,-9999.0,13.8,13.41,10.86,32.0,3.0,2.0,10.72,28.0,869.0,0.0,8.8,1.81,28.2,831.4,-9999.0,-9999.0,-9999.0,-9999.0,-9999.0,-9999.0,-9999.0,0.0,0,1,"time.struct_time(tm_year=2022, tm_mon=11, tm_mday=1, tm_hour=15, tm_min=7, tm_sec=5, tm_wday=1, tm_yday=305, tm_isdst=-1)",2022-11-01,2022,11,305,1,7
2022-11-01 15:09:35,40.765522,-111.909721,1290.6,-9999.0,-9999.0,-9999.0,13.8,13.48,10.93,31.97,3.0,2.0,10.72,28.0,869.1,0.0,15.2,1.8,28.3,831.5,-9999.0,-9999.0,-9999.0,-9999.0,-9999.0,-9999.0,-9999.0,0.0,0,1,"time.struct_time(tm_year=2022, tm_mon=11, tm_mday=1, tm_hour=15, tm_min=9, tm_sec=35, tm_wday=1, tm_yday=305, tm_isdst=-1)",2022-11-01,2022,11,305,1,9
2022-11-01 15:12:05,40.765522,-111.909721,1290.8,-9999.0,-9999.0,-9999.0,13.81,13.54,10.97,32.11,5.0,2.0,10.78,28.0,869.1,0.0,8.9,1.8,28.4,831.5,-9999.0,-9999.0,-9999.0,-9999.0,-9999.0,-9999.0,-9999.0,0.0,0,1,"time.struct_time(tm_year=2022, tm_mon=11, tm_mday=1, tm_hour=15, tm_min=12, tm_sec=5, tm_wday=1, tm_yday=305, tm_isdst=-1)",2022-11-01,2022,11,305,1,12
2022-11-01 15:14:35,40.771244,-111.908211,1293.0,-9999.0,-9999.0,-9999.0,13.8,13.61,10.94,32.25,7.0,2.0,10.89,27.0,868.8,0.0,10.9,1.8,28.5,831.3,-9999.0,-9999.0,-9999.0,-9999.0,-9999.0,-9999.0,-9999.0,0.0,0,1,"time.struct_time(tm_year=2022, tm_mon=11, tm_mday=1, tm_hour=15, tm_min=14, tm_sec=35, tm_wday=1, tm_yday=305, tm_isdst=-1)",2022-11-01,2022,11,305,1,14
2022-11-01 15:18:15,40.771572,-111.891098,1329.5,-9999.0,-9999.0,-9999.0,13.81,13.7,11.16,29.34,49.0,2.0,10.89,27.0,865.9,0.0,17.7,1.8,28.6,828.2,-9999.0,-9999.0,-9999.0,-9999.0,-9999.0,-9999.0,-9999.0,0.0,0,0,"time.struct_time(tm_year=2022, tm_mon=11, tm_mday=1, tm_hour=15, tm_min=18, tm_sec=15, tm_wday=1, tm_yday=305, tm_isdst=-1)",2022-11-01,2022,11,305,1,18
2022-11-01 15:20:45,40.777176,-111.8862,1382.3,-9999.0,-9999.0,-9999.0,13.8,13.77,11.16,32.32,4.0,2.0,11.0,27.0,859.7,0.0,22.4,1.83,28.7,822.4,-9999.0,-9999.0,-9999.0,-9999.0,-9999.0,-9999.0,-9999.0,0.0,0,0,"time.struct_time(tm_year=2022, tm_mon=11, tm_mday=1, tm_hour=15, tm_min=20, tm_sec=45, tm_wday=1, tm_yday=305, tm_isdst=-1)",2022-11-01,2022,11,305,1,20
2022-11-01 15:23:15,40.777008,-111.886986,1381.2,-9999.0,-9999.0,-9999.0,13.81,13.84,11.06,30.85,3.0,2.0,11.11,27.0,859.9,0.0,19.3,1.82,28.8,822.4,-9999.0,-9999.0,-9999.0,-9999.0,-9999.0,-9999.0,-9999.0,0.0,0,0,"time.struct_time(tm_year=2022, tm_mon=11, tm_mday=1, tm_hour=15, tm_min=23, tm_sec=15, tm_wday=1, tm_yday=305, tm_isdst=-1)",2022-11-01,2022,11,305,1,23
2022-11-01 15:25:45,40.776821,-111.887871,1383.5,-9999.0,-9999.0,-9999.0,13.81,13.9,11.06,30.41,2.0,2.0,11.22,26.0,859.9,0.0,19.5,1.82,28.9,822.2,-9999.0,-9999.0,-9999.0,-9999.0,-9999.0,-9999.0,-9999.0,0.0,0,0,"time.struct_time(tm_year=2022, tm_mon=11, tm_mday=1, tm_hour=15, tm_min=25, tm_sec=45, tm_wday=1, tm_yday=305, tm_isdst=-1)",2022-11-01,2022,11,305,1,25
2022-11-01 15:28:15,40.776821,-111.887878,1383.5,-9999.0,-9999.0,-9999.0,13.81,13.97,11.1,29.91,2.0,2.0,11.22,26.0,859.8,0.0,19.6,1.81,29.0,822.3,-9999.0,-9999.0,-9999.0,-9999.0,-9999.0,-9999.0,-9999.0,0.0,0,0,"time.struct_time(tm_year=2022, tm_mon=11, tm_mday=1, tm_hour=15, tm_min=28, tm_sec=15, tm_wday=1, tm_yday=305, tm_isdst=-1)",2022-11-01,2022,11,305,1,28
2022-11-01 15:30:45,40.776821,-111.887878,1383.7,-9999.0,-9999.0,-9999.0,13.81,14.02,11.17,29.74,2.0,2.0,11.22,26.0,859.8,0.0,26.2,1.82,29.0,822.3,-9999.0,-9999.0,-9999.0,-9999.0,-9999.0,-9999.0,-9999.0,0.0,0,0,"time.struct_time(tm_year=2022, tm_mon=11, tm_mday=1, tm_hour=15, tm_min=30, tm_sec=45, tm_wday=1, tm_yday=305, tm_isdst=-1)",2022-11-01,2022,11,305,1,30
2022-11-01 15:33:15,40.776821,-111.887878,1383.7,-9999.0,-9999.0,-9999.0,13.8,14.08,11.27,29.93,2.0,2.0,11.28,26.0,859.6,0.0,24.8,1.82,29.1,822.3,-9999.0,-9999.0,-9999.0,-9999.0,-9999.0,-9999.0,-9999.0,0.0,0,0,"time.struct_time(tm_year=2022, tm_mon=11, tm_mday=1, tm_hour=15, tm_min=33, tm_sec=15, tm_wday=1, tm_yday=305, tm_isdst=-1)",2022-11-01,2022,11,305,1,33
2022-11-01 15:35:45,40.776871,-111.88784,1384.6,-9999.0,-9999.0,-9999.0,13.81,14.13,11.34,29.14,2.0,2.0,11.28,25.0,859.6,0.0,19.9,1.83,29.2,822.2,-9999.0,-9999.0,-9999.0,-9999.0,-9999.0,-9999.0,-9999.0,0.0,0,0,"time.struct_time(tm_year=2022, tm_mon=11, tm_mday=1, tm_hour=15, tm_min=35, tm_sec=45, tm_wday=1, tm_yday=305, tm_isdst=-1)",2022-11-01,2022,11,305,1,35
2022-11-01 15:38:15,40.776882,-111.887833,1385.2,-9999.0,-9999.0,-9999.0,13.8,14.19,11.42,29.04,3.0,2.0,11.39,25.0,859.6,0.0,23.0,1.82,29.3,822.3,-9999.0,-9999.0,-9999.0,-9999.0,-9999.0,-9999.0,-9999.0,0.0,0,0,"time.struct_time(tm_year=2022, tm_mon=11, tm_mday=1, tm_hour=15, tm_min=38, tm_sec=15, tm_wday=1, tm_yday=305, tm_isdst=-1)",2022-11-01,2022,11,305,1,38
2022-11-01 15:40:45,40.776882,-111.887833,1385.1,-9999.0,-9999.0,-9999.0,13.81,14.25,11.54,29.04,2.0,2.0,11.5,25.0,859.5,0.0,21.2,1.81,29.3,822.2,-9999.0,-9999.0,-9999.0,-9999.0,-9999.0,-9999.0,-9999.0,0.0,0,0,"time.struct_time(tm_year=2022, tm_mon=11, tm_mday=1, tm_hour=15, tm_min=40, tm_sec=45, tm_wday=1, tm_yday=305, tm_isdst=-1)",2022-11-01,2022,11,305,1,40
2022-11-01 15:43:15,40.776878,-111.887833,1385.1,-9999.0,-9999.0,-9999.0,13.8,14.31,11.54,28.54,2.0,2.0,11.5,25.0,859.6,0.0,27.6,1.82,29.4,822.3,-9999.0,-9999.0,-9999.0,-9999.0,-9999.0,-9999.0,-9999.0,0.0,0,0,"time.struct_time(tm_year=2022, tm_mon=11, tm_mday=1, tm_hour=15, tm_min=43, tm_sec=15, tm_wday=1, tm_yday=305, tm_isdst=-1)",2022-11-01,2022,11,305,1,43
2022-11-01 15:45:45,40.776947,-111.887779,1385.3,-9999.0,-9999.0,-9999.0,13.77,14.37,11.59,29.28,3.0,2.0,11.61,25.0,859.7,0.0,21.3,1.81,29.5,822.3,-9999.0,-9999.0,-9999.0,-9999.0,-9999.0,-9999.0,-9999.0,0.0,0,0,"time.struct_time(tm_year=2022, tm_mon=11, tm_mday=1, tm_hour=15, tm_min=45, tm_sec=45, tm_wday=1, tm_yday=305, tm_isdst=-1)",2022-11-01,2022,11,305,1,45
2022-11-01 15:48:15,40.776951,-111.887779,1385.0,-9999.0,-9999.0,-9999.0,13.77,14.44,11.66,28.35,2.0,2.0,11.72,25.0,859.7,0.0,23.6,1.81,29.6,822.4,-9999.0,-9999.0,-9999.0,-9999.0,-9999.0,-9999.0,-9999.0,0.0,0,0,"time.struct_time(tm_year=2022, tm_mon=11, tm_mday=1, tm_hour=15, tm_min=48, tm_sec=15, tm_wday=1, tm_yday=305, tm_isdst=-1)",2022-11-01,2022,11,305,1,48
2022-11-01 15:50:45,40.776951,-111.887787,1384.7,-9999.0,-9999.0,-9999.0,13.77,14.5,11.75,28.78,2.0,2.0,11.72,25.0,859.6,0.0,22.5,1.82,29.6,822.2,-9999.0,-9999.0,-9999.0,-9999.0,-9999.0,-9999.0,-9999.0,0.0,0,0,"time.struct_time(tm_year=2022, tm_mon=11, tm_mday=1, tm_hour=15, tm_min=50, tm_sec=45, tm_wday=1, tm_yday=305, tm_isdst=-1)",2022-11-01,2022,11,305,1,50
2022-11-01 15:53:15,40.776913,-111.887894,1382.7,-9999.0,-9999.0,-9999.0,13.77,14.56,11.87,28.48,2.0,2.0,11.78,25.0,859.9,0.0,30.7,1.82,29.7,822.4,-9999.0,-9999.0,-9999.0,-9999.0,-9999.0,-9999.0,-9999.0,0.0,0,0,"time.struct_time(tm_year=2022, tm_mon=11, tm_mday=1, tm_hour=15, tm_min=53, tm_sec=15, tm_wday=1, tm_yday=305, tm_isdst=-1)",2022-11-01,2022,11,305,1,53
2022-11-01 15:55:45,40.776913,-111.887894,1382.3,-9999.0,-9999.0,-9999.0,13.77,14.62,11.91,28.16,2.0,2.0,11.89,24.0,859.8,0.0,27.6,1.82,29.8,822.3,-9999.0,-9999.0,-9999.0,-9999.0,-9999.0,-9999.0,-9999.0,0.0,0,0,"time.struct_time(tm_year=2022, tm_mon=11, tm_mday=1, tm_hour=15, tm_min=55, tm_sec=45, tm_wday=1, tm_yday=305, tm_isdst=-1)",2022-11-01,2022,11,305,1,55
2022-11-01 15:58:15,40.776909,-111.887894,1382.0,-9999.0,-9999.0,-9999.0,13.77,14.68,11.91,26.58,2.0,2.0,11.89,24.0,859.8,0.0,30.0,1.83,29.8,822.3,-9999.0,-9999.0,-9999.0,-9999.0,-9999.0,-9999.0,-9999.0,0.0,0,0,"time.struct_time(tm_year=2022, tm_mon=11, tm_mday=1, tm_hour=15, tm_min=58, tm_sec=15, tm_wday=1, tm_yday=305, tm_isdst=-1)",2022-11-01,2022,11,305,1,58
2022-11-01 16:00:45,40.776909,-111.887894,1381.8,-9999.0,-9999.0,-9999.0,13.77,14.75,12.03,28.38,2.0,2.0,12.0,24.0,859.8,0.0,27.3,1.82,29.9,822.2,-9999.0,-9999.0,-9999.0,-9999.0,-9999.0,-9999.0,-9999.0,0.0,0,0,"time.struct_time(tm_year=2022, tm_mon=11, tm_mday=1, tm_hour=16, tm_min=0, tm_sec=45, tm_wday=1, tm_yday=305, tm_isdst=-1)",2022-11-01,2022,11,305,1,0
2022-11-01 16:03:15,40.776909,-111.887894,1381.6,-9999.0,-9999.0,-9999.0,13.77,14.81,12.07,27.64,2.0,2.0,12.11,24.0,859.7,0.0,27.8,1.83,30.0,822.2,-9999.0,-9999.0,-9999.0,-9999.0,-9999.0,-9999.0,-9999.0,0.0,0,0,"time.struct_time(tm_year=2022, tm_mon=11, tm_mday=1, tm_hour=16, tm_min=3, tm_sec=15, tm_wday=1, tm_yday=305, tm_isdst=-1)",2022-11-01,2022,11,305,1,3
2022-11-01 16:05:45,40.776913,-111.887894,1381.7,-9999.0,-9999.0,-9999.0,13.77,14.87,12.15,26.82,2.0,2.0,12.11,24.0,859.6,0.0,24.4,1.82,30.0,822.2,-9999.0,-9999.0,-9999.0,-9999.0,-9999.0,-9999.0,-9999.0,0.0,0,0,"time.struct_time(tm_year=2022, tm_mon=11, tm_mday=1, tm_hour=16, tm_min=5, tm_sec=45, tm_wday=1, tm_yday=305, tm_isdst=-1)",2022-11-01,2022,11,305,1,5
2022-11-01 16:08:15,40.776913,-111.887894,1381.9,-9999.0,-9999.0,-9999.0,13.77,14.94,12.23,26.87,2.0,2.0,12.22,24.0,859.6,0.0,29.5,1.82,30.1,822.2,-9999.0,-9999.0,-9999.0,-9999.0,-9999.0,-9999.0,-9999.0,0.0,0,0,"time.struct_time(tm_year=2022, tm_mon=11, tm_mday=1, tm_hour=16, tm_min=8, tm_sec=15, tm_wday=1, tm_yday=305, tm_isdst=-1)",2022-11-01,2022,11,305,1,8
2022-11-01 16:10:45,40.776917,-111.887894,1382.3,-9999.0,-9999.0,-9999.0,13.77,15.0,12.38,26.68,2.0,2.0,12.28,24.0,859.7,0.0,24.2,1.83,30.2,822.0,-9999.0,-9999.0,-9999.0,-9999.0,-9999.0,-9999.0,-9999.0,0.0,0,0,"time.struct_time(tm_year=2022, tm_mon=11, tm_mday=1, tm_hour=16, tm_min=10, tm_sec=45, tm_wday=1, tm_yday=305, tm_isdst=-1)",2022-11-01,2022,11,305,1,10
2022-11-01 16:13:15,40.776917,-111.887894,1382.6,-9999.0,-9999.0,-9999.0,13.77,15.07,12.47,25.26,2.0,2.0,12.39,23.0,859.4,0.0,26.2,1.83,30.2,822.2,-9999.0,-9999.0,-9999.0,-9999.0,-9999.0,-9999.0,-9999.0,0.0,0,0,"time.struct_time(tm_year=2022, tm_mon=11, tm_mday=1, tm_hour=16, tm_min=13, tm_sec=15, tm_wday=1, tm_yday=305, tm_isdst=-1)",2022-11-01,2022,11,305,1,13
2022-11-01 16:15:45,40.77692,-111.887894,1382.8,-9999.0,-9999.0,-9999.0,13.77,15.14,12.61,25.09,2.0,2.0,12.39,23.0,859.6,0.0,25.7,1.83,30.3,822.1,-9999.0,-9999.0,-9999.0,-9999.0,-9999.0,-9999.0,-9999.0,0.0,0,0,"time.struct_time(tm_year=2022, tm_mon=11, tm_mday=1, tm_hour=16, tm_min=15, tm_sec=45, tm_wday=1, tm_yday=305, tm_isdst=-1)",2022-11-01,2022,11,305,1,15
2022-11-01 16:19:25,40.776917,-111.887894,1383.6,-9999.0,-9999.0,-9999.0,13.77,15.25,12.83,28.78,2.0,2.0,12.61,24.0,859.3,0.0,22.9,1.83,30.4,822.0,-9999.0,-9999.0,-9999.0,-9999.0,-9999.0,-9999.0,-9999.0,0.0,0,0,"time.struct_time(tm_year=2022, tm_mon=11, tm_mday=1, tm_hour=16, tm_min=19, tm_sec=25, tm_wday=1, tm_yday=305, tm_isdst=-1)",2022-11-01,2022,11,305,1,19
2022-11-01 16:21:55,40.776917,-111.887894,1383.9,-9999.0,-9999.0,-9999.0,13.77,15.32,12.83,23.16,2.0,2.0,12.61,23.0,859.1,0.0,37.4,1.83,30.5,822.0,-9999.0,-9999.0,-9999.0,-9999.0,-9999.0,-9999.0,-9999.0,0.0,0,0,"time.struct_time(tm_year=2022, tm_mon=11, tm_mday=1, tm_hour=16, tm_min=21, tm_sec=55, tm_wday=1, tm_yday=305, tm_isdst=-1)",2022-11-01,2022,11,305,1,21
2022-11-01 16:24:25,40.776917,-111.887894,1384.2,-9999.0,-9999.0,-9999.0,13.77,15.4,13.06,24.1,2.0,2.0,12.72,23.0,859.5,0.0,28.4,1.82,30.5,821.9,-9999.0,-9999.0,-9999.0,-9999.0,-9999.0,-9999.0,-9999.0,0.0,0,0,"time.struct_time(tm_year=2022, tm_mon=11, tm_mday=1, tm_hour=16, tm_min=24, tm_sec=25, tm_wday=1, tm_yday=305, tm_isdst=-1)",2022-11-01,2022,11,305,1,24
2022-11-01 16:26:55,40.776917,-111.887894,1384.4,-9999.0,-9999.0,-9999.0,13.77,15.47,13.19,23.17,2.0,2.0,12.78,22.0,859.3,0.0,32.4,1.82,30.6,821.9,-9999.0,-9999.0,-9999.0,-9999.0,-9999.0,-9999.0,-9999.0,0.0,0,0,"time.struct_time(tm_year=2022, tm_mon=11, tm_mday=1, tm_hour=16, tm_min=26, tm_sec=55, tm_wday=1, tm_yday=305, tm_isdst=-1)",2022-11-01,2022,11,305,1,26
2022-11-01 16:29:25,40.776917,-111.887894,1384.7,-9999.0,-9999.0,-9999.0,13.77,15.55,13.37,23.48,1.0,2.0,12.89,23.0,859.3,0.0,29.5,1.83,30.7,821.8,-9999.0,-9999.0,-9999.0,-9999.0,-9999.0,-9999.0,-9999.0,0.0,0,0,"time.struct_time(tm_year=2022, tm_mon=11, tm_mday=1, tm_hour=16, tm_min=29, tm_sec=25, tm_wday=1, tm_yday=305, tm_isdst=-1)",2022-11-01,2022,11,305,1,29
2022-11-01 16:31:55,40.776913,-111.887894,1384.7,-9999.0,-9999.0,-9999.0,13.77,15.63,13.61,23.93,1.0,2.0,13.0,23.0,859.4,0.0,26.9,1.83,30.8,821.9,-9999.0,-9999.0,-9999.0,-9999.0,-9999.0,-9999.0,-9999.0,0.0,0,0,"time.struct_time(tm_year=2022, tm_mon=11, tm_mday=1, tm_hour=16, tm_min=31, tm_sec=55, tm_wday=1, tm_yday=305, tm_isdst=-1)",2022-11-01,2022,11,305,1,31
2022-11-01 16:34:25,40.776913,-111.887894,1384.8,-9999.0,-9999.0,-9999.0,13.77,15.71,13.86,22.57,1.0,2.0,13.11,22.0,859.4,0.0,34.3,1.84,30.8,821.8,-9999.0,-9999.0,-9999.0,-9999.0,-9999.0,-9999.0,-9999.0,0.0,0,0,"time.struct_time(tm_year=2022, tm_mon=11, tm_mday=1, tm_hour=16, tm_min=34, tm_sec=25, tm_wday=1, tm_yday=305, tm_isdst=-1)",2022-11-01,2022,11,305,1,34
2022-11-01 16:36:55,40.776913,-111.887894,1384.8,-9999.0,-9999.0,-9999.0,13.77,15.8,14.06,22.59,2.0,2.0,13.22,22.0,859.4,0.0,27.4,1.83,30.9,822.0,-9999.0,-9999.0,-9999.0,-9999.0,-9999.0,-9999.0,-9999.0,0.0,0,0,"time.struct_time(tm_year=2022, tm_mon=11, tm_mday=1, tm_hour=16, tm_min=36, tm_sec=55, tm_wday=1, tm_yday=305, tm_isdst=-1)",2022-11-01,2022,11,305,1,36
2022-11-01 16:39:25,40.776913,-111.887894,1384.7,-9999.0,-9999.0,-9999.0,13.77,15.89,14.18,22.57,2.0,2.0,13.39,22.0,859.4,0.0,25.1,1.84,31.0,821.9,-9999.0,-9999.0,-9999.0,-9999.0,-9999.0,-9999.0,-9999.0,0.0,0,0,"time.struct_time(tm_year=2022, tm_mon=11, tm_mday=1, tm_hour=16, tm_min=39, tm_sec=25, tm_wday=1, tm_yday=305, tm_isdst=-1)",2022-11-01,2022,11,305,1,39
2022-11-01 16:41:55,40.776913,-111.887894,1384.6,-9999.0,-9999.0,-9999.0,13.77,15.97,14.28,22.53,3.0,2.0,13.5,22.0,859.3,0.0,25.0,1.83,31.0,822.0,-9999.0,-9999.0,-9999.0,-9999.0,-9999.0,-9999.0,-9999.0,0.0,0,0,"time.struct_time(tm_year=2022, tm_mon=11, tm_mday=1, tm_hour=16, tm_min=41, tm_sec=55, tm_wday=1, tm_yday=305, tm_isdst=-1)",2022-11-01,2022,11,305,1,41
2022-11-01 16:44:25,40.776913,-111.887894,1384.5,-9999.0,-9999.0,-9999.0,13.77,16.06,14.26,23.1,3.0,2.0,13.5,22.0,859.3,0.0,26.5,1.83,31.1,821.8,-9999.0,-9999.0,-9999.0,-9999.0,-9999.0,-9999.0,-9999.0,0.0,0,0,"time.struct_time(tm_year=2022, tm_mon=11, tm_mday=1, tm_hour=16, tm_min=44, tm_sec=25, tm_wday=1, tm_yday=305, tm_isdst=-1)",2022-11-01,2022,11,305,1,44
2022-11-01 16:46:55,40.776909,-111.887894,1384.7,-9999.0,-9999.0,-9999.0,13.77,16.15,14.17,23.17,4.0,2.0,13.72,22.0,859.3,0.0,27.9,1.83,31.2,822.0,-9999.0,-9999.0,-9999.0,-9999.0,-9999.0,-9999.0,-9999.0,0.0,0,0,"time.struct_time(tm_year=2022, tm_mon=11, tm_mday=1, tm_hour=16, tm_min=46, tm_sec=55, tm_wday=1, tm_yday=305, tm_isdst=-1)",2022-11-01,2022,11,305,1,46
2022-11-01 16:49:25,40.776913,-111.887894,1384.8,-9999.0,-9999.0,-9999.0,13.77,16.24,14.24,21.82,3.0,2.0,13.72,22.0,859.5,0.0,28.9,1.84,31.3,822.0,-9999.0,-9999.0,-9999.0,-9999.0,-9999.0,-9999.0,-9999.0,0.0,0,0,"time.struct_time(tm_year=2022, tm_mon=11, tm_mday=1, tm_hour=16, tm_min=49, tm_sec=25, tm_wday=1, tm_yday=305, tm_isdst=-1)",2022-11-01,2022,11,305,1,49
2022-11-01 16:51:55,40.776909,-111.887894,1384.7,-9999.0,-9999.0,-9999.0,13.73,16.32,14.34,21.35,3.0,2.0,13.78,21.0,859.5,0.0,33.7,1.84,31.3,822.1,-9999.0,-9999.0,-9999.0,-9999.0,-9999.0,-9999.0,-9999.0,0.0,0,0,"time.struct_time(tm_year=2022, tm_mon=11, tm_mday=1, tm_hour=16, tm_min=51, tm_sec=55, tm_wday=1, tm_yday=305, tm_isdst=-1)",2022-11-01,2022,11,305,1,51
2022-11-01 16:54:25,40.776909,-111.887894,1384.6,-9999.0,-9999.0,-9999.0,13.74,16.4,14.42,21.6,2.0,2.0,13.89,21.0,859.5,0.0,28.5,1.83,31.4,822.0,-9999.0,-9999.0,-9999.0,-9999.0,-9999.0,-9999.0,-9999.0,0.0,0,0,"time.struct_time(tm_year=2022, tm_mon=11, tm_mday=1, tm_hour=16, tm_min=54, tm_sec=25, tm_wday=1, tm_yday=305, tm_isdst=-1)",2022-11-01,2022,11,305,1,54
2022-11-01 16:56:55,40.776909,-111.887901,1384.4,-9999.0,-9999.0,-9999.0,13.73,16.48,14.51,20.13,2.0,2.0,14.0,21.0,859.3,0.0,32.9,1.82,31.5,822.0,-9999.0,-9999.0,-9999.0,-9999.0,-9999.0,-9999.0,-9999.0,0.0,0,0,"time.struct_time(tm_year=2022, tm_mon=11, tm_mday=1, tm_hour=16, tm_min=56, tm_sec=55, tm_wday=1, tm_yday=305, tm_isdst=-1)",2022-11-01,2022,11,305,1,56
2022-11-01 18:56:35,40.776909,-111.888573,1385.6,-9999.0,-9999.0,-9999.0,13.73,17.45,17.67,15.31,2.0,2.0,15.78,21.0,858.2,0.0,43.0,1.78,21.0,819.9,-9999.0,-9999.0,-9999.0,-9999.0,-9999.0,-9999.0,-9999.0,0.0,0,0,"time.struct_time(tm_year=2022, tm_mon=11, tm_mday=1, tm_hour=18, tm_min=56, tm_sec=35, tm_wday=1, tm_yday=305, tm_isdst=-1)",2022-11-01,2022,11,305,1,56
2022-11-01 18:59:05,40.776928,-111.888252,1383.5,-9999.0,-9999.0,-9999.0,13.74,17.54,17.57,15.69,2.0,2.0,15.89,21.0,857.7,0.0,45.1,1.79,22.3,819.7,-9999.0,-9999.0,-9999.0,-9999.0,-9999.0,-9999.0,-9999.0,0.0,0,0,"time.struct_time(tm_year=2022, tm_mon=11, tm_mday=1, tm_hour=18, tm_min=59, tm_sec=5, tm_wday=1, tm_yday=305, tm_isdst=-1)",2022-11-01,2022,11,305,1,59
2022-11-01 19:01:35,40.776428,-111.886467,1386.1,-9999.0,-9999.0,-9999.0,13.74,17.65,17.51,17.09,2.0,2.0,16.0,21.0,858.1,0.0,40.6,1.78,23.4,820.1,-9999.0,-9999.0,-9999.0,-9999.0,-9999.0,-9999.0,-9999.0,0.0,0,0,"time.struct_time(tm_year=2022, tm_mon=11, tm_mday=1, tm_hour=19, tm_min=1, tm_sec=35, tm_wday=1, tm_yday=305, tm_isdst=-1)",2022-11-01,2022,11,305,1,1
2022-11-01 19:04:05,40.771755,-111.891083,1332.7,-9999.0,-9999.0,-9999.0,13.74,17.77,17.53,15.99,4.0,2.0,16.0,21.0,864.1,0.0,41.9,1.8,24.3,825.8,-9999.0,-9999.0,-9999.0,-9999.0,-9999.0,-9999.0,-9999.0,0.0,0,0,"time.struct_time(tm_year=2022, tm_mon=11, tm_mday=1, tm_hour=19, tm_min=4, tm_sec=5, tm_wday=1, tm_yday=305, tm_isdst=-1)",2022-11-01,2022,11,305,1,4
2022-11-01 19:06:35,40.771404,-111.901993,1306.2,-9999.0,-9999.0,-9999.0,13.71,17.91,17.77,15.87,3.0,2.0,16.22,20.0,866.2,0.0,37.0,1.79,25.2,828.2,-9999.0,-9999.0,-9999.0,-9999.0,-9999.0,-9999.0,-9999.0,0.0,0,1,"time.struct_time(tm_year=2022, tm_mon=11, tm_mday=1, tm_hour=19, tm_min=6, tm_sec=35, tm_wday=1, tm_yday=305, tm_isdst=-1)",2022-11-01,2022,11,305,1,6
2022-11-01 19:09:05,40.770748,-111.908302,1298.6,-9999.0,-9999.0,-9999.0,14.23,18.07,18.04,16.33,2.0,2.0,16.28,20.0,866.8,0.0,29.2,1.78,26.0,828.8,-9999.0,-9999.0,-9999.0,-9999.0,-9999.0,-9999.0,-9999.0,0.0,0,1,"time.struct_time(tm_year=2022, tm_mon=11, tm_mday=1, tm_hour=19, tm_min=9, tm_sec=5, tm_wday=1, tm_yday=305, tm_isdst=-1)",2022-11-01,2022,11,305,1,9
2022-11-01 19:11:35,40.765675,-111.909904,1298.3,-9999.0,-9999.0,-9999.0,13.71,18.24,18.5,15.48,3.0,2.0,16.5,20.0,866.9,0.0,32.6,1.79,26.7,829.1,-9999.0,-9999.0,-9999.0,-9999.0,-9999.0,-9999.0,-9999.0,0.0,0,1,"time.struct_time(tm_year=2022, tm_mon=11, tm_mday=1, tm_hour=19, tm_min=11, tm_sec=35, tm_wday=1, tm_yday=305, tm_isdst=-1)",2022-11-01,2022,11,305,1,11
2022-11-01 19:14:05,40.765671,-111.90976,1297.5,-9999.0,-9999.0,-9999.0,13.71,18.43,18.71,15.26,3.0,2.0,16.72,20.0,866.9,0.0,31.9,1.8,27.3,829.0,-9999.0,-9999.0,-9999.0,-9999.0,-9999.0,-9999.0,-9999.0,0.0,0,1,"time.struct_time(tm_year=2022, tm_mon=11, tm_mday=1, tm_hour=19, tm_min=14, tm_sec=5, tm_wday=1, tm_yday=305, tm_isdst=-1)",2022-11-01,2022,11,305,1,14
2022-11-01 19:16:35,40.765671,-111.90976,1297.6,-9999.0,-9999.0,-9999.0,13.71,18.63,18.72,15.06,3.0,2.0,16.89,20.0,866.7,0.0,36.2,1.8,27.9,828.9,-9999.0,-9999.0,-9999.0,-9999.0,-9999.0,-9999.0,-9999.0,0.0,0,1,"time.struct_time(tm_year=2022, tm_mon=11, tm_mday=1, tm_hour=19, tm_min=16, tm_sec=35, tm_wday=1, tm_yday=305, tm_isdst=-1)",2022-11-01,2022,11,305,1,16
2022-11-01 19:19:05,40.765671,-111.909744,1298.6,-9999.0,-9999.0,-9999.0,13.71,18.83,18.63,15.1,4.0,2.0,17.11,19.0,866.9,0.0,29.1,1.8,28.4,828.8,-9999.0,-9999.0,-9999.0,-9999.0,-9999.0,-9999.0,-9999.0,0.0,0,1,"time.struct_time(tm_year=2022, tm_mon=11, tm_mday=1, tm_hour=19, tm_min=19, tm_sec=5, tm_wday=1, tm_yday=305, tm_isdst=-1)",2022-11-01,2022,11,305,1,19
2022-11-01 19:21:35,40.765678,-111.909729,1299.2,-9999.0,-9999.0,-9999.0,13.71,19.03,18.52,15.23,3.0,2.0,17.28,19.0,866.7,0.0,35.4,1.81,28.9,828.8,-9999.0,-9999.0,-9999.0,-9999.0,-9999.0,-9999.0,-9999.0,0.0,0,1,"time.struct_time(tm_year=2022, tm_mon=11, tm_mday=1, tm_hour=19, tm_min=21, tm_sec=35, tm_wday=1, tm_yday=305, tm_isdst=-1)",2022-11-01,2022,11,305,1,21
2022-11-01 19:24:05,40.765682,-111.909721,1298.6,-9999.0,-9999.0,-9999.0,13.68,19.22,18.42,14.91,3.0,2.0,17.5,19.0,866.9,0.0,35.6,1.81,29.4,828.8,-9999.0,-9999.0,-9999.0,-9999.0,-9999.0,-9999.0,-9999.0,0.0,0,1,"time.struct_time(tm_year=2022, tm_mon=11, tm_mday=1, tm_hour=19, tm_min=24, tm_sec=5, tm_wday=1, tm_yday=305, tm_isdst=-1)",2022-11-01,2022,11,305,1,24
2022-11-01 19:26:35,40.765678,-111.909721,1297.7,-9999.0,-9999.0,-9999.0,13.67,19.41,18.42,15.42,2.0,2.0,17.61,19.0,866.8,0.0,34.9,1.8,29.9,829.0,-9999.0,-9999.0,-9999.0,-9999.0,-9999.0,-9999.0,-9999.0,0.0,0,1,"time.struct_time(tm_year=2022, tm_mon=11, tm_mday=1, tm_hour=19, tm_min=26, tm_sec=35, tm_wday=1, tm_yday=305, tm_isdst=-1)",2022-11-01,2022,11,305,1,26
2022-11-01 19:29:05,40.765682,-111.909721,1296.3,-9999.0,-9999.0,-9999.0,13.67,19.58,18.3,15.33,2.0,2.0,17.78,19.0,866.7,0.0,35.5,1.81,30.3,828.9,-9999.0,-9999.0,-9999.0,-9999.0,-9999.0,-9999.0,-9999.0,0.0,0,1,"time.struct_time(tm_year=2022, tm_mon=11, tm_mday=1, tm_hour=19, tm_min=29, tm_sec=5, tm_wday=1, tm_yday=305, tm_isdst=-1)",2022-11-01,2022,11,305,1,29
2022-11-01 19:31:35,40.765686,-111.909721,1294.7,-9999.0,-9999.0,-9999.0,13.67,19.75,18.2,15.25,2.0,2.0,17.89,18.0,866.9,0.0,33.2,1.82,30.7,829.1,-9999.0,-9999.0,-9999.0,-9999.0,-9999.0,-9999.0,-9999.0,0.0,0,1,"time.struct_time(tm_year=2022, tm_mon=11, tm_mday=1, tm_hour=19, tm_min=31, tm_sec=35, tm_wday=1, tm_yday=305, tm_isdst=-1)",2022-11-01,2022,11,305,1,31
2022-11-01 19:34:05,40.765694,-111.909721,1293.5,-9999.0,-9999.0,-9999.0,13.67,19.9,18.1,14.95,3.0,2.0,18.0,18.0,866.9,0.0,37.3,1.83,31.0,828.9,-9999.0,-9999.0,-9999.0,-9999.0,-9999.0,-9999.0,-9999.0,0.0,0,1,"time.struct_time(tm_year=2022, tm_mon=11, tm_mday=1, tm_hour=19, tm_min=34, tm_sec=5, tm_wday=1, tm_yday=305, tm_isdst=-1)",2022-11-01,2022,11,305,1,34
2022-11-01 19:36:35,40.765694,-111.909721,1293.8,-9999.0,-9999.0,-9999.0,13.67,20.05,18.09,15.6,3.0,2.0,18.11,18.0,867.1,0.0,34.1,1.83,31.4,829.1,-9999.0,-9999.0,-9999.0,-9999.0,-9999.0,-9999.0,-9999.0,0.0,0,1,"time.struct_time(tm_year=2022, tm_mon=11, tm_mday=1, tm_hour=19, tm_min=36, tm_sec=35, tm_wday=1, tm_yday=305, tm_isdst=-1)",2022-11-01,2022,11,305,1,36
2022-11-01 19:39:05,40.765694,-111.909721,1294.0,-9999.0,-9999.0,-9999.0,13.67,20.18,18.05,14.91,3.0,2.0,18.22,18.0,866.9,0.0,34.3,1.82,31.7,829.1,-9999.0,-9999.0,-9999.0,-9999.0,-9999.0,-9999.0,-9999.0,0.0,0,1,"time.struct_time(tm_year=2022, tm_mon=11, tm_mday=1, tm_hour=19, tm_min=39, tm_sec=5, tm_wday=1, tm_yday=305, tm_isdst=-1)",2022-11-01,2022,11,305,1,39
2022-11-01 19:41:35,40.765694,-111.909714,1293.9,-9999.0,-9999.0,-9999.0,13.67,20.31,18.09,15.3,3.0,2.0,18.39,17.0,866.8,0.0,33.6,1.83,32.1,829.0,-9999.0,-9999.0,-9999.0,-9999.0,-9999.0,-9999.0,-9999.0,0.0,0,1,"time.struct_time(tm_year=2022, tm_mon=11, tm_mday=1, tm_hour=19, tm_min=41, tm_sec=35, tm_wday=1, tm_yday=305, tm_isdst=-1)",2022-11-01,2022,11,305,1,41
2022-11-01 19:44:05,40.765694,-111.909729,1293.2,-9999.0,-9999.0,-9999.0,13.67,20.44,18.09,15.45,2.0,2.0,18.5,17.0,867.0,0.0,32.4,1.83,32.3,828.8,-9999.0,-9999.0,-9999.0,-9999.0,-9999.0,-9999.0,-9999.0,0.0,0,1,"time.struct_time(tm_year=2022, tm_mon=11, tm_mday=1, tm_hour=19, tm_min=44, tm_sec=5, tm_wday=1, tm_yday=305, tm_isdst=-1)",2022-11-01,2022,11,305,1,44
2022-11-01 19:46:35,40.765694,-111.909729,1292.7,-9999.0,-9999.0,-9999.0,13.67,20.56,18.08,15.52,3.0,2.0,18.5,17.0,867.0,0.0,34.8,1.83,32.6,829.0,-9999.0,-9999.0,-9999.0,-9999.0,-9999.0,-9999.0,-9999.0,0.0,0,1,"time.struct_time(tm_year=2022, tm_mon=11, tm_mday=1, tm_hour=19, tm_min=46, tm_sec=35, tm_wday=1, tm_yday=305, tm_isdst=-1)",2022-11-01,2022,11,305,1,46
2022-11-01 19:49:05,40.765709,-111.909744,1292.5,-9999.0,-9999.0,-9999.0,13.68,20.68,18.07,15.79,1.0,2.0,18.61,17.0,867.1,0.0,35.5,1.84,32.9,829.0,-9999.0,-9999.0,-9999.0,-9999.0,-9999.0,-9999.0,-9999.0,0.0,0,1,"time.struct_time(tm_year=2022, tm_mon=11, tm_mday=1, tm_hour=19, tm_min=49, tm_sec=5, tm_wday=1, tm_yday=305, tm_isdst=-1)",2022-11-01,2022,11,305,1,49
2022-11-01 19:51:35,40.765709,-111.909737,1292.1,-9999.0,-9999.0,-9999.0,13.67,20.79,18.09,15.33,2.0,2.0,18.72,17.0,866.9,0.0,35.9,1.83,33.2,829.0,-9999.0,-9999.0,-9999.0,-9999.0,-9999.0,-9999.0,-9999.0,0.0,0,1,"time.struct_time(tm_year=2022, tm_mon=11, tm_mday=1, tm_hour=19, tm_min=51, tm_sec=35, tm_wday=1, tm_yday=305, tm_isdst=-1)",2022-11-01,2022,11,305,1,51
2022-11-01 19:54:05,40.765717,-111.909744,1291.3,-9999.0,-9999.0,-9999.0,13.67,20.9,18.14,15.2,2.0,2.0,18.78,17.0,866.7,0.0,26.7,1.83,33.4,828.9,-9999.0,-9999.0,-9999.0,-9999.0,-9999.0,-9999.0,-9999.0,0.0,0,1,"time.struct_time(tm_year=2022, tm_mon=11, tm_mday=1, tm_hour=19, tm_min=54, tm_sec=5, tm_wday=1, tm_yday=305, tm_isdst=-1)",2022-11-01,2022,11,305,1,54
2022-11-01 19:57:40,40.765732,-111.909737,1290.9,-9999.0,-9999.0,-9999.0,13.67,21.05,18.14,14.85,3.0,2.0,18.89,16.0,867.1,0.0,21.7,1.84,33.7,829.1,-9999.0,-9999.0,-9999.0,-9999.0,-9999.0,-9999.0,-9999.0,0.0,0,1,"time.struct_time(tm_year=2022, tm_mon=11, tm_mday=1, tm_hour=19, tm_min=57, tm_sec=40, tm_wday=1, tm_yday=305, tm_isdst=-1)",2022-11-01,2022,11,305,1,57
2022-11-01 20:00:10,40.765732,-111.909737,1290.7,-9999.0,-9999.0,-9999.0,13.67,21.14,18.13,14.76,2.0,2.0,19.0,16.0,866.9,0.0,28.2,1.84,34.0,829.1,-9999.0,-9999.0,-9999.0,-9999.0,-9999.0,-9999.0,-9999.0,0.0,0,1,"time.struct_time(tm_year=2022, tm_mon=11, tm_mday=1, tm_hour=20, tm_min=0, tm_sec=10, tm_wday=1, tm_yday=305, tm_isdst=-1)",2022-11-01,2022,11,305,1,0
2022-11-01 20:02:40,40.765739,-111.909737,1291.2,-9999.0,-9999.0,-9999.0,13.67,21.24,18.1,14.95,2.0,2.0,19.0,16.0,867.0,0.0,32.5,1.84,34.2,829.1,-9999.0,-9999.0,-9999.0,-9999.0,-9999.0,-9999.0,-9999.0,0.0,0,1,"time.struct_time(tm_year=2022, tm_mon=11, tm_mday=1, tm_hour=20, tm_min=2, tm_sec=40, tm_wday=1, tm_yday=305, tm_isdst=-1)",2022-11-01,2022,11,305,1,2
2022-11-01 20:05:10,40.765751,-111.909744,1291.0,-9999.0,-9999.0,-9999.0,13.67,21.32,18.04,15.37,2.0,2.0,19.11,16.0,867.1,0.0,31.7,1.84,34.4,829.0,-9999.0,-9999.0,-9999.0,-9999.0,-9999.0,-9999.0,-9999.0,0.0,0,1,"time.struct_time(tm_year=2022, tm_mon=11, tm_mday=1, tm_hour=20, tm_min=5, tm_sec=10, tm_wday=1, tm_yday=305, tm_isdst=-1)",2022-11-01,2022,11,305,1,5
2022-11-01 20:07:40,40.765755,-111.909744,1291.0,-9999.0,-9999.0,-9999.0,13.67,21.4,17.97,15.07,2.0,2.0,19.22,16.0,867.0,0.0,30.5,1.84,34.5,829.0,-9999.0,-9999.0,-9999.0,-9999.0,-9999.0,-9999.0,-9999.0,0.0,0,1,"time.struct_time(tm_year=2022, tm_mon=11, tm_mday=1, tm_hour=20, tm_min=7, tm_sec=40, tm_wday=1, tm_yday=305, tm_isdst=-1)",2022-11-01,2022,11,305,1,7
2022-11-01 20:10:10,40.765766,-111.909752,1290.5,-9999.0,-9999.0,-9999.0,13.68,21.48,17.87,15.21,1.0,2.0,19.22,16.0,866.8,0.0,36.4,1.85,34.7,828.9,-9999.0,-9999.0,-9999.0,-9999.0,-9999.0,-9999.0,-9999.0,0.0,0,1,"time.struct_time(tm_year=2022, tm_mon=11, tm_mday=1, tm_hour=20, tm_min=10, tm_sec=10, tm_wday=1, tm_yday=305, tm_isdst=-1)",2022-11-01,2022,11,305,1,10
2022-11-01 20:12:40,40.765774,-111.909767,1289.8,-9999.0,-9999.0,-9999.0,13.67,21.55,17.88,15.17,2.0,2.0,19.22,16.0,866.7,0.0,29.9,1.84,34.9,828.9,-9999.0,-9999.0,-9999.0,-9999.0,-9999.0,-9999.0,-9999.0,0.0,0,1,"time.struct_time(tm_year=2022, tm_mon=11, tm_mday=1, tm_hour=20, tm_min=12, tm_sec=40, tm_wday=1, tm_yday=305, tm_isdst=-1)",2022-11-01,2022,11,305,1,12
2022-11-01 20:15:10,40.765766,-111.909752,1289.2,-9999.0,-9999.0,-9999.0,13.64,21.61,17.83,15.03,2.0,2.0,19.28,16.0,866.6,0.0,31.0,1.85,35.1,828.8,-9999.0,-9999.0,-9999.0,-9999.0,-9999.0,-9999.0,-9999.0,0.0,0,1,"time.struct_time(tm_year=2022, tm_mon=11, tm_mday=1, tm_hour=20, tm_min=15, tm_sec=10, tm_wday=1, tm_yday=305, tm_isdst=-1)",2022-11-01,2022,11,305,1,15
2022-11-01 20:17:40,40.765762,-111.909737,1288.1,-9999.0,-9999.0,-9999.0,13.64,21.67,17.85,14.45,2.0,2.0,19.28,15.0,866.5,0.0,34.7,1.84,35.2,828.7,-9999.0,-9999.0,-9999.0,-9999.0,-9999.0,-9999.0,-9999.0,0.0,0,1,"time.struct_time(tm_year=2022, tm_mon=11, tm_mday=1, tm_hour=20, tm_min=17, tm_sec=40, tm_wday=1, tm_yday=305, tm_isdst=-1)",2022-11-01,2022,11,305,1,17
2022-11-01 20:20:10,40.765759,-111.909721,1288.4,-9999.0,-9999.0,-9999.0,13.64,21.73,17.93,13.62,2.0,2.0,19.39,15.0,866.4,0.0,39.4,1.84,35.4,828.6,-9999.0,-9999.0,-9999.0,-9999.0,-9999.0,-9999.0,-9999.0,0.0,0,1,"time.struct_time(tm_year=2022, tm_mon=11, tm_mday=1, tm_hour=20, tm_min=20, tm_sec=10, tm_wday=1, tm_yday=305, tm_isdst=-1)",2022-11-01,2022,11,305,1,20
2022-11-01 20:22:40,40.765762,-111.909737,1287.5,-9999.0,-9999.0,-9999.0,13.64,21.79,18.02,13.47,1.0,2.0,19.5,15.0,866.6,0.0,36.3,1.85,35.5,828.6,-9999.0,-9999.0,-9999.0,-9999.0,-9999.0,-9999.0,-9999.0,0.0,0,1,"time.struct_time(tm_year=2022, tm_mon=11, tm_mday=1, tm_hour=20, tm_min=22, tm_sec=40, tm_wday=1, tm_yday=305, tm_isdst=-1)",2022-11-01,2022,11,305,1,22
2022-11-01 20:25:10,40.76577,-111.909721,1286.3,-9999.0,-9999.0,-9999.0,13.64,21.85,18.1,14.43,3.0,2.0,19.5,15.0,866.4,0.0,30.6,1.84,35.6,828.6,-9999.0,-9999.0,-9999.0,-9999.0,-9999.0,-9999.0,-9999.0,0.0,0,1,"time.struct_time(tm_year=2022, tm_mon=11, tm_mday=1, tm_hour=20, tm_min=25, tm_sec=10, tm_wday=1, tm_yday=305, tm_isdst=-1)",2022-11-01,2022,11,305,1,25
2022-11-01 20:27:40,40.765762,-111.909721,1285.8,-9999.0,-9999.0,-9999.0,13.64,21.91,18.22,13.61,2.0,2.0,19.5,15.0,866.4,0.0,36.5,1.85,35.8,828.6,-9999.0,-9999.0,-9999.0,-9999.0,-9999.0,-9999.0,-9999.0,0.0,0,1,"time.struct_time(tm_year=2022, tm_mon=11, tm_mday=1, tm_hour=20, tm_min=27, tm_sec=40, tm_wday=1, tm_yday=305, tm_isdst=-1)",2022-11-01,2022,11,305,1,27
2022-11-01 20:30:10,40.765762,-111.909714,1285.9,-9999.0,-9999.0,-9999.0,13.63,21.96,18.2,13.41,2.0,2.0,19.61,14.0,866.3,0.0,36.1,1.84,35.9,828.5,-9999.0,-9999.0,-9999.0,-9999.0,-9999.0,-9999.0,-9999.0,0.0,0,1,"time.struct_time(tm_year=2022, tm_mon=11, tm_mday=1, tm_hour=20, tm_min=30, tm_sec=10, tm_wday=1, tm_yday=305, tm_isdst=-1)",2022-11-01,2022,11,305,1,30
2022-11-01 20:32:40,40.765774,-111.909721,1285.8,-9999.0,-9999.0,-9999.0,13.64,22.02,18.16,13.81,1.0,2.0,19.72,14.0,866.3,0.0,35.8,1.86,36.0,828.5,-9999.0,-9999.0,-9999.0,-9999.0,-9999.0,-9999.0,-9999.0,0.0,0,1,"time.struct_time(tm_year=2022, tm_mon=11, tm_mday=1, tm_hour=20, tm_min=32, tm_sec=40, tm_wday=1, tm_yday=305, tm_isdst=-1)",2022-11-01,2022,11,305,1,32
2022-11-01 20:35:10,40.765774,-111.909714,1284.8,-9999.0,-9999.0,-9999.0,13.64,22.07,18.16,14.33,2.0,2.0,19.72,15.0,866.5,0.0,35.8,1.84,36.1,828.4,-9999.0,-9999.0,-9999.0,-9999.0,-9999.0,-9999.0,-9999.0,0.0,0,1,"time.struct_time(tm_year=2022, tm_mon=11, tm_mday=1, tm_hour=20, tm_min=35, tm_sec=10, tm_wday=1, tm_yday=305, tm_isdst=-1)",2022-11-01,2022,11,305,1,35
2022-11-01 20:37:40,40.765766,-111.909706,1283.7,-9999.0,-9999.0,-9999.0,13.64,22.13,18.18,14.17,2.0,2.0,19.72,14.0,866.2,0.0,35.8,1.85,36.2,828.5,-9999.0,-9999.0,-9999.0,-9999.0,-9999.0,-9999.0,-9999.0,0.0,0,1,"time.struct_time(tm_year=2022, tm_mon=11, tm_mday=1, tm_hour=20, tm_min=37, tm_sec=40, tm_wday=1, tm_yday=305, tm_isdst=-1)",2022-11-01,2022,11,305,1,37
2022-11-01 20:40:10,40.76577,-111.909714,1282.4,-9999.0,-9999.0,-9999.0,13.64,22.18,18.22,14.57,1.0,2.0,19.78,14.0,866.2,0.0,32.3,1.84,36.3,828.5,-9999.0,-9999.0,-9999.0,-9999.0,-9999.0,-9999.0,-9999.0,0.0,0,1,"time.struct_time(tm_year=2022, tm_mon=11, tm_mday=1, tm_hour=20, tm_min=40, tm_sec=10, tm_wday=1, tm_yday=305, tm_isdst=-1)",2022-11-01,2022,11,305,1,40
2022-11-01 20:42:40,40.765774,-111.909721,1282.5,-9999.0,-9999.0,-9999.0,13.64,22.23,18.28,14.41,2.0,2.0,19.89,14.0,866.3,0.0,30.2,1.85,36.4,828.4,-9999.0,-9999.0,-9999.0,-9999.0,-9999.0,-9999.0,-9999.0,0.0,0,1,"time.struct_time(tm_year=2022, tm_mon=11, tm_mday=1, tm_hour=20, tm_min=42, tm_sec=40, tm_wday=1, tm_yday=305, tm_isdst=-1)",2022-11-01,2022,11,305,1,42
2022-11-01 20:45:10,40.765778,-111.909706,1281.9,-9999.0,-9999.0,-9999.0,13.64,22.29,18.34,13.57,2.0,2.0,19.89,14.0,866.0,0.0,32.9,1.86,36.5,828.2,-9999.0,-9999.0,-9999.0,-9999.0,-9999.0,-9999.0,-9999.0,0.0,0,1,"time.struct_time(tm_year=2022, tm_mon=11, tm_mday=1, tm_hour=20, tm_min=45, tm_sec=10, tm_wday=1, tm_yday=305, tm_isdst=-1)",2022-11-01,2022,11,305,1,45
2022-11-01 20:47:40,40.765778,-111.909691,1281.8,-9999.0,-9999.0,-9999.0,13.64,22.34,18.4,13.62,2.0,2.0,20.0,14.0,866.1,0.0,30.5,1.85,36.6,828.2,-9999.0,-9999.0,-9999.0,-9999.0,-9999.0,-9999.0,-9999.0,0.0,0,1,"time.struct_time(tm_year=2022, tm_mon=11, tm_mday=1, tm_hour=20, tm_min=47, tm_sec=40, tm_wday=1, tm_yday=305, tm_isdst=-1)",2022-11-01,2022,11,305,1,47
2022-11-01 20:50:10,40.765785,-111.909698,1282.5,-9999.0,-9999.0,-9999.0,13.64,22.4,18.44,14.19,2.0,2.0,20.0,14.0,866.1,0.0,32.7,1.85,36.7,828.2,-9999.0,-9999.0,-9999.0,-9999.0,-9999.0,-9999.0,-9999.0,0.0,0,1,"time.struct_time(tm_year=2022, tm_mon=11, tm_mday=1, tm_hour=20, tm_min=50, tm_sec=10, tm_wday=1, tm_yday=305, tm_isdst=-1)",2022-11-01,2022,11,305,1,50
2022-11-01 20:52:40,40.765781,-111.909706,1283.0,-9999.0,-9999.0,-9999.0,13.64,22.45,18.44,14.83,2.0,2.0,20.0,14.0,866.1,0.0,31.7,1.86,36.8,828.0,-9999.0,-9999.0,-9999.0,-9999.0,-9999.0,-9999.0,-9999.0,0.0,0,1,"time.struct_time(tm_year=2022, tm_mon=11, tm_mday=1, tm_hour=20, tm_min=52, tm_sec=40, tm_wday=1, tm_yday=305, tm_isdst=-1)",2022-11-01,2022,11,305,1,52
2022-11-01 20:55:10,40.765785,-111.909698,1281.7,-9999.0,-9999.0,-9999.0,13.64,22.5,18.4,14.91,3.0,2.0,20.11,14.0,866.1,0.0,32.0,1.86,36.9,828.1,-9999.0,-9999.0,-9999.0,-9999.0,-9999.0,-9999.0,-9999.0,0.0,0,1,"time.struct_time(tm_year=2022, tm_mon=11, tm_mday=1, tm_hour=20, tm_min=55, tm_sec=10, tm_wday=1, tm_yday=305, tm_isdst=-1)",2022-11-01,2022,11,305,1,55
2022-11-01 20:58:45,40.765781,-111.909691,1283.0,-9999.0,-9999.0,-9999.0,13.64,22.57,18.3,15.13,2.0,2.0,20.22,14.0,866.0,0.0,35.0,1.86,37.0,828.1,-9999.0,-9999.0,-9999.0,-9999.0,-9999.0,-9999.0,-9999.0,0.0,0,1,"time.struct_time(tm_year=2022, tm_mon=11, tm_mday=1, tm_hour=20, tm_min=58, tm_sec=45, tm_wday=1, tm_yday=305, tm_isdst=-1)",2022-11-01,2022,11,305,1,58
2022-11-01 21:01:15,40.765781,-111.909691,1283.6,-9999.0,-9999.0,-9999.0,13.64,22.6,18.22,14.63,2.0,2.0,20.22,14.0,865.9,0.0,32.4,1.87,37.1,828.0,-9999.0,-9999.0,-9999.0,-9999.0,-9999.0,-9999.0,-9999.0,0.0,0,1,"time.struct_time(tm_year=2022, tm_mon=11, tm_mday=1, tm_hour=21, tm_min=1, tm_sec=15, tm_wday=1, tm_yday=305, tm_isdst=-1)",2022-11-01,2022,11,305,1,1
2022-11-01 21:03:45,40.765778,-111.909698,1283.2,-9999.0,-9999.0,-9999.0,13.64,22.64,18.15,14.92,1.0,2.0,20.22,14.0,866.1,0.0,38.7,1.87,37.1,828.0,-9999.0,-9999.0,-9999.0,-9999.0,-9999.0,-9999.0,-9999.0,0.0,0,1,"time.struct_time(tm_year=2022, tm_mon=11, tm_mday=1, tm_hour=21, tm_min=3, tm_sec=45, tm_wday=1, tm_yday=305, tm_isdst=-1)",2022-11-01,2022,11,305,1,3
2022-11-01 21:06:15,40.765781,-111.909706,1283.5,-9999.0,-9999.0,-9999.0,13.64,22.67,18.12,15.02,2.0,2.0,20.22,14.0,866.0,0.0,32.6,1.87,37.2,827.9,-9999.0,-9999.0,-9999.0,-9999.0,-9999.0,-9999.0,-9999.0,0.0,0,1,"time.struct_time(tm_year=2022, tm_mon=11, tm_mday=1, tm_hour=21, tm_min=6, tm_sec=15, tm_wday=1, tm_yday=305, tm_isdst=-1)",2022-11-01,2022,11,305,1,6
2022-11-01 21:08:45,40.765778,-111.909706,1283.4,-9999.0,-9999.0,-9999.0,13.64,22.7,18.2,15.19,1.0,2.0,20.22,14.0,865.8,0.0,34.0,1.86,37.3,827.8,-9999.0,-9999.0,-9999.0,-9999.0,-9999.0,-9999.0,-9999.0,0.0,0,1,"time.struct_time(tm_year=2022, tm_mon=11, tm_mday=1, tm_hour=21, tm_min=8, tm_sec=45, tm_wday=1, tm_yday=305, tm_isdst=-1)",2022-11-01,2022,11,305,1,8
2022-11-01 21:11:15,40.765778,-111.909714,1283.0,-9999.0,-9999.0,-9999.0,13.64,22.73,18.28,14.54,1.0,2.0,20.28,14.0,865.7,0.0,31.3,1.88,37.3,827.8,-9999.0,-9999.0,-9999.0,-9999.0,-9999.0,-9999.0,-9999.0,0.0,0,1,"time.struct_time(tm_year=2022, tm_mon=11, tm_mday=1, tm_hour=21, tm_min=11, tm_sec=15, tm_wday=1, tm_yday=305, tm_isdst=-1)",2022-11-01,2022,11,305,1,11
2022-11-01 21:13:45,40.765781,-111.909714,1283.3,-9999.0,-9999.0,-9999.0,13.64,22.77,18.3,14.49,3.0,2.0,20.28,14.0,865.8,0.0,39.7,1.87,37.4,827.9,-9999.0,-9999.0,-9999.0,-9999.0,-9999.0,-9999.0,-9999.0,0.0,0,1,"time.struct_time(tm_year=2022, tm_mon=11, tm_mday=1, tm_hour=21, tm_min=13, tm_sec=45, tm_wday=1, tm_yday=305, tm_isdst=-1)",2022-11-01,2022,11,305,1,13
2022-11-01 21:16:15,40.765778,-111.909721,1283.4,-9999.0,-9999.0,-9999.0,13.64,22.8,18.32,14.17,3.0,2.0,20.39,14.0,865.7,0.0,32.3,1.86,37.4,827.8,-9999.0,-9999.0,-9999.0,-9999.0,-9999.0,-9999.0,-9999.0,0.0,0,1,"time.struct_time(tm_year=2022, tm_mon=11, tm_mday=1, tm_hour=21, tm_min=16, tm_sec=15, tm_wday=1, tm_yday=305, tm_isdst=-1)",2022-11-01,2022,11,305,1,16
2022-11-01 21:18:45,40.765781,-111.909737,1282.7,-9999.0,-9999.0,-9999.0,13.63,22.83,18.32,14.33,3.0,2.0,20.39,14.0,865.7,0.0,29.2,1.86,37.5,827.8,-9999.0,-9999.0,-9999.0,-9999.0,-9999.0,-9999.0,-9999.0,0.0,0,1,"time.struct_time(tm_year=2022, tm_mon=11, tm_mday=1, tm_hour=21, tm_min=18, tm_sec=45, tm_wday=1, tm_yday=305, tm_isdst=-1)",2022-11-01,2022,11,305,1,18
2022-11-01 21:21:15,40.765781,-111.909752,1282.0,-9999.0,-9999.0,-9999.0,13.64,22.87,18.43,14.68,2.0,2.0,20.5,14.0,865.7,0.0,30.1,1.86,37.6,827.8,-9999.0,-9999.0,-9999.0,-9999.0,-9999.0,-9999.0,-9999.0,0.0,0,1,"time.struct_time(tm_year=2022, tm_mon=11, tm_mday=1, tm_hour=21, tm_min=21, tm_sec=15, tm_wday=1, tm_yday=305, tm_isdst=-1)",2022-11-01,2022,11,305,1,21
2022-11-01 21:23:45,40.765785,-111.909752,1281.3,-9999.0,-9999.0,-9999.0,13.63,22.9,18.58,14.69,1.0,2.0,20.5,14.0,865.7,0.0,10.1,1.86,37.6,827.7,-9999.0,-9999.0,-9999.0,-9999.0,-9999.0,-9999.0,-9999.0,0.0,0,1,"time.struct_time(tm_year=2022, tm_mon=11, tm_mday=1, tm_hour=21, tm_min=23, tm_sec=45, tm_wday=1, tm_yday=305, tm_isdst=-1)",2022-11-01,2022,11,305,1,23
2022-11-01 21:26:15,40.765785,-111.909752,1281.0,-9999.0,-9999.0,-9999.0,13.64,22.95,18.76,14.77,1.0,2.0,20.61,14.0,865.5,0.0,32.4,1.88,37.7,827.6,-9999.0,-9999.0,-9999.0,-9999.0,-9999.0,-9999.0,-9999.0,0.0,0,1,"time.struct_time(tm_year=2022, tm_mon=11, tm_mday=1, tm_hour=21, tm_min=26, tm_sec=15, tm_wday=1, tm_yday=305, tm_isdst=-1)",2022-11-01,2022,11,305,1,26
2022-11-01 21:28:45,40.765781,-111.90976,1280.4,-9999.0,-9999.0,-9999.0,13.64,23.0,18.86,14.53,1.0,2.0,20.72,14.0,865.6,0.0,31.3,1.86,37.7,827.7,-9999.0,-9999.0,-9999.0,-9999.0,-9999.0,-9999.0,-9999.0,0.0,0,1,"time.struct_time(tm_year=2022, tm_mon=11, tm_mday=1, tm_hour=21, tm_min=28, tm_sec=45, tm_wday=1, tm_yday=305, tm_isdst=-1)",2022-11-01,2022,11,305,1,28
2022-11-01 21:31:15,40.765785,-111.909775,1280.0,-9999.0,-9999.0,-9999.0,13.64,23.06,18.89,14.6,1.0,2.0,20.78,14.0,865.5,0.0,30.3,1.86,37.8,827.5,-9999.0,-9999.0,-9999.0,-9999.0,-9999.0,-9999.0,-9999.0,0.0,0,1,"time.struct_time(tm_year=2022, tm_mon=11, tm_mday=1, tm_hour=21, tm_min=31, tm_sec=15, tm_wday=1, tm_yday=305, tm_isdst=-1)",2022-11-01,2022,11,305,1,31
2022-11-01 21:33:45,40.765785,-111.909767,1279.0,-9999.0,-9999.0,-9999.0,13.64,23.11,18.84,14.65,2.0,2.0,20.78,14.0,865.6,0.0,41.0,1.87,37.8,827.5,-9999.0,-9999.0,-9999.0,-9999.0,-9999.0,-9999.0,-9999.0,0.0,0,1,"time.struct_time(tm_year=2022, tm_mon=11, tm_mday=1, tm_hour=21, tm_min=33, tm_sec=45, tm_wday=1, tm_yday=305, tm_isdst=-1)",2022-11-01,2022,11,305,1,33
2022-11-01 21:36:15,40.765781,-111.909767,1278.6,-9999.0,-9999.0,-9999.0,13.64,23.16,18.74,14.67,1.0,2.0,20.78,14.0,865.5,0.0,37.0,1.86,37.9,827.5,-9999.0,-9999.0,-9999.0,-9999.0,-9999.0,-9999.0,-9999.0,0.0,0,1,"time.struct_time(tm_year=2022, tm_mon=11, tm_mday=1, tm_hour=21, tm_min=36, tm_sec=15, tm_wday=1, tm_yday=305, tm_isdst=-1)",2022-11-01,2022,11,305,1,36
2022-11-01 21:38:45,40.765789,-111.90976,1278.2,-9999.0,-9999.0,-9999.0,13.64,23.2,18.66,14.99,2.0,2.0,20.89,14.0,865.5,0.0,32.7,1.87,37.9,827.6,-9999.0,-9999.0,-9999.0,-9999.0,-9999.0,-9999.0,-9999.0,0.0,0,1,"time.struct_time(tm_year=2022, tm_mon=11, tm_mday=1, tm_hour=21, tm_min=38, tm_sec=45, tm_wday=1, tm_yday=305, tm_isdst=-1)",2022-11-01,2022,11,305,1,38
2022-11-01 21:41:15,40.765781,-111.90976,1277.1,-9999.0,-9999.0,-9999.0,13.64,23.23,18.65,14.73,1.0,2.0,20.89,14.0,865.4,0.0,31.7,1.86,38.0,827.6,-9999.0,-9999.0,-9999.0,-9999.0,-9999.0,-9999.0,-9999.0,0.0,0,1,"time.struct_time(tm_year=2022, tm_mon=11, tm_mday=1, tm_hour=21, tm_min=41, tm_sec=15, tm_wday=1, tm_yday=305, tm_isdst=-1)",2022-11-01,2022,11,305,1,41
2022-11-01 21:43:45,40.765781,-111.90976,1276.2,-9999.0,-9999.0,-9999.0,13.64,23.26,18.58,14.78,1.0,2.0,20.89,14.0,865.5,0.0,38.0,1.87,38.0,827.6,-9999.0,-9999.0,-9999.0,-9999.0,-9999.0,-9999.0,-9999.0,0.0,0,1,"time.struct_time(tm_year=2022, tm_mon=11, tm_mday=1, tm_hour=21, tm_min=43, tm_sec=45, tm_wday=1, tm_yday=305, tm_isdst=-1)",2022-11-01,2022,11,305,1,43
2022-11-01 21:46:15,40.765781,-111.90976,1275.1,-9999.0,-9999.0,-9999.0,13.64,23.29,18.58,14.94,2.0,2.0,20.89,14.0,865.4,0.0,32.4,1.87,38.1,827.5,-9999.0,-9999.0,-9999.0,-9999.0,-9999.0,-9999.0,-9999.0,0.0,0,1,"time.struct_time(tm_year=2022, tm_mon=11, tm_mday=1, tm_hour=21, tm_min=46, tm_sec=15, tm_wday=1, tm_yday=305, tm_isdst=-1)",2022-11-01,2022,11,305,1,46
2022-11-01 21:48:45,40.765774,-111.909752,1274.2,-9999.0,-9999.0,-9999.0,13.64,23.32,18.56,14.59,1.0,2.0,20.89,14.0,865.6,0.0,34.9,1.87,38.1,827.5,-9999.0,-9999.0,-9999.0,-9999.0,-9999.0,-9999.0,-9999.0,0.0,0,1,"time.struct_time(tm_year=2022, tm_mon=11, tm_mday=1, tm_hour=21, tm_min=48, tm_sec=45, tm_wday=1, tm_yday=305, tm_isdst=-1)",2022-11-01,2022,11,305,1,48
2022-11-01 21:51:15,40.765766,-111.909752,1274.2,-9999.0,-9999.0,-9999.0,13.64,23.35,18.54,14.63,2.0,2.0,20.89,13.0,865.6,0.0,35.8,1.87,38.2,827.5,-9999.0,-9999.0,-9999.0,-9999.0,-9999.0,-9999.0,-9999.0,0.0,0,1,"time.struct_time(tm_year=2022, tm_mon=11, tm_mday=1, tm_hour=21, tm_min=51, tm_sec=15, tm_wday=1, tm_yday=305, tm_isdst=-1)",2022-11-01,2022,11,305,1,51
2022-11-01 21:53:45,40.765751,-111.909744,1274.1,-9999.0,-9999.0,-9999.0,13.64,23.37,18.52,14.57,2.0,2.0,20.89,13.0,865.5,0.0,36.3,1.88,38.2,827.5,-9999.0,-9999.0,-9999.0,-9999.0,-9999.0,-9999.0,-9999.0,0.0,0,1,"time.struct_time(tm_year=2022, tm_mon=11, tm_mday=1, tm_hour=21, tm_min=53, tm_sec=45, tm_wday=1, tm_yday=305, tm_isdst=-1)",2022-11-01,2022,11,305,1,53
2022-11-01 21:56:15,40.765747,-111.909729,1273.7,-9999.0,-9999.0,-9999.0,13.64,23.4,18.51,14.78,1.0,2.0,21.0,13.0,865.6,0.0,33.6,1.88,38.2,827.4,-9999.0,-9999.0,-9999.0,-9999.0,-9999.0,-9999.0,-9999.0,0.0,0,1,"time.struct_time(tm_year=2022, tm_mon=11, tm_mday=1, tm_hour=21, tm_min=56, tm_sec=15, tm_wday=1, tm_yday=305, tm_isdst=-1)",2022-11-01,2022,11,305,1,56
2022-11-01 21:59:50,40.765755,-111.909729,1273.1,-9999.0,-9999.0,-9999.0,13.64,23.43,18.46,14.65,2.0,2.0,21.0,13.0,865.2,0.0,37.0,1.86,38.3,827.3,-9999.0,-9999.0,-9999.0,-9999.0,-9999.0,-9999.0,-9999.0,0.0,0,1,"time.struct_time(tm_year=2022, tm_mon=11, tm_mday=1, tm_hour=21, tm_min=59, tm_sec=50, tm_wday=1, tm_yday=305, tm_isdst=-1)",2022-11-01,2022,11,305,1,59
2022-11-01 22:02:20,40.765766,-111.909729,1272.5,-9999.0,-9999.0,-9999.0,13.64,23.44,18.38,14.74,2.0,2.0,21.0,13.0,865.2,0.0,38.1,1.88,38.3,827.3,-9999.0,-9999.0,-9999.0,-9999.0,-9999.0,-9999.0,-9999.0,0.0,0,1,"time.struct_time(tm_year=2022, tm_mon=11, tm_mday=1, tm_hour=22, tm_min=2, tm_sec=20, tm_wday=1, tm_yday=305, tm_isdst=-1)",2022-11-01,2022,11,305,1,2
2022-11-01 22:04:50,40.765766,-111.909714,1271.4,-9999.0,-9999.0,-9999.0,13.64,23.46,18.3,14.89,2.0,2.0,21.0,13.0,865.2,0.0,34.4,1.86,38.4,827.2,-9999.0,-9999.0,-9999.0,-9999.0,-9999.0,-9999.0,-9999.0,0.0,0,1,"time.struct_time(tm_year=2022, tm_mon=11, tm_mday=1, tm_hour=22, tm_min=4, tm_sec=50, tm_wday=1, tm_yday=305, tm_isdst=-1)",2022-11-01,2022,11,305,1,4
2022-11-01 22:07:20,40.765755,-111.909721,1271.0,-9999.0,-9999.0,-9999.0,13.64,23.47,18.28,14.93,2.0,2.0,20.89,13.0,865.1,0.0,33.7,1.87,38.4,827.2,-9999.0,-9999.0,-9999.0,-9999.0,-9999.0,-9999.0,-9999.0,0.0,0,1,"time.struct_time(tm_year=2022, tm_mon=11, tm_mday=1, tm_hour=22, tm_min=7, tm_sec=20, tm_wday=1, tm_yday=305, tm_isdst=-1)",2022-11-01,2022,11,305,1,7
2022-11-01 22:09:50,40.765747,-111.909714,1270.4,-9999.0,-9999.0,-9999.0,13.64,23.47,18.24,15.05,2.0,2.0,20.89,13.0,865.2,0.0,37.7,1.87,38.4,827.2,-9999.0,-9999.0,-9999.0,-9999.0,-9999.0,-9999.0,-9999.0,0.0,0,1,"time.struct_time(tm_year=2022, tm_mon=11, tm_mday=1, tm_hour=22, tm_min=9, tm_sec=50, tm_wday=1, tm_yday=305, tm_isdst=-1)",2022-11-01,2022,11,305,1,9
2022-11-01 22:12:20,40.765732,-111.909698,1268.0,-9999.0,-9999.0,-9999.0,13.64,23.48,18.28,14.94,2.0,2.0,20.89,13.0,865.3,0.0,33.1,1.87,38.5,827.2,-9999.0,-9999.0,-9999.0,-9999.0,-9999.0,-9999.0,-9999.0,0.0,0,1,"time.struct_time(tm_year=2022, tm_mon=11, tm_mday=1, tm_hour=22, tm_min=12, tm_sec=20, tm_wday=1, tm_yday=305, tm_isdst=-1)",2022-11-01,2022,11,305,1,12
2022-11-01 22:14:50,40.765724,-111.909698,1266.7,-9999.0,-9999.0,-9999.0,13.64,23.48,18.32,14.71,2.0,2.0,20.89,13.0,865.2,0.0,32.0,1.86,38.5,827.1,-9999.0,-9999.0,-9999.0,-9999.0,-9999.0,-9999.0,-9999.0,0.0,0,1,"time.struct_time(tm_year=2022, tm_mon=11, tm_mday=1, tm_hour=22, tm_min=14, tm_sec=50, tm_wday=1, tm_yday=305, tm_isdst=-1)",2022-11-01,2022,11,305,1,14
2022-11-01 22:17:20,40.76572,-111.909698,1266.8,-9999.0,-9999.0,-9999.0,13.64,23.49,18.34,14.84,2.0,2.0,20.89,13.0,865.0,0.0,29.6,1.86,38.5,827.2,-9999.0,-9999.0,-9999.0,-9999.0,-9999.0,-9999.0,-9999.0,0.0,0,1,"time.struct_time(tm_year=2022, tm_mon=11, tm_mday=1, tm_hour=22, tm_min=17, tm_sec=20, tm_wday=1, tm_yday=305, tm_isdst=-1)",2022-11-01,2022,11,305,1,17
2022-11-01 22:19:50,40.765709,-111.909714,1266.5,-9999.0,-9999.0,-9999.0,13.64,23.49,18.38,15.04,2.0,2.0,20.89,13.0,865.0,0.0,22.7,1.87,38.5,827.1,-9999.0,-9999.0,-9999.0,-9999.0,-9999.0,-9999.0,-9999.0,0.0,0,1,"time.struct_time(tm_year=2022, tm_mon=11, tm_mday=1, tm_hour=22, tm_min=19, tm_sec=50, tm_wday=1, tm_yday=305, tm_isdst=-1)",2022-11-01,2022,11,305,1,19
2022-11-01 22:22:20,40.765694,-111.909706,1266.8,-9999.0,-9999.0,-9999.0,13.64,23.5,18.48,15.07,2.0,2.0,21.0,13.0,865.2,0.0,30.5,1.88,38.6,827.0,-9999.0,-9999.0,-9999.0,-9999.0,-9999.0,-9999.0,-9999.0,0.0,0,1,"time.struct_time(tm_year=2022, tm_mon=11, tm_mday=1, tm_hour=22, tm_min=22, tm_sec=20, tm_wday=1, tm_yday=305, tm_isdst=-1)",2022-11-01,2022,11,305,1,22
2022-11-01 22:24:50,40.765682,-111.909706,1267.0,-9999.0,-9999.0,-9999.0,13.63,23.51,18.54,14.82,3.0,2.0,21.0,13.0,865.0,0.0,29.6,1.87,38.6,827.0,-9999.0,-9999.0,-9999.0,-9999.0,-9999.0,-9999.0,-9999.0,0.0,0,1,"time.struct_time(tm_year=2022, tm_mon=11, tm_mday=1, tm_hour=22, tm_min=24, tm_sec=50, tm_wday=1, tm_yday=305, tm_isdst=-1)",2022-11-01,2022,11,305,1,24
2022-11-01 22:27:20,40.765686,-111.909706,1266.8,-9999.0,-9999.0,-9999.0,13.64,23.52,18.56,14.93,2.0,2.0,21.0,13.0,864.9,0.0,23.9,1.88,38.6,826.9,-9999.0,-9999.0,-9999.0,-9999.0,-9999.0,-9999.0,-9999.0,0.0,0,1,"time.struct_time(tm_year=2022, tm_mon=11, tm_mday=1, tm_hour=22, tm_min=27, tm_sec=20, tm_wday=1, tm_yday=305, tm_isdst=-1)",2022-11-01,2022,11,305,1,27
2022-11-01 22:29:50,40.765682,-111.909706,1267.0,-9999.0,-9999.0,-9999.0,13.64,23.54,18.56,14.95,2.0,2.0,21.0,13.0,864.9,0.0,30.6,1.87,38.6,826.9,-9999.0,-9999.0,-9999.0,-9999.0,-9999.0,-9999.0,-9999.0,0.0,0,1,"time.struct_time(tm_year=2022, tm_mon=11, tm_mday=1, tm_hour=22, tm_min=29, tm_sec=50, tm_wday=1, tm_yday=305, tm_isdst=-1)",2022-11-01,2022,11,305,1,29
2022-11-01 22:32:20,40.765686,-111.909698,1267.0,-9999.0,-9999.0,-9999.0,13.64,23.55,18.5,15.2,2.0,2.0,21.0,13.0,864.8,0.0,33.8,1.88,38.6,826.9,-9999.0,-9999.0,-9999.0,-9999.0,-9999.0,-9999.0,-9999.0,0.0,0,1,"time.struct_time(tm_year=2022, tm_mon=11, tm_mday=1, tm_hour=22, tm_min=32, tm_sec=20, tm_wday=1, tm_yday=305, tm_isdst=-1)",2022-11-01,2022,11,305,1,32
2022-11-01 22:34:50,40.765682,-111.909706,1267.6,-9999.0,-9999.0,-9999.0,13.64,23.56,18.5,15.03,2.0,2.0,21.0,13.0,864.9,0.0,32.8,1.87,38.6,826.7,-9999.0,-9999.0,-9999.0,-9999.0,-9999.0,-9999.0,-9999.0,0.0,0,1,"time.struct_time(tm_year=2022, tm_mon=11, tm_mday=1, tm_hour=22, tm_min=34, tm_sec=50, tm_wday=1, tm_yday=305, tm_isdst=-1)",2022-11-01,2022,11,305,1,34
2022-11-01 22:37:20,40.765671,-111.909706,1269.1,-9999.0,-9999.0,-9999.0,13.64,23.56,18.6,15.14,2.0,2.0,21.0,13.0,864.7,0.0,28.2,1.87,38.7,826.8,-9999.0,-9999.0,-9999.0,-9999.0,-9999.0,-9999.0,-9999.0,0.0,0,1,"time.struct_time(tm_year=2022, tm_mon=11, tm_mday=1, tm_hour=22, tm_min=37, tm_sec=20, tm_wday=1, tm_yday=305, tm_isdst=-1)",2022-11-01,2022,11,305,1,37
2022-11-01 22:39:50,40.765671,-111.909706,1269.2,-9999.0,-9999.0,-9999.0,13.64,23.57,18.66,14.77,2.0,2.0,21.11,13.0,864.5,0.0,30.5,1.87,38.7,826.6,-9999.0,-9999.0,-9999.0,-9999.0,-9999.0,-9999.0,-9999.0,0.0,0,1,"time.struct_time(tm_year=2022, tm_mon=11, tm_mday=1, tm_hour=22, tm_min=39, tm_sec=50, tm_wday=1, tm_yday=305, tm_isdst=-1)",2022-11-01,2022,11,305,1,39
2022-11-01 22:42:20,40.765678,-111.909698,1269.7,-9999.0,-9999.0,-9999.0,13.63,23.59,18.64,14.65,2.0,2.0,21.11,13.0,864.4,0.0,33.0,1.88,38.7,826.4,-9999.0,-9999.0,-9999.0,-9999.0,-9999.0,-9999.0,-9999.0,0.0,0,1,"time.struct_time(tm_year=2022, tm_mon=11, tm_mday=1, tm_hour=22, tm_min=42, tm_sec=20, tm_wday=1, tm_yday=305, tm_isdst=-1)",2022-11-01,2022,11,305,1,42
2022-11-01 22:44:50,40.765686,-111.909706,1270.7,-9999.0,-9999.0,-9999.0,13.64,23.6,18.56,14.41,3.0,2.0,21.11,13.0,864.3,0.0,39.0,1.87,38.7,826.3,-9999.0,-9999.0,-9999.0,-9999.0,-9999.0,-9999.0,-9999.0,0.0,0,1,"time.struct_time(tm_year=2022, tm_mon=11, tm_mday=1, tm_hour=22, tm_min=44, tm_sec=50, tm_wday=1, tm_yday=305, tm_isdst=-1)",2022-11-01,2022,11,305,1,44
2022-11-01 22:47:20,40.765682,-111.909706,1271.5,-9999.0,-9999.0,-9999.0,13.64,23.61,18.5,14.62,2.0,2.0,21.11,13.0,864.4,0.0,34.0,1.88,38.7,826.3,-9999.0,-9999.0,-9999.0,-9999.0,-9999.0,-9999.0,-9999.0,0.0,0,1,"time.struct_time(tm_year=2022, tm_mon=11, tm_mday=1, tm_hour=22, tm_min=47, tm_sec=20, tm_wday=1, tm_yday=305, tm_isdst=-1)",2022-11-01,2022,11,305,1,47
2022-11-01 22:49:50,40.765686,-111.909721,1272.5,-9999.0,-9999.0,-9999.0,13.64,23.61,18.4,14.41,2.0,2.0,21.11,13.0,864.2,0.0,36.0,1.87,38.7,826.3,-9999.0,-9999.0,-9999.0,-9999.0,-9999.0,-9999.0,-9999.0,0.0,0,1,"time.struct_time(tm_year=2022, tm_mon=11, tm_mday=1, tm_hour=22, tm_min=49, tm_sec=50, tm_wday=1, tm_yday=305, tm_isdst=-1)",2022-11-01,2022,11,305,1,49
2022-11-01 22:52:20,40.765675,-111.909721,1274.3,-9999.0,-9999.0,-9999.0,13.64,23.61,18.4,14.57,3.0,2.0,21.11,13.0,864.4,0.0,39.0,1.87,38.8,826.3,-9999.0,-9999.0,-9999.0,-9999.0,-9999.0,-9999.0,-9999.0,0.0,0,1,"time.struct_time(tm_year=2022, tm_mon=11, tm_mday=1, tm_hour=22, tm_min=52, tm_sec=20, tm_wday=1, tm_yday=305, tm_isdst=-1)",2022-11-01,2022,11,305,1,52
2022-11-01 22:54:50,40.765686,-111.909729,1275.4,-9999.0,-9999.0,-9999.0,13.64,23.61,18.42,14.63,2.0,2.0,21.11,12.0,864.3,0.0,37.0,1.87,38.8,826.3,-9999.0,-9999.0,-9999.0,-9999.0,-9999.0,-9999.0,-9999.0,0.0,0,1,"time.struct_time(tm_year=2022, tm_mon=11, tm_mday=1, tm_hour=22, tm_min=54, tm_sec=50, tm_wday=1, tm_yday=305, tm_isdst=-1)",2022-11-01,2022,11,305,1,54
2022-11-01 22:57:20,40.765686,-111.909729,1275.1,-9999.0,-9999.0,-9999.0,13.64,23.61,18.34,14.81,2.0,2.0,21.11,13.0,864.3,0.0,37.1,1.87,38.8,826.4,-9999.0,-9999.0,-9999.0,-9999.0,-9999.0,-9999.0,-9999.0,0.0,0,1,"time.struct_time(tm_year=2022, tm_mon=11, tm_mday=1, tm_hour=22, tm_min=57, tm_sec=20, tm_wday=1, tm_yday=305, tm_isdst=-1)",2022-11-01,2022,11,305,1,57
2022-11-01 23:00:55,40.765686,-111.909729,1275.8,-9999.0,-9999.0,-9999.0,13.64,23.61,18.28,14.86,2.0,2.0,21.0,13.0,864.4,0.0,38.3,1.88,38.8,826.3,-9999.0,-9999.0,-9999.0,-9999.0,-9999.0,-9999.0,-9999.0,0.0,0,1,"time.struct_time(tm_year=2022, tm_mon=11, tm_mday=1, tm_hour=23, tm_min=0, tm_sec=55, tm_wday=1, tm_yday=305, tm_isdst=-1)",2022-11-01,2022,11,305,1,0
2022-11-01 23:03:25,40.765686,-111.909714,1275.8,-9999.0,-9999.0,-9999.0,13.64,23.6,18.32,15.19,1.0,2.0,21.0,13.0,864.3,0.0,32.4,1.88,38.8,826.3,-9999.0,-9999.0,-9999.0,-9999.0,-9999.0,-9999.0,-9999.0,0.0,0,1,"time.struct_time(tm_year=2022, tm_mon=11, tm_mday=1, tm_hour=23, tm_min=3, tm_sec=25, tm_wday=1, tm_yday=305, tm_isdst=-1)",2022-11-01,2022,11,305,1,3
2022-11-01 23:05:55,40.76569,-111.909714,1277.4,-9999.0,-9999.0,-9999.0,13.64,23.6,18.28,15.22,2.0,2.0,21.0,13.0,864.1,0.0,33.1,1.87,38.8,826.2,-9999.0,-9999.0,-9999.0,-9999.0,-9999.0,-9999.0,-9999.0,0.0,0,1,"time.struct_time(tm_year=2022, tm_mon=11, tm_mday=1, tm_hour=23, tm_min=5, tm_sec=55, tm_wday=1, tm_yday=305, tm_isdst=-1)",2022-11-01,2022,11,305,1,5
2022-11-01 23:08:25,40.765678,-111.909721,1278.1,-9999.0,-9999.0,-9999.0,13.64,23.6,18.26,15.0,1.0,2.0,21.0,13.0,864.0,0.0,32.2,1.87,38.8,826.1,-9999.0,-9999.0,-9999.0,-9999.0,-9999.0,-9999.0,-9999.0,0.0,0,1,"time.struct_time(tm_year=2022, tm_mon=11, tm_mday=1, tm_hour=23, tm_min=8, tm_sec=25, tm_wday=1, tm_yday=305, tm_isdst=-1)",2022-11-01,2022,11,305,1,8
2022-11-01 23:10:55,40.765678,-111.909714,1279.1,-9999.0,-9999.0,-9999.0,13.64,23.59,18.24,15.21,3.0,2.0,21.0,13.0,864.2,0.0,29.1,1.87,38.8,826.1,-9999.0,-9999.0,-9999.0,-9999.0,-9999.0,-9999.0,-9999.0,0.0,0,1,"time.struct_time(tm_year=2022, tm_mon=11, tm_mday=1, tm_hour=23, tm_min=10, tm_sec=55, tm_wday=1, tm_yday=305, tm_isdst=-1)",2022-11-01,2022,11,305,1,10
2022-11-01 23:13:25,40.765663,-111.909721,1280.2,-9999.0,-9999.0,-9999.0,13.64,23.58,18.22,15.19,1.0,2.0,21.0,13.0,864.1,0.0,25.9,1.88,38.8,826.0,-9999.0,-9999.0,-9999.0,-9999.0,-9999.0,-9999.0,-9999.0,0.0,0,1,"time.struct_time(tm_year=2022, tm_mon=11, tm_mday=1, tm_hour=23, tm_min=13, tm_sec=25, tm_wday=1, tm_yday=305, tm_isdst=-1)",2022-11-01,2022,11,305,1,13
2022-11-01 23:15:55,40.765675,-111.909714,1280.6,-9999.0,-9999.0,-9999.0,13.64,23.58,18.18,15.05,2.0,2.0,21.0,13.0,864.2,0.0,32.7,1.87,38.8,826.1,-9999.0,-9999.0,-9999.0,-9999.0,-9999.0,-9999.0,-9999.0,0.0,0,1,"time.struct_time(tm_year=2022, tm_mon=11, tm_mday=1, tm_hour=23, tm_min=15, tm_sec=55, tm_wday=1, tm_yday=305, tm_isdst=-1)",2022-11-01,2022,11,305,1,15
2022-11-01 23:18:25,40.765675,-111.909721,1281.8,-9999.0,-9999.0,-9999.0,13.64,23.57,18.16,14.79,1.0,2.0,20.89,13.0,864.0,0.0,34.2,1.88,38.8,826.0,-9999.0,-9999.0,-9999.0,-9999.0,-9999.0,-9999.0,-9999.0,0.0,0,1,"time.struct_time(tm_year=2022, tm_mon=11, tm_mday=1, tm_hour=23, tm_min=18, tm_sec=25, tm_wday=1, tm_yday=305, tm_isdst=-1)",2022-11-01,2022,11,305,1,18
2022-11-01 23:20:55,40.765678,-111.909721,1281.7,-9999.0,-9999.0,-9999.0,13.64,23.56,18.14,15.04,1.0,2.0,20.89,13.0,864.0,0.0,38.7,1.89,38.8,826.0,-9999.0,-9999.0,-9999.0,-9999.0,-9999.0,-9999.0,-9999.0,0.0,0,1,"time.struct_time(tm_year=2022, tm_mon=11, tm_mday=1, tm_hour=23, tm_min=20, tm_sec=55, tm_wday=1, tm_yday=305, tm_isdst=-1)",2022-11-01,2022,11,305,1,20
2022-11-01 23:23:25,40.765678,-111.909721,1282.0,-9999.0,-9999.0,-9999.0,13.64,23.55,18.14,15.13,2.0,2.0,20.89,13.0,863.9,0.0,30.8,1.87,38.8,826.0,-9999.0,-9999.0,-9999.0,-9999.0,-9999.0,-9999.0,-9999.0,0.0,0,1,"time.struct_time(tm_year=2022, tm_mon=11, tm_mday=1, tm_hour=23, tm_min=23, tm_sec=25, tm_wday=1, tm_yday=305, tm_isdst=-1)",2022-11-01,2022,11,305,1,23
2022-11-01 23:25:55,40.76569,-111.909729,1283.0,-9999.0,-9999.0,-9999.0,13.64,23.54,18.18,14.87,1.0,2.0,20.89,13.0,864.2,0.0,34.8,1.88,38.8,826.0,-9999.0,-9999.0,-9999.0,-9999.0,-9999.0,-9999.0,-9999.0,0.0,0,1,"time.struct_time(tm_year=2022, tm_mon=11, tm_mday=1, tm_hour=23, tm_min=25, tm_sec=55, tm_wday=1, tm_yday=305, tm_isdst=-1)",2022-11-01,2022,11,305,1,25
2022-11-01 23:28:25,40.765697,-111.909737,1282.5,-9999.0,-9999.0,-9999.0,13.64,23.53,18.16,14.87,2.0,2.0,20.89,12.0,864.1,0.0,38.4,1.88,38.8,825.9,-9999.0,-9999.0,-9999.0,-9999.0,-9999.0,-9999.0,-9999.0,0.0,0,1,"time.struct_time(tm_year=2022, tm_mon=11, tm_mday=1, tm_hour=23, tm_min=28, tm_sec=25, tm_wday=1, tm_yday=305, tm_isdst=-1)",2022-11-01,2022,11,305,1,28
2022-11-01 23:30:55,40.765701,-111.909737,1282.7,-9999.0,-9999.0,-9999.0,13.64,23.51,18.14,14.91,2.0,2.0,20.89,12.0,863.8,0.0,30.2,1.87,38.8,825.9,-9999.0,-9999.0,-9999.0,-9999.0,-9999.0,-9999.0,-9999.0,0.0,0,1,"time.struct_time(tm_year=2022, tm_mon=11, tm_mday=1, tm_hour=23, tm_min=30, tm_sec=55, tm_wday=1, tm_yday=305, tm_isdst=-1)",2022-11-01,2022,11,305,1,30
2022-11-01 23:33:25,40.765701,-111.909744,1282.5,-9999.0,-9999.0,-9999.0,13.64,23.5,18.17,14.77,1.0,2.0,20.89,12.0,863.7,0.0,33.0,1.88,38.8,825.8,-9999.0,-9999.0,-9999.0,-9999.0,-9999.0,-9999.0,-9999.0,0.0,0,1,"time.struct_time(tm_year=2022, tm_mon=11, tm_mday=1, tm_hour=23, tm_min=33, tm_sec=25, tm_wday=1, tm_yday=305, tm_isdst=-1)",2022-11-01,2022,11,305,1,33
2022-11-01 23:35:55,40.765724,-111.909752,1281.8,-9999.0,-9999.0,-9999.0,13.64,23.49,18.12,14.69,2.0,2.0,20.89,12.0,863.7,0.0,33.8,1.88,38.8,825.8,-9999.0,-9999.0,-9999.0,-9999.0,-9999.0,-9999.0,-9999.0,0.0,0,1,"time.struct_time(tm_year=2022, tm_mon=11, tm_mday=1, tm_hour=23, tm_min=35, tm_sec=55, tm_wday=1, tm_yday=305, tm_isdst=-1)",2022-11-01,2022,11,305,1,35
2022-11-01 23:38:25,40.765728,-111.90976,1281.2,-9999.0,-9999.0,-9999.0,13.64,23.47,18.08,14.69,1.0,2.0,20.78,12.0,863.7,0.0,38.9,1.89,38.8,825.8,-9999.0,-9999.0,-9999.0,-9999.0,-9999.0,-9999.0,-9999.0,0.0,0,1,"time.struct_time(tm_year=2022, tm_mon=11, tm_mday=1, tm_hour=23, tm_min=38, tm_sec=25, tm_wday=1, tm_yday=305, tm_isdst=-1)",2022-11-01,2022,11,305,1,38
2022-11-01 23:40:55,40.765732,-111.909775,1281.2,-9999.0,-9999.0,-9999.0,13.63,23.46,18.08,14.83,2.0,2.0,20.78,12.0,863.6,0.0,31.6,1.88,38.8,825.7,-9999.0,-9999.0,-9999.0,-9999.0,-9999.0,-9999.0,-9999.0,0.0,0,1,"time.struct_time(tm_year=2022, tm_mon=11, tm_mday=1, tm_hour=23, tm_min=40, tm_sec=55, tm_wday=1, tm_yday=305, tm_isdst=-1)",2022-11-01,2022,11,305,1,40
2022-11-01 23:43:25,40.765739,-111.909775,1280.7,-9999.0,-9999.0,-9999.0,13.64,23.44,18.08,14.57,2.0,2.0,20.72,12.0,863.7,0.0,38.3,1.87,38.8,825.6,-9999.0,-9999.0,-9999.0,-9999.0,-9999.0,-9999.0,-9999.0,0.0,0,1,"time.struct_time(tm_year=2022, tm_mon=11, tm_mday=1, tm_hour=23, tm_min=43, tm_sec=25, tm_wday=1, tm_yday=305, tm_isdst=-1)",2022-11-01,2022,11,305,1,43
2022-11-01 23:45:55,40.765755,-111.909767,1280.5,-9999.0,-9999.0,-9999.0,13.64,23.42,18.11,14.47,2.0,2.0,20.72,12.0,863.6,0.0,33.3,1.87,38.8,825.6,-9999.0,-9999.0,-9999.0,-9999.0,-9999.0,-9999.0,-9999.0,0.0,0,1,"time.struct_time(tm_year=2022, tm_mon=11, tm_mday=1, tm_hour=23, tm_min=45, tm_sec=55, tm_wday=1, tm_yday=305, tm_isdst=-1)",2022-11-01,2022,11,305,1,45
2022-11-01 23:48:25,40.765759,-111.909767,1280.6,-9999.0,-9999.0,-9999.0,13.64,23.4,18.2,14.34,2.0,2.0,20.72,12.0,863.8,0.0,32.2,1.88,38.8,825.6,-9999.0,-9999.0,-9999.0,-9999.0,-9999.0,-9999.0,-9999.0,0.0,0,1,"time.struct_time(tm_year=2022, tm_mon=11, tm_mday=1, tm_hour=23, tm_min=48, tm_sec=25, tm_wday=1, tm_yday=305, tm_isdst=-1)",2022-11-01,2022,11,305,1,48
2022-11-01 23:50:55,40.765762,-111.90976,1280.5,-9999.0,-9999.0,-9999.0,13.64,23.38,18.22,14.31,2.0,2.0,20.61,12.0,863.5,0.0,37.5,1.87,38.8,825.5,-9999.0,-9999.0,-9999.0,-9999.0,-9999.0,-9999.0,-9999.0,0.0,0,1,"time.struct_time(tm_year=2022, tm_mon=11, tm_mday=1, tm_hour=23, tm_min=50, tm_sec=55, tm_wday=1, tm_yday=305, tm_isdst=-1)",2022-11-01,2022,11,305,1,50
2022-11-01 23:53:25,40.765762,-111.90976,1280.4,-9999.0,-9999.0,-9999.0,13.64,23.36,18.2,14.37,2.0,2.0,20.61,12.0,863.4,0.0,34.2,1.88,38.8,825.5,-9999.0,-9999.0,-9999.0,-9999.0,-9999.0,-9999.0,-9999.0,0.0,0,1,"time.struct_time(tm_year=2022, tm_mon=11, tm_mday=1, tm_hour=23, tm_min=53, tm_sec=25, tm_wday=1, tm_yday=305, tm_isdst=-1)",2022-11-01,2022,11,305,1,53
2022-11-01 23:55:55,40.765778,-111.90976,1280.5,-9999.0,-9999.0,-9999.0,13.64,23.34,18.16,14.59,2.0,2.0,20.61,12.0,863.4,0.0,29.5,1.87,38.8,825.5,-9999.0,-9999.0,-9999.0,-9999.0,-9999.0,-9999.0,-9999.0,0.0,0,1,"time.struct_time(tm_year=2022, tm_mon=11, tm_mday=1, tm_hour=23, tm_min=55, tm_sec=55, tm_wday=1, tm_yday=305, tm_isdst=-1)",2022-11-01,2022,11,305,1,55
2022-11-01 23:58:25,40.765785,-111.90976,1280.7,-9999.0,-9999.0,-9999.0,13.64,23.32,18.12,14.45,1.0,2.0,20.61,12.0,863.5,0.0,30.4,1.88,38.7,825.5,-9999.0,-9999.0,-9999.0,-9999.0,-9999.0,-9999.0,-9999.0,0.0,0,1,"time.struct_time(tm_year=2022, tm_mon=11, tm_mday=1, tm_hour=23, tm_min=58, tm_sec=25, tm_wday=1, tm_yday=305, tm_isdst=-1)",2022-11-01,2022,11,305,1,58
2022-11-02 00:02:00,40.765793,-111.90976,1280.4,-9999.0,-9999.0,-9999.0,13.64,23.29,18.07,14.4,2.0,2.0,20.5,12.0,863.6,0.0,37.1,1.88,38.7,825.5,-9999.0,-9999.0,-9999.0,-9999.0,-9999.0,-9999.0,-9999.0,0.0,0,1,"time.struct_time(tm_year=2022, tm_mon=11, tm_mday=2, tm_hour=0, tm_min=2, tm_sec=0, tm_wday=2, tm_yday=306, tm_isdst=-1)",2022-11-02,2022,11,306,2,2
2022-11-02 00:04:30,40.765797,-111.90976,1280.7,-9999.0,-9999.0,-9999.0,13.64,23.26,17.95,14.58,1.0,2.0,20.5,12.0,863.5,0.0,33.8,1.88,38.7,825.5,-9999.0,-9999.0,-9999.0,-9999.0,-9999.0,-9999.0,-9999.0,0.0,0,1,"time.struct_time(tm_year=2022, tm_mon=11, tm_mday=2, tm_hour=0, tm_min=4, tm_sec=30, tm_wday=2, tm_yday=306, tm_isdst=-1)",2022-11-02,2022,11,306,2,4
2022-11-02 00:07:00,40.765785,-111.90976,1280.8,-9999.0,-9999.0,-9999.0,13.64,23.24,17.81,14.71,2.0,2.0,20.39,12.0,863.7,0.0,34.5,1.87,38.7,825.6,-9999.0,-9999.0,-9999.0,-9999.0,-9999.0,-9999.0,-9999.0,0.0,0,1,"time.struct_time(tm_year=2022, tm_mon=11, tm_mday=2, tm_hour=0, tm_min=7, tm_sec=0, tm_wday=2, tm_yday=306, tm_isdst=-1)",2022-11-02,2022,11,306,2,7
2022-11-02 00:09:30,40.765785,-111.90976,1280.6,-9999.0,-9999.0,-9999.0,13.64,23.21,17.73,14.82,1.0,2.0,20.39,12.0,863.7,0.0,33.4,1.87,38.7,825.6,-9999.0,-9999.0,-9999.0,-9999.0,-9999.0,-9999.0,-9999.0,0.0,0,1,"time.struct_time(tm_year=2022, tm_mon=11, tm_mday=2, tm_hour=0, tm_min=9, tm_sec=30, tm_wday=2, tm_yday=306, tm_isdst=-1)",2022-11-02,2022,11,306,2,9
2022-11-02 00:12:00,40.765793,-111.90976,1281.4,-9999.0,-9999.0,-9999.0,13.64,23.19,17.61,14.99,1.0,2.0,20.39,12.0,863.6,0.0,31.0,1.88,38.7,825.5,-9999.0,-9999.0,-9999.0,-9999.0,-9999.0,-9999.0,-9999.0,0.0,0,1,"time.struct_time(tm_year=2022, tm_mon=11, tm_mday=2, tm_hour=0, tm_min=12, tm_sec=0, tm_wday=2, tm_yday=306, tm_isdst=-1)",2022-11-02,2022,11,306,2,12
2022-11-02 00:14:30,40.765797,-111.90976,1282.4,-9999.0,-9999.0,-9999.0,13.64,23.16,17.55,15.07,2.0,2.0,20.28,12.0,863.8,0.0,33.2,1.87,38.6,825.7,-9999.0,-9999.0,-9999.0,-9999.0,-9999.0,-9999.0,-9999.0,0.0,0,1,"time.struct_time(tm_year=2022, tm_mon=11, tm_mday=2, tm_hour=0, tm_min=14, tm_sec=30, tm_wday=2, tm_yday=306, tm_isdst=-1)",2022-11-02,2022,11,306,2,14
2022-11-02 00:17:00,40.7658,-111.90976,1282.3,-9999.0,-9999.0,-9999.0,13.64,23.13,17.49,15.1,1.0,2.0,20.28,12.0,863.5,0.0,33.3,1.88,38.6,825.7,-9999.0,-9999.0,-9999.0,-9999.0,-9999.0,-9999.0,-9999.0,0.0,0,1,"time.struct_time(tm_year=2022, tm_mon=11, tm_mday=2, tm_hour=0, tm_min=17, tm_sec=0, tm_wday=2, tm_yday=306, tm_isdst=-1)",2022-11-02,2022,11,306,2,17
2022-11-02 00:19:30,40.765808,-111.909752,1283.1,-9999.0,-9999.0,-9999.0,13.64,23.1,17.46,15.21,1.0,2.0,20.28,12.0,863.5,0.0,31.6,1.88,38.6,825.6,-9999.0,-9999.0,-9999.0,-9999.0,-9999.0,-9999.0,-9999.0,0.0,0,1,"time.struct_time(tm_year=2022, tm_mon=11, tm_mday=2, tm_hour=0, tm_min=19, tm_sec=30, tm_wday=2, tm_yday=306, tm_isdst=-1)",2022-11-02,2022,11,306,2,19
2022-11-02 00:22:00,40.7658,-111.909744,1283.7,-9999.0,-9999.0,-9999.0,13.64,23.07,17.41,15.15,1.0,2.0,20.22,12.0,863.4,0.0,33.9,1.86,38.6,825.6,-9999.0,-9999.0,-9999.0,-9999.0,-9999.0,-9999.0,-9999.0,0.0,0,1,"time.struct_time(tm_year=2022, tm_mon=11, tm_mday=2, tm_hour=0, tm_min=22, tm_sec=0, tm_wday=2, tm_yday=306, tm_isdst=-1)",2022-11-02,2022,11,306,2,22
2022-11-02 00:24:30,40.765808,-111.909744,1284.2,-9999.0,-9999.0,-9999.0,13.64,23.04,17.37,15.43,3.0,2.0,20.22,12.0,863.5,0.0,24.1,1.87,38.6,825.5,-9999.0,-9999.0,-9999.0,-9999.0,-9999.0,-9999.0,-9999.0,0.0,0,1,"time.struct_time(tm_year=2022, tm_mon=11, tm_mday=2, tm_hour=0, tm_min=24, tm_sec=30, tm_wday=2, tm_yday=306, tm_isdst=-1)",2022-11-02,2022,11,306,2,24
2022-11-02 00:27:00,40.765808,-111.909744,1284.3,-9999.0,-9999.0,-9999.0,13.64,23.0,17.31,15.39,1.0,2.0,20.11,12.0,863.4,0.0,34.6,1.88,38.5,825.5,-9999.0,-9999.0,-9999.0,-9999.0,-9999.0,-9999.0,-9999.0,0.0,0,1,"time.struct_time(tm_year=2022, tm_mon=11, tm_mday=2, tm_hour=0, tm_min=27, tm_sec=0, tm_wday=2, tm_yday=306, tm_isdst=-1)",2022-11-02,2022,11,306,2,27
2022-11-02 00:29:30,40.765789,-111.909752,1284.2,-9999.0,-9999.0,-9999.0,13.64,22.97,17.3,15.55,1.0,2.0,20.11,12.0,863.5,0.0,35.3,1.87,38.5,825.6,-9999.0,-9999.0,-9999.0,-9999.0,-9999.0,-9999.0,-9999.0,0.0,0,1,"time.struct_time(tm_year=2022, tm_mon=11, tm_mday=2, tm_hour=0, tm_min=29, tm_sec=30, tm_wday=2, tm_yday=306, tm_isdst=-1)",2022-11-02,2022,11,306,2,29
2022-11-02 00:32:00,40.765793,-111.909752,1284.3,-9999.0,-9999.0,-9999.0,13.63,22.94,17.27,15.75,1.0,2.0,20.11,12.0,863.7,0.0,31.6,1.87,38.5,825.6,-9999.0,-9999.0,-9999.0,-9999.0,-9999.0,-9999.0,-9999.0,0.0,0,1,"time.struct_time(tm_year=2022, tm_mon=11, tm_mday=2, tm_hour=0, tm_min=32, tm_sec=0, tm_wday=2, tm_yday=306, tm_isdst=-1)",2022-11-02,2022,11,306,2,32
2022-11-02 00:34:30,40.765789,-111.909752,1284.0,-9999.0,-9999.0,-9999.0,13.64,22.91,17.25,15.73,1.0,2.0,20.0,12.0,863.7,0.0,29.2,1.87,38.5,825.6,-9999.0,-9999.0,-9999.0,-9999.0,-9999.0,-9999.0,-9999.0,0.0,0,1,"time.struct_time(tm_year=2022, tm_mon=11, tm_mday=2, tm_hour=0, tm_min=34, tm_sec=30, tm_wday=2, tm_yday=306, tm_isdst=-1)",2022-11-02,2022,11,306,2,34
2022-11-02 00:37:00,40.765797,-111.90976,1284.2,-9999.0,-9999.0,-9999.0,13.63,22.87,17.21,15.79,1.0,2.0,20.0,12.0,863.7,0.0,33.9,1.88,38.5,825.5,-9999.0,-9999.0,-9999.0,-9999.0,-9999.0,-9999.0,-9999.0,0.0,0,1,"time.struct_time(tm_year=2022, tm_mon=11, tm_mday=2, tm_hour=0, tm_min=37, tm_sec=0, tm_wday=2, tm_yday=306, tm_isdst=-1)",2022-11-02,2022,11,306,2,37
2022-11-02 00:39:30,40.765797,-111.909767,1284.0,-9999.0,-9999.0,-9999.0,13.64,22.84,17.17,15.89,1.0,2.0,20.0,12.0,863.4,0.0,35.1,1.87,38.4,825.5,-9999.0,-9999.0,-9999.0,-9999.0,-9999.0,-9999.0,-9999.0,0.0,0,1,"time.struct_time(tm_year=2022, tm_mon=11, tm_mday=2, tm_hour=0, tm_min=39, tm_sec=30, tm_wday=2, tm_yday=306, tm_isdst=-1)",2022-11-02,2022,11,306,2,39
2022-11-02 00:42:00,40.765793,-111.909775,1284.4,-9999.0,-9999.0,-9999.0,13.64,22.81,17.15,15.91,1.0,2.0,20.0,12.0,863.6,0.0,31.9,1.87,38.4,825.6,-9999.0,-9999.0,-9999.0,-9999.0,-9999.0,-9999.0,-9999.0,0.0,0,1,"time.struct_time(tm_year=2022, tm_mon=11, tm_mday=2, tm_hour=0, tm_min=42, tm_sec=0, tm_wday=2, tm_yday=306, tm_isdst=-1)",2022-11-02,2022,11,306,2,42
2022-11-02 00:44:30,40.765793,-111.909767,1284.5,-9999.0,-9999.0,-9999.0,13.64,22.78,17.13,15.97,1.0,2.0,19.89,12.0,863.6,0.0,35.0,1.87,38.4,825.6,-9999.0,-9999.0,-9999.0,-9999.0,-9999.0,-9999.0,-9999.0,0.0,0,1,"time.struct_time(tm_year=2022, tm_mon=11, tm_mday=2, tm_hour=0, tm_min=44, tm_sec=30, tm_wday=2, tm_yday=306, tm_isdst=-1)",2022-11-02,2022,11,306,2,44
2022-11-02 00:47:00,40.765789,-111.909775,1285.0,-9999.0,-9999.0,-9999.0,13.63,22.75,17.11,16.01,2.0,2.0,19.89,12.0,863.8,0.0,35.9,1.87,38.4,825.6,-9999.0,-9999.0,-9999.0,-9999.0,-9999.0,-9999.0,-9999.0,0.0,0,1,"time.struct_time(tm_year=2022, tm_mon=11, tm_mday=2, tm_hour=0, tm_min=47, tm_sec=0, tm_wday=2, tm_yday=306, tm_isdst=-1)",2022-11-02,2022,11,306,2,47
2022-11-02 00:49:30,40.765785,-111.909775,1285.0,-9999.0,-9999.0,-9999.0,13.64,22.72,17.08,15.89,1.0,2.0,19.78,12.0,863.5,0.0,38.2,1.87,38.3,825.5,-9999.0,-9999.0,-9999.0,-9999.0,-9999.0,-9999.0,-9999.0,0.0,0,1,"time.struct_time(tm_year=2022, tm_mon=11, tm_mday=2, tm_hour=0, tm_min=49, tm_sec=30, tm_wday=2, tm_yday=306, tm_isdst=-1)",2022-11-02,2022,11,306,2,49
2022-11-02 00:52:00,40.765793,-111.909775,1284.6,-9999.0,-9999.0,-9999.0,13.64,22.69,17.05,16.01,2.0,2.0,19.78,12.0,863.6,0.0,38.5,1.87,38.3,825.5,-9999.0,-9999.0,-9999.0,-9999.0,-9999.0,-9999.0,-9999.0,0.0,0,1,"time.struct_time(tm_year=2022, tm_mon=11, tm_mday=2, tm_hour=0, tm_min=52, tm_sec=0, tm_wday=2, tm_yday=306, tm_isdst=-1)",2022-11-02,2022,11,306,2,52
2022-11-02 00:54:30,40.765793,-111.909767,1284.1,-9999.0,-9999.0,-9999.0,13.64,22.66,17.03,16.17,2.0,2.0,19.78,13.0,863.5,0.0,34.6,1.87,38.3,825.6,-9999.0,-9999.0,-9999.0,-9999.0,-9999.0,-9999.0,-9999.0,0.0,0,1,"time.struct_time(tm_year=2022, tm_mon=11, tm_mday=2, tm_hour=0, tm_min=54, tm_sec=30, tm_wday=2, tm_yday=306, tm_isdst=-1)",2022-11-02,2022,11,306,2,54
2022-11-02 00:57:00,40.765789,-111.909767,1282.8,-9999.0,-9999.0,-9999.0,13.64,22.63,16.99,16.32,1.0,2.0,19.78,13.0,863.5,0.0,39.4,1.88,38.2,825.5,-9999.0,-9999.0,-9999.0,-9999.0,-9999.0,-9999.0,-9999.0,0.0,0,1,"time.struct_time(tm_year=2022, tm_mon=11, tm_mday=2, tm_hour=0, tm_min=57, tm_sec=0, tm_wday=2, tm_yday=306, tm_isdst=-1)",2022-11-02,2022,11,306,2,57
2022-11-02 00:59:30,40.765793,-111.909767,1281.6,-9999.0,-9999.0,-9999.0,13.64,22.6,16.97,16.21,1.0,2.0,19.72,13.0,863.7,0.0,18.8,1.88,38.2,825.6,-9999.0,-9999.0,-9999.0,-9999.0,-9999.0,-9999.0,-9999.0,0.0,0,1,"time.struct_time(tm_year=2022, tm_mon=11, tm_mday=2, tm_hour=0, tm_min=59, tm_sec=30, tm_wday=2, tm_yday=306, tm_isdst=-1)",2022-11-02,2022,11,306,2,59
2022-11-02 01:03:05,40.765789,-111.909752,1281.3,-9999.0,-9999.0,-9999.0,13.64,22.55,16.93,16.37,2.0,2.0,19.72,13.0,863.6,0.0,27.3,1.87,38.2,825.5,-9999.0,-9999.0,-9999.0,-9999.0,-9999.0,-9999.0,-9999.0,0.0,0,1,"time.struct_time(tm_year=2022, tm_mon=11, tm_mday=2, tm_hour=1, tm_min=3, tm_sec=5, tm_wday=2, tm_yday=306, tm_isdst=-1)",2022-11-02,2022,11,306,2,3
