Timestamp_UTC,Latitude_ddeg,Longitude_ddeg,Elevation_m,GPS_Speed_m/s,GPS_Direction_deg,GPS_RMC_Valid_binary,Battery_Voltage_volts,Bus_Box_Temperature_degC,Bus_Top_Temperature_degC,Bus_Top_Relative_Humidity_%,ES642_PM2.5_Concentration_ug/m3,ES642_Air_Flow_Rate_L/min,ES642_Internal_Air_Temperature_degC,ES642_Internal_Relative_Humidity_%,ES642_Internal_Air_Pressure_hpa,ES642_Error_Code_code,2B_Ozone_Concentration_ppbv,2B_Air_Flow_Rate_L/min,2B_Internal_Air_Temperature_degC,2B_Internal_Air_Pressure_hpa,2B405_NO_Concentration_ppbv,2B405_NO2_Concentration_ppbv,2B405_NOX_Concentration_ppbv,2B405_Internal_Air_Temperature_degC,2B405_Internal_Air_Pressure_hpa,2B405_Air_Flow_Rate_L/min,2B405_Cell_O3_Flow_Rate_mL/min,PM2.5_Data_Flagged_binary,Ozone_Data_Flagged_binary,GPS_Data_Flagged_binary,Time_Tuple,Date,Year,Month,Day_of_Year,Day_of_Month,Minute
2021-10-08 19:23:35,40.765476,-111.908806,1276.2,-9999.0,-9999.0,-9999.0,13.0,20.48,19.84,52.52,3.0,2.0,19.61,38.0,870.4,0.0,15.7,2.17,31.9,823.7,-6.0,6.8,0.8,19.8,818.0,1.5,70.0,0.0,0,1,"time.struct_time(tm_year=2021, tm_mon=10, tm_mday=8, tm_hour=19, tm_min=23, tm_sec=35, tm_wday=4, tm_yday=281, tm_isdst=-1)",2021-10-08,2021,10,281,8,23
2021-10-08 19:26:05,40.765621,-111.908791,1286.2,-9999.0,-9999.0,-9999.0,13.04,20.61,18.73,54.9,3.0,2.0,19.72,38.0,870.3,0.0,23.0,2.17,32.2,823.3,-4.3,21.0,16.7,20.0,817.6,1.51,70.2,0.0,0,1,"time.struct_time(tm_year=2021, tm_mon=10, tm_mday=8, tm_hour=19, tm_min=26, tm_sec=5, tm_wday=4, tm_yday=281, tm_isdst=-1)",2021-10-08,2021,10,281,8,26
2021-10-08 19:28:35,40.765636,-111.908791,1289.9,-9999.0,-9999.0,-9999.0,12.97,20.72,18.08,56.32,3.0,2.0,19.5,37.0,870.2,0.0,22.8,2.17,32.4,823.5,2.7,4.1,6.8,20.1,817.5,1.51,70.4,0.0,0,1,"time.struct_time(tm_year=2021, tm_mon=10, tm_mday=8, tm_hour=19, tm_min=28, tm_sec=35, tm_wday=4, tm_yday=281, tm_isdst=-1)",2021-10-08,2021,10,281,8,28
2021-10-08 19:37:40,40.765663,-111.908791,1292.8,-9999.0,-9999.0,-9999.0,13.08,20.15,17.98,56.52,2.0,2.0,17.5,37.0,870.2,0.0,22.7,2.19,32.9,823.3,2.3,7.4,9.7,20.6,817.2,1.51,70.9,0.0,0,1,"time.struct_time(tm_year=2021, tm_mon=10, tm_mday=8, tm_hour=19, tm_min=37, tm_sec=40, tm_wday=4, tm_yday=281, tm_isdst=-1)",2021-10-08,2021,10,281,8,37
2021-10-08 19:41:15,40.765694,-111.908798,1293.4,-9999.0,-9999.0,-9999.0,13.07,20.05,17.44,58.56,4.0,2.0,17.78,37.0,869.9,0.0,23.2,2.17,33.0,823.1,1.4,16.3,17.7,20.8,817.0,1.46,71.7,0.0,0,1,"time.struct_time(tm_year=2021, tm_mon=10, tm_mday=8, tm_hour=19, tm_min=41, tm_sec=15, tm_wday=4, tm_yday=281, tm_isdst=-1)",2021-10-08,2021,10,281,8,41
2021-10-08 19:43:45,40.765678,-111.908791,1297.2,-9999.0,-9999.0,-9999.0,13.02,20.08,17.51,58.35,4.0,2.0,18.0,37.0,869.8,0.0,22.9,2.17,33.1,822.8,4.4,10.7,15.1,20.9,816.8,1.47,72.0,0.0,0,1,"time.struct_time(tm_year=2021, tm_mon=10, tm_mday=8, tm_hour=19, tm_min=43, tm_sec=45, tm_wday=4, tm_yday=281, tm_isdst=-1)",2021-10-08,2021,10,281,8,43
2021-10-08 19:46:15,40.765648,-111.908798,1297.6,-9999.0,-9999.0,-9999.0,13.06,20.13,17.4,57.3,3.0,2.0,18.22,37.0,869.8,0.0,23.0,2.18,33.1,823.2,-3.7,7.1,3.4,21.0,817.0,1.47,71.8,0.0,0,1,"time.struct_time(tm_year=2021, tm_mon=10, tm_mday=8, tm_hour=19, tm_min=46, tm_sec=15, tm_wday=4, tm_yday=281, tm_isdst=-1)",2021-10-08,2021,10,281,8,46
2021-10-08 19:48:45,40.76569,-111.908806,1291.5,-9999.0,-9999.0,-9999.0,12.99,20.18,17.27,56.93,4.0,2.0,18.28,37.0,869.7,0.0,29.1,2.18,33.2,822.8,-1.4,9.6,8.2,21.1,816.9,1.47,71.8,0.0,0,1,"time.struct_time(tm_year=2021, tm_mon=10, tm_mday=8, tm_hour=19, tm_min=48, tm_sec=45, tm_wday=4, tm_yday=281, tm_isdst=-1)",2021-10-08,2021,10,281,8,48
2021-10-08 19:51:15,40.765244,-111.908195,1291.3,-9999.0,-9999.0,-9999.0,13.06,20.24,17.2,57.54,3.0,2.0,18.5,37.0,869.8,0.0,33.0,2.18,33.3,823.3,-25.8,30.6,4.8,21.3,817.1,1.46,71.8,0.0,0,1,"time.struct_time(tm_year=2021, tm_mon=10, tm_mday=8, tm_hour=19, tm_min=51, tm_sec=15, tm_wday=4, tm_yday=281, tm_isdst=-1)",2021-10-08,2021,10,281,8,51
2021-10-08 19:53:45,40.761528,-111.913734,1290.8,-9999.0,-9999.0,-9999.0,13.04,20.29,16.83,58.49,4.0,2.0,18.61,37.0,869.8,0.0,25.9,2.17,33.4,822.6,174.2,-52.7,121.5,21.4,817.1,1.46,71.9,0.0,0,1,"time.struct_time(tm_year=2021, tm_mon=10, tm_mday=8, tm_hour=19, tm_min=53, tm_sec=45, tm_wday=4, tm_yday=281, tm_isdst=-1)",2021-10-08,2021,10,281,8,53
2021-10-08 19:56:15,40.77845,-111.910133,1294.7,-9999.0,-9999.0,-9999.0,13.06,20.31,16.79,57.88,3.0,2.0,18.61,36.0,869.6,0.0,26.0,2.19,33.5,822.8,-3.5,18.5,15.0,21.5,816.5,1.46,71.5,0.0,0,1,"time.struct_time(tm_year=2021, tm_mon=10, tm_mday=8, tm_hour=19, tm_min=56, tm_sec=15, tm_wday=4, tm_yday=281, tm_isdst=-1)",2021-10-08,2021,10,281,8,56
2021-10-08 19:58:45,40.778946,-111.910782,1292.3,-9999.0,-9999.0,-9999.0,13.0,20.4,16.79,58.01,3.0,2.0,18.61,37.0,869.2,0.0,24.1,2.19,33.6,821.9,100.3,74.7,175.0,21.6,816.0,1.45,73.9,0.0,0,1,"time.struct_time(tm_year=2021, tm_mon=10, tm_mday=8, tm_hour=19, tm_min=58, tm_sec=45, tm_wday=4, tm_yday=281, tm_isdst=-1)",2021-10-08,2021,10,281,8,58
2021-10-08 20:01:15,40.760902,-111.914787,1284.3,-9999.0,-9999.0,-9999.0,13.05,20.4,17.13,57.1,4.0,2.0,18.61,37.0,870.0,0.0,15.3,2.19,33.7,823.1,57.6,19.7,77.3,21.7,816.9,1.45,71.0,0.0,0,1,"time.struct_time(tm_year=2021, tm_mon=10, tm_mday=8, tm_hour=20, tm_min=1, tm_sec=15, tm_wday=4, tm_yday=281, tm_isdst=-1)",2021-10-08,2021,10,281,8,1
2021-10-08 20:03:45,40.76181,-111.899651,1291.3,-9999.0,-9999.0,-9999.0,13.01,20.42,17.13,58.49,2.0,2.0,18.72,37.0,869.0,0.0,29.1,2.17,33.8,821.9,2.1,-139.6,-137.5,21.9,816.2,1.46,70.7,0.0,0,1,"time.struct_time(tm_year=2021, tm_mon=10, tm_mday=8, tm_hour=20, tm_min=3, tm_sec=45, tm_wday=4, tm_yday=281, tm_isdst=-1)",2021-10-08,2021,10,281,8,3
2021-10-08 20:06:15,40.76506,-111.905663,1295.1,-9999.0,-9999.0,-9999.0,13.05,20.48,17.2,56.46,2.0,2.0,18.72,37.0,869.2,0.0,30.1,2.19,33.9,822.5,21.2,-7.5,13.7,22.0,816.5,1.45,70.5,0.0,0,1,"time.struct_time(tm_year=2021, tm_mon=10, tm_mday=8, tm_hour=20, tm_min=6, tm_sec=15, tm_wday=4, tm_yday=281, tm_isdst=-1)",2021-10-08,2021,10,281,8,6
2021-10-08 20:08:45,40.765644,-111.908829,1289.6,-9999.0,-9999.0,-9999.0,13.05,20.53,17.13,55.78,2.0,2.0,18.78,36.0,869.8,0.0,24.0,2.18,34.0,822.5,4.7,1.4,6.1,22.1,816.7,1.46,71.9,0.0,0,1,"time.struct_time(tm_year=2021, tm_mon=10, tm_mday=8, tm_hour=20, tm_min=8, tm_sec=45, tm_wday=4, tm_yday=281, tm_isdst=-1)",2021-10-08,2021,10,281,8,8
2021-10-08 20:11:15,40.765659,-111.908836,1290.1,-9999.0,-9999.0,-9999.0,13.05,20.58,17.34,54.86,2.0,2.0,18.89,36.0,869.8,0.0,33.7,2.2,34.1,823.0,5.9,6.4,12.3,22.2,816.8,1.46,74.5,0.0,0,1,"time.struct_time(tm_year=2021, tm_mon=10, tm_mday=8, tm_hour=20, tm_min=11, tm_sec=15, tm_wday=4, tm_yday=281, tm_isdst=-1)",2021-10-08,2021,10,281,8,11
2021-10-08 20:13:45,40.765656,-111.908836,1291.0,-9999.0,-9999.0,-9999.0,13.04,20.61,17.3,54.59,3.0,2.0,19.0,36.0,869.6,0.0,24.5,2.2,34.2,822.6,3.2,5.2,8.4,22.3,816.8,1.46,71.9,0.0,0,1,"time.struct_time(tm_year=2021, tm_mon=10, tm_mday=8, tm_hour=20, tm_min=13, tm_sec=45, tm_wday=4, tm_yday=281, tm_isdst=-1)",2021-10-08,2021,10,281,8,13
2021-10-08 20:16:15,40.765656,-111.908813,1293.8,-9999.0,-9999.0,-9999.0,13.03,20.66,17.34,54.9,3.0,2.0,19.0,36.0,869.7,0.0,21.6,2.19,34.2,822.8,-3.9,10.9,7.0,22.4,816.7,1.46,71.8,0.0,0,1,"time.struct_time(tm_year=2021, tm_mon=10, tm_mday=8, tm_hour=20, tm_min=16, tm_sec=15, tm_wday=4, tm_yday=281, tm_isdst=-1)",2021-10-08,2021,10,281,8,16
2021-10-08 20:18:45,40.765656,-111.908813,1293.9,-9999.0,-9999.0,-9999.0,13.03,20.74,17.47,54.49,2.0,2.0,19.11,36.0,869.7,0.0,26.3,2.2,34.3,822.6,-0.5,4.1,3.6,22.5,816.7,1.46,71.8,0.0,0,1,"time.struct_time(tm_year=2021, tm_mon=10, tm_mday=8, tm_hour=20, tm_min=18, tm_sec=45, tm_wday=4, tm_yday=281, tm_isdst=-1)",2021-10-08,2021,10,281,8,18
2021-10-08 20:21:15,40.765652,-111.908813,1294.2,-9999.0,-9999.0,-9999.0,13.04,20.8,17.57,53.95,2.0,2.0,19.11,36.0,869.7,0.0,29.6,2.19,34.4,822.8,-2.4,3.8,1.4,22.6,816.7,1.46,71.8,0.0,0,1,"time.struct_time(tm_year=2021, tm_mon=10, tm_mday=8, tm_hour=20, tm_min=21, tm_sec=15, tm_wday=4, tm_yday=281, tm_isdst=-1)",2021-10-08,2021,10,281,8,21
2021-10-08 20:23:45,40.765652,-111.908813,1294.6,-9999.0,-9999.0,-9999.0,13.04,20.85,17.54,53.95,3.0,2.0,19.22,35.0,869.6,0.0,30.3,2.18,34.5,822.4,8.3,1.2,9.5,22.7,816.6,1.47,71.9,0.0,0,1,"time.struct_time(tm_year=2021, tm_mon=10, tm_mday=8, tm_hour=20, tm_min=23, tm_sec=45, tm_wday=4, tm_yday=281, tm_isdst=-1)",2021-10-08,2021,10,281,8,23
2021-10-08 20:26:15,40.765648,-111.908821,1294.7,-9999.0,-9999.0,-9999.0,13.04,20.91,17.4,55.03,2.0,2.0,19.22,36.0,869.5,0.0,25.3,2.2,34.6,822.7,1.9,4.4,6.3,22.8,816.6,1.46,72.0,0.0,0,1,"time.struct_time(tm_year=2021, tm_mon=10, tm_mday=8, tm_hour=20, tm_min=26, tm_sec=15, tm_wday=4, tm_yday=281, tm_isdst=-1)",2021-10-08,2021,10,281,8,26
2021-10-08 20:28:45,40.765648,-111.908813,1295.1,-9999.0,-9999.0,-9999.0,13.04,20.93,17.47,55.84,2.0,2.0,19.22,36.0,869.6,0.0,22.2,2.19,34.7,822.5,-0.9,3.0,2.1,22.9,816.6,1.46,71.9,0.0,0,1,"time.struct_time(tm_year=2021, tm_mon=10, tm_mday=8, tm_hour=20, tm_min=28, tm_sec=45, tm_wday=4, tm_yday=281, tm_isdst=-1)",2021-10-08,2021,10,281,8,28
2021-10-08 20:31:15,40.765648,-111.908821,1295.0,-9999.0,-9999.0,-9999.0,13.03,20.99,17.4,55.64,3.0,2.0,19.22,36.0,869.9,0.0,25.1,2.19,34.7,822.9,4.1,7.3,11.4,23.0,816.6,1.46,71.8,0.0,0,1,"time.struct_time(tm_year=2021, tm_mon=10, tm_mday=8, tm_hour=20, tm_min=31, tm_sec=15, tm_wday=4, tm_yday=281, tm_isdst=-1)",2021-10-08,2021,10,281,8,31
2021-10-08 20:33:45,40.765644,-111.908821,1295.0,-9999.0,-9999.0,-9999.0,12.99,21.02,17.32,65.18,5.0,2.0,19.22,38.0,869.9,0.0,32.3,2.21,34.8,822.5,-2.1,16.5,14.4,23.1,816.7,1.46,72.3,0.0,0,1,"time.struct_time(tm_year=2021, tm_mon=10, tm_mday=8, tm_hour=20, tm_min=33, tm_sec=45, tm_wday=4, tm_yday=281, tm_isdst=-1)",2021-10-08,2021,10,281,8,33
2021-10-08 20:36:15,40.765591,-111.909538,1295.6,-9999.0,-9999.0,-9999.0,13.02,21.04,16.78,66.13,2.0,2.0,19.11,39.0,869.6,0.0,26.8,2.18,34.9,822.8,6.1,-64.7,-58.6,23.2,816.6,1.46,72.0,0.0,0,1,"time.struct_time(tm_year=2021, tm_mon=10, tm_mday=8, tm_hour=20, tm_min=36, tm_sec=15, tm_wday=4, tm_yday=281, tm_isdst=-1)",2021-10-08,2021,10,281,8,36
2021-10-08 20:38:45,40.765594,-111.909576,1295.6,-9999.0,-9999.0,-9999.0,13.0,21.04,16.54,68.16,4.0,2.0,18.78,40.0,869.4,0.0,21.3,2.2,35.0,822.3,3.1,6.5,9.6,23.3,816.4,1.46,72.3,0.0,0,1,"time.struct_time(tm_year=2021, tm_mon=10, tm_mday=8, tm_hour=20, tm_min=38, tm_sec=45, tm_wday=4, tm_yday=281, tm_isdst=-1)",2021-10-08,2021,10,281,8,38
2021-10-08 20:42:20,40.765823,-111.909653,1292.4,-9999.0,-9999.0,-9999.0,13.04,21.02,16.17,67.82,2.0,2.0,18.5,39.0,869.4,0.0,26.4,2.2,35.0,822.5,-3.4,14.5,11.1,23.4,816.1,1.52,71.2,0.0,0,1,"time.struct_time(tm_year=2021, tm_mon=10, tm_mday=8, tm_hour=20, tm_min=42, tm_sec=20, tm_wday=4, tm_yday=281, tm_isdst=-1)",2021-10-08,2021,10,281,8,42
2021-10-08 20:44:50,40.765903,-111.909721,1283.5,-9999.0,-9999.0,-9999.0,13.04,20.99,16.24,63.35,2.0,2.0,18.5,37.0,869.4,0.0,28.8,2.21,35.1,822.1,0.4,1.4,1.8,23.5,816.1,1.53,71.3,0.0,0,1,"time.struct_time(tm_year=2021, tm_mon=10, tm_mday=8, tm_hour=20, tm_min=44, tm_sec=50, tm_wday=4, tm_yday=281, tm_isdst=-1)",2021-10-08,2021,10,281,8,44
2021-10-08 20:47:20,40.765953,-111.909737,1282.4,-9999.0,-9999.0,-9999.0,13.04,20.99,16.4,63.89,3.0,2.0,18.39,37.0,869.0,0.0,22.3,2.21,35.1,822.2,-4.4,9.8,5.4,23.6,816.0,1.52,71.0,0.0,0,1,"time.struct_time(tm_year=2021, tm_mon=10, tm_mday=8, tm_hour=20, tm_min=47, tm_sec=20, tm_wday=4, tm_yday=281, tm_isdst=-1)",2021-10-08,2021,10,281,8,47
2021-10-08 20:49:50,40.765926,-111.909729,1281.2,-9999.0,-9999.0,-9999.0,13.04,20.96,16.44,62.81,2.0,2.0,18.39,36.0,868.9,0.0,23.4,2.2,35.1,821.8,-2.7,8.0,5.3,23.7,815.9,1.52,71.3,0.0,0,1,"time.struct_time(tm_year=2021, tm_mon=10, tm_mday=8, tm_hour=20, tm_min=49, tm_sec=50, tm_wday=4, tm_yday=281, tm_isdst=-1)",2021-10-08,2021,10,281,8,49
2021-10-08 20:52:20,40.765911,-111.909729,1279.8,-9999.0,-9999.0,-9999.0,13.04,20.96,16.78,61.32,3.0,2.0,18.39,36.0,869.1,0.0,27.1,2.2,35.2,822.3,-1.0,8.4,7.4,23.7,816.0,1.52,70.9,0.0,0,1,"time.struct_time(tm_year=2021, tm_mon=10, tm_mday=8, tm_hour=20, tm_min=52, tm_sec=20, tm_wday=4, tm_yday=281, tm_isdst=-1)",2021-10-08,2021,10,281,8,52
2021-10-08 20:54:50,40.765881,-111.909721,1278.6,-9999.0,-9999.0,-9999.0,13.05,20.96,17.05,59.08,2.0,2.0,18.5,35.0,869.1,0.0,24.7,2.2,35.2,822.0,3.2,11.2,14.4,23.8,816.1,1.53,71.0,0.0,0,1,"time.struct_time(tm_year=2021, tm_mon=10, tm_mday=8, tm_hour=20, tm_min=54, tm_sec=50, tm_wday=4, tm_yday=281, tm_isdst=-1)",2021-10-08,2021,10,281,8,54
2021-10-08 20:57:20,40.765869,-111.909721,1278.1,-9999.0,-9999.0,-9999.0,13.05,20.93,17.18,57.59,3.0,2.0,18.5,35.0,869.3,0.0,24.1,2.21,35.2,822.3,1.2,8.5,9.7,23.9,816.1,1.52,70.8,0.0,0,1,"time.struct_time(tm_year=2021, tm_mon=10, tm_mday=8, tm_hour=20, tm_min=57, tm_sec=20, tm_wday=4, tm_yday=281, tm_isdst=-1)",2021-10-08,2021,10,281,8,57
2021-10-08 20:59:50,40.765862,-111.909721,1278.6,-9999.0,-9999.0,-9999.0,13.05,20.93,17.18,56.78,2.0,2.0,18.5,34.0,869.1,0.0,24.9,2.19,35.2,822.0,-0.3,9.1,8.8,23.9,816.0,1.52,70.9,0.0,0,1,"time.struct_time(tm_year=2021, tm_mon=10, tm_mday=8, tm_hour=20, tm_min=59, tm_sec=50, tm_wday=4, tm_yday=281, tm_isdst=-1)",2021-10-08,2021,10,281,8,59
2021-10-08 21:02:20,40.765865,-111.909714,1277.5,-9999.0,-9999.0,-9999.0,13.05,20.93,17.25,56.17,2.0,2.0,18.5,34.0,869.2,0.0,19.5,2.2,35.2,822.3,4.0,8.5,12.5,24.0,816.0,1.53,70.9,0.0,0,1,"time.struct_time(tm_year=2021, tm_mon=10, tm_mday=8, tm_hour=21, tm_min=2, tm_sec=20, tm_wday=4, tm_yday=281, tm_isdst=-1)",2021-10-08,2021,10,281,8,2
2021-10-08 21:04:50,40.765842,-111.909698,1276.1,-9999.0,-9999.0,-9999.0,13.05,20.93,17.25,56.1,3.0,2.0,18.5,34.0,869.2,0.0,13.4,2.2,35.2,822.0,24.7,27.7,52.4,24.1,816.0,1.53,70.9,0.0,0,1,"time.struct_time(tm_year=2021, tm_mon=10, tm_mday=8, tm_hour=21, tm_min=4, tm_sec=50, tm_wday=4, tm_yday=281, tm_isdst=-1)",2021-10-08,2021,10,281,8,4
2021-10-08 21:07:20,40.765835,-111.909691,1275.4,-9999.0,-9999.0,-9999.0,13.05,20.93,17.35,53.76,2.0,2.0,18.5,34.0,869.0,0.0,21.0,2.23,35.2,822.2,24.7,14.9,39.6,24.2,816.0,1.53,70.9,0.0,0,1,"time.struct_time(tm_year=2021, tm_mon=10, tm_mday=8, tm_hour=21, tm_min=7, tm_sec=20, tm_wday=4, tm_yday=281, tm_isdst=-1)",2021-10-08,2021,10,281,8,7
2021-10-08 21:09:50,40.76582,-111.909683,1274.6,-9999.0,-9999.0,-9999.0,13.05,20.91,17.42,51.63,2.0,2.0,18.5,33.0,869.1,0.0,22.3,2.2,35.2,821.9,4.9,11.2,16.1,24.2,816.0,1.53,70.9,0.0,0,1,"time.struct_time(tm_year=2021, tm_mon=10, tm_mday=8, tm_hour=21, tm_min=9, tm_sec=50, tm_wday=4, tm_yday=281, tm_isdst=-1)",2021-10-08,2021,10,281,8,9
2021-10-08 21:12:20,40.7658,-111.909683,1273.5,-9999.0,-9999.0,-9999.0,13.05,20.91,17.52,51.76,2.0,2.0,18.5,33.0,869.2,0.0,25.6,2.21,35.2,822.1,4.2,1.9,6.1,24.3,815.9,1.53,71.2,0.0,0,1,"time.struct_time(tm_year=2021, tm_mon=10, tm_mday=8, tm_hour=21, tm_min=12, tm_sec=20, tm_wday=4, tm_yday=281, tm_isdst=-1)",2021-10-08,2021,10,281,8,12
2021-10-08 21:14:50,40.765797,-111.909683,1273.2,-9999.0,-9999.0,-9999.0,13.05,20.91,17.56,50.41,2.0,2.0,18.5,32.0,869.2,0.0,27.2,2.21,35.2,822.0,7.4,11.2,18.6,24.3,816.0,1.53,71.2,0.0,0,1,"time.struct_time(tm_year=2021, tm_mon=10, tm_mday=8, tm_hour=21, tm_min=14, tm_sec=50, tm_wday=4, tm_yday=281, tm_isdst=-1)",2021-10-08,2021,10,281,8,14
2021-10-08 21:17:20,40.7658,-111.909683,1273.3,-9999.0,-9999.0,-9999.0,13.05,20.91,17.52,49.73,3.0,2.0,18.5,32.0,868.9,0.0,27.1,2.2,35.2,822.1,-2.1,12.5,10.4,24.4,815.9,1.53,71.1,0.0,0,1,"time.struct_time(tm_year=2021, tm_mon=10, tm_mday=8, tm_hour=21, tm_min=17, tm_sec=20, tm_wday=4, tm_yday=281, tm_isdst=-1)",2021-10-08,2021,10,281,8,17
2021-10-08 21:19:50,40.765797,-111.909676,1273.7,-9999.0,-9999.0,-9999.0,13.05,20.91,17.73,49.36,2.0,2.0,18.61,32.0,869.1,0.0,25.5,2.2,35.2,821.8,2.3,0.3,2.6,24.4,816.0,1.52,71.2,0.0,0,1,"time.struct_time(tm_year=2021, tm_mon=10, tm_mday=8, tm_hour=21, tm_min=19, tm_sec=50, tm_wday=4, tm_yday=281, tm_isdst=-1)",2021-10-08,2021,10,281,8,19
2021-10-08 21:22:20,40.765774,-111.909676,1273.4,-9999.0,-9999.0,-9999.0,13.05,20.93,17.86,49.33,2.0,2.0,18.61,32.0,869.2,0.0,29.3,2.19,35.2,822.2,1.4,6.1,7.5,24.5,816.0,1.53,71.1,0.0,0,1,"time.struct_time(tm_year=2021, tm_mon=10, tm_mday=8, tm_hour=21, tm_min=22, tm_sec=20, tm_wday=4, tm_yday=281, tm_isdst=-1)",2021-10-08,2021,10,281,8,22
2021-10-08 21:24:50,40.765762,-111.909668,1273.2,-9999.0,-9999.0,-9999.0,13.05,20.93,17.93,49.66,2.0,2.0,18.72,33.0,869.2,0.0,20.1,2.21,35.2,821.9,10.2,27.2,37.4,24.6,816.0,1.53,71.0,0.0,0,1,"time.struct_time(tm_year=2021, tm_mon=10, tm_mday=8, tm_hour=21, tm_min=24, tm_sec=50, tm_wday=4, tm_yday=281, tm_isdst=-1)",2021-10-08,2021,10,281,8,24
2021-10-08 21:27:20,40.765766,-111.909668,1273.2,-9999.0,-9999.0,-9999.0,13.05,20.93,17.93,49.66,2.0,2.0,18.72,33.0,869.1,0.0,27.5,2.19,35.2,822.3,3.0,4.5,7.5,24.6,816.0,1.53,71.2,0.0,0,1,"time.struct_time(tm_year=2021, tm_mon=10, tm_mday=8, tm_hour=21, tm_min=27, tm_sec=20, tm_wday=4, tm_yday=281, tm_isdst=-1)",2021-10-08,2021,10,281,8,27
2021-10-08 21:29:50,40.765762,-111.909668,1273.6,-9999.0,-9999.0,-9999.0,13.01,20.96,18.0,49.73,2.0,2.0,18.78,33.0,869.0,0.0,22.5,2.19,35.2,822.2,1.1,5.8,6.9,24.7,815.9,1.53,71.2,0.0,0,1,"time.struct_time(tm_year=2021, tm_mon=10, tm_mday=8, tm_hour=21, tm_min=29, tm_sec=50, tm_wday=4, tm_yday=281, tm_isdst=-1)",2021-10-08,2021,10,281,8,29
2021-10-08 21:32:20,40.765762,-111.909668,1274.0,-9999.0,-9999.0,-9999.0,13.05,20.99,18.06,48.85,2.0,2.0,18.78,32.0,869.1,0.0,28.3,2.2,35.2,822.1,6.0,8.7,14.7,24.7,815.9,1.53,71.0,0.0,0,1,"time.struct_time(tm_year=2021, tm_mon=10, tm_mday=8, tm_hour=21, tm_min=32, tm_sec=20, tm_wday=4, tm_yday=281, tm_isdst=-1)",2021-10-08,2021,10,281,8,32
2021-10-08 21:34:50,40.765762,-111.909668,1274.5,-9999.0,-9999.0,-9999.0,13.05,21.02,18.06,49.05,2.0,2.0,18.89,33.0,869.3,0.0,26.2,2.19,35.2,822.1,8.0,13.1,21.1,24.8,815.8,1.53,71.3,0.0,0,1,"time.struct_time(tm_year=2021, tm_mon=10, tm_mday=8, tm_hour=21, tm_min=34, tm_sec=50, tm_wday=4, tm_yday=281, tm_isdst=-1)",2021-10-08,2021,10,281,8,34
2021-10-08 21:37:20,40.765759,-111.909676,1274.8,-9999.0,-9999.0,-9999.0,13.04,21.04,18.0,48.48,2.0,2.0,19.0,33.0,869.1,0.0,27.3,2.21,35.2,822.1,-6.2,4.8,-1.4,24.8,815.9,1.53,71.3,0.0,0,1,"time.struct_time(tm_year=2021, tm_mon=10, tm_mday=8, tm_hour=21, tm_min=37, tm_sec=20, tm_wday=4, tm_yday=281, tm_isdst=-1)",2021-10-08,2021,10,281,8,37
2021-10-09 23:17:55,40.765728,-111.909676,1281.6,-9999.0,-9999.0,-9999.0,13.27,10.86,12.71,59.36,14.0,2.0,8.89,56.0,876.6,0.0,3.7,2.04,15.9,830.6,-9999.0,-9999.0,-9999.0,-9999.0,-9999.0,-9999.0,-9999.0,1.0,0,1,"time.struct_time(tm_year=2021, tm_mon=10, tm_mday=9, tm_hour=23, tm_min=17, tm_sec=55, tm_wday=5, tm_yday=282, tm_isdst=-1)",2021-10-09,2021,10,282,9,17
2021-10-09 23:20:25,40.765724,-111.909683,1281.5,-9999.0,-9999.0,-9999.0,13.26,11.02,14.04,54.17,12.0,2.0,9.39,55.0,876.4,0.0,1.3,2.05,16.9,829.7,-9999.0,-9999.0,-9999.0,-9999.0,-9999.0,-9999.0,-9999.0,1.0,0,1,"time.struct_time(tm_year=2021, tm_mon=10, tm_mday=9, tm_hour=23, tm_min=20, tm_sec=25, tm_wday=5, tm_yday=282, tm_isdst=-1)",2021-10-09,2021,10,282,9,20
2021-10-09 23:22:55,40.765717,-111.909698,1281.3,-9999.0,-9999.0,-9999.0,13.24,11.27,15.02,50.98,13.0,2.0,9.89,53.0,876.6,0.0,2.6,2.07,17.8,830.1,0.0,0.0,0.0,10.3,831.3,1.51,63.3,1.0,0,1,"time.struct_time(tm_year=2021, tm_mon=10, tm_mday=9, tm_hour=23, tm_min=22, tm_sec=55, tm_wday=5, tm_yday=282, tm_isdst=-1)",2021-10-09,2021,10,282,9,22
2021-10-09 23:25:40,40.765705,-111.909706,1282.0,-9999.0,-9999.0,-9999.0,13.23,11.52,15.8,48.91,10.0,2.0,10.61,52.0,876.3,0.0,3.4,2.06,18.8,829.6,171.4,8.0,179.4,10.4,824.6,1.5,70.1,1.0,0,1,"time.struct_time(tm_year=2021, tm_mon=10, tm_mday=9, tm_hour=23, tm_min=25, tm_sec=40, tm_wday=5, tm_yday=282, tm_isdst=-1)",2021-10-09,2021,10,282,9,25
2021-10-09 23:28:10,40.765701,-111.909721,1282.3,-9999.0,-9999.0,-9999.0,13.2,11.82,16.72,46.2,10.0,2.0,11.28,50.0,876.5,0.0,0.8,2.07,19.6,829.9,155.8,24.6,180.4,10.5,824.7,1.51,69.6,1.0,0,1,"time.struct_time(tm_year=2021, tm_mon=10, tm_mday=9, tm_hour=23, tm_min=28, tm_sec=10, tm_wday=5, tm_yday=282, tm_isdst=-1)",2021-10-09,2021,10,282,9,28
2021-10-09 23:30:40,40.765694,-111.909737,1282.8,-9999.0,-9999.0,-9999.0,13.19,12.12,17.6,43.76,9.0,2.0,12.0,49.0,876.2,0.0,1.5,2.07,20.3,829.3,129.9,24.5,154.4,10.6,824.8,1.51,69.4,0.0,0,1,"time.struct_time(tm_year=2021, tm_mon=10, tm_mday=9, tm_hour=23, tm_min=30, tm_sec=40, tm_wday=5, tm_yday=282, tm_isdst=-1)",2021-10-09,2021,10,282,9,30
2021-10-09 23:33:10,40.765701,-111.90963,1295.3,-9999.0,-9999.0,-9999.0,13.14,12.44,17.6,39.25,1.0,2.0,12.72,46.0,876.5,0.0,29.2,2.07,21.0,829.7,14.7,-65.8,-51.1,10.7,824.7,1.5,69.3,0.0,0,1,"time.struct_time(tm_year=2021, tm_mon=10, tm_mday=9, tm_hour=23, tm_min=33, tm_sec=10, tm_wday=5, tm_yday=282, tm_isdst=-1)",2021-10-09,2021,10,282,9,33
2021-10-09 23:35:40,40.765682,-111.909576,1296.6,-9999.0,-9999.0,-9999.0,13.17,12.74,15.9,43.15,1.0,2.0,13.0,42.0,876.3,0.0,31.8,2.09,21.6,829.5,-0.3,2.0,1.7,10.9,824.9,1.5,68.9,0.0,0,1,"time.struct_time(tm_year=2021, tm_mon=10, tm_mday=9, tm_hour=23, tm_min=35, tm_sec=40, tm_wday=5, tm_yday=282, tm_isdst=-1)",2021-10-09,2021,10,282,9,35
2021-10-09 23:38:10,40.765858,-111.909531,1293.7,-9999.0,-9999.0,-9999.0,13.17,13.05,14.68,46.51,1.0,2.0,13.28,40.0,876.3,0.0,28.6,2.08,22.2,829.6,-6.2,9.4,3.2,11.0,824.9,1.5,69.0,0.0,0,1,"time.struct_time(tm_year=2021, tm_mon=10, tm_mday=9, tm_hour=23, tm_min=38, tm_sec=10, tm_wday=5, tm_yday=282, tm_isdst=-1)",2021-10-09,2021,10,282,9,38
2021-10-09 23:40:40,40.765862,-111.909599,1293.5,-9999.0,-9999.0,-9999.0,13.17,13.28,13.93,48.47,2.0,2.0,13.39,38.0,876.5,0.0,30.6,2.1,22.8,829.5,-11.9,10.5,-1.4,11.2,824.8,1.49,69.0,0.0,0,1,"time.struct_time(tm_year=2021, tm_mon=10, tm_mday=9, tm_hour=23, tm_min=40, tm_sec=40, tm_wday=5, tm_yday=282, tm_isdst=-1)",2021-10-09,2021,10,282,9,40
2021-10-09 23:43:10,40.765881,-111.909668,1292.4,-9999.0,-9999.0,-9999.0,13.16,13.52,13.29,50.23,1.0,2.0,13.5,37.0,876.5,0.0,31.8,2.09,23.4,829.7,-3.7,5.7,2.0,11.3,824.9,1.49,68.9,0.0,0,1,"time.struct_time(tm_year=2021, tm_mon=10, tm_mday=9, tm_hour=23, tm_min=43, tm_sec=10, tm_wday=5, tm_yday=282, tm_isdst=-1)",2021-10-09,2021,10,282,9,43
2021-10-09 23:45:40,40.765858,-111.909683,1291.4,-9999.0,-9999.0,-9999.0,13.16,13.71,13.11,51.48,4.0,2.0,13.61,37.0,876.2,0.0,25.8,2.09,23.9,829.5,-3.6,7.3,3.7,11.5,824.8,1.49,68.9,0.0,0,1,"time.struct_time(tm_year=2021, tm_mon=10, tm_mday=9, tm_hour=23, tm_min=45, tm_sec=40, tm_wday=5, tm_yday=282, tm_isdst=-1)",2021-10-09,2021,10,282,9,45
2021-10-09 23:48:10,40.765839,-111.909691,1291.2,-9999.0,-9999.0,-9999.0,13.16,13.9,12.97,51.95,1.0,2.0,13.72,36.0,876.3,0.0,31.7,2.09,24.4,829.6,-6.2,11.4,5.2,11.7,824.8,1.49,69.1,0.0,0,1,"time.struct_time(tm_year=2021, tm_mon=10, tm_mday=9, tm_hour=23, tm_min=48, tm_sec=10, tm_wday=5, tm_yday=282, tm_isdst=-1)",2021-10-09,2021,10,282,9,48
2021-10-09 23:50:40,40.765835,-111.909698,1291.8,-9999.0,-9999.0,-9999.0,13.15,14.06,12.36,53.99,3.0,2.0,13.72,36.0,876.4,0.0,28.3,2.11,24.8,829.6,-5.9,3.8,-2.1,11.9,824.6,1.49,69.0,0.0,0,1,"time.struct_time(tm_year=2021, tm_mon=10, tm_mday=9, tm_hour=23, tm_min=50, tm_sec=40, tm_wday=5, tm_yday=282, tm_isdst=-1)",2021-10-09,2021,10,282,9,50
2021-10-09 23:53:10,40.765839,-111.909698,1291.4,-9999.0,-9999.0,-9999.0,13.12,14.21,12.22,54.76,2.0,2.0,13.78,36.0,876.4,0.0,22.9,2.09,25.3,829.6,-1.8,3.2,1.4,12.1,824.7,1.49,68.9,0.0,0,1,"time.struct_time(tm_year=2021, tm_mon=10, tm_mday=9, tm_hour=23, tm_min=53, tm_sec=10, tm_wday=5, tm_yday=282, tm_isdst=-1)",2021-10-09,2021,10,282,9,53
2021-10-09 23:55:40,40.765835,-111.909683,1291.6,-9999.0,-9999.0,-9999.0,13.15,14.35,12.22,54.53,2.0,2.0,13.78,35.0,876.4,0.0,31.8,2.1,25.7,829.6,-4.6,6.2,1.6,12.3,824.7,1.49,69.2,0.0,0,1,"time.struct_time(tm_year=2021, tm_mon=10, tm_mday=9, tm_hour=23, tm_min=55, tm_sec=40, tm_wday=5, tm_yday=282, tm_isdst=-1)",2021-10-09,2021,10,282,9,55
2021-10-09 23:58:10,40.765835,-111.909683,1291.6,-9999.0,-9999.0,-9999.0,13.15,14.49,12.02,54.87,3.0,2.0,13.89,35.0,876.4,0.0,28.5,2.12,26.0,829.6,-4.0,8.7,4.7,12.5,824.7,1.49,69.1,0.0,0,1,"time.struct_time(tm_year=2021, tm_mon=10, tm_mday=9, tm_hour=23, tm_min=58, tm_sec=10, tm_wday=5, tm_yday=282, tm_isdst=-1)",2021-10-09,2021,10,282,9,58
2021-10-10 00:00:40,40.765831,-111.909683,1291.5,-9999.0,-9999.0,-9999.0,13.15,14.61,12.09,55.0,2.0,2.0,13.89,35.0,876.5,0.0,28.0,2.12,26.4,829.7,-4.2,6.4,2.2,12.7,824.7,1.49,69.0,0.0,0,1,"time.struct_time(tm_year=2021, tm_mon=10, tm_mday=10, tm_hour=0, tm_min=0, tm_sec=40, tm_wday=6, tm_yday=283, tm_isdst=-1)",2021-10-10,2021,10,283,10,0
2021-10-10 00:03:10,40.765839,-111.909698,1292.1,-9999.0,-9999.0,-9999.0,13.15,14.73,11.98,55.07,1.0,2.0,13.89,35.0,876.5,0.0,30.8,2.11,26.7,829.5,-9.8,9.7,-0.1,12.9,824.7,1.49,69.1,0.0,0,1,"time.struct_time(tm_year=2021, tm_mon=10, tm_mday=10, tm_hour=0, tm_min=3, tm_sec=10, tm_wday=6, tm_yday=283, tm_isdst=-1)",2021-10-10,2021,10,283,10,3
2021-10-10 00:05:40,40.765831,-111.909698,1291.6,-9999.0,-9999.0,-9999.0,13.15,14.83,11.71,55.14,2.0,2.0,13.89,34.0,876.7,0.0,33.2,2.12,27.0,829.7,-2.1,9.6,7.5,13.0,824.7,1.49,69.2,0.0,0,1,"time.struct_time(tm_year=2021, tm_mon=10, tm_mday=10, tm_hour=0, tm_min=5, tm_sec=40, tm_wday=6, tm_yday=283, tm_isdst=-1)",2021-10-10,2021,10,283,10,5
2021-10-10 00:08:10,40.765827,-111.909698,1290.8,-9999.0,-9999.0,-9999.0,13.15,14.95,11.61,54.83,1.0,2.0,13.89,34.0,876.6,0.0,32.4,2.12,27.3,829.5,2.0,0.5,2.5,13.2,824.6,1.49,69.1,0.0,0,1,"time.struct_time(tm_year=2021, tm_mon=10, tm_mday=10, tm_hour=0, tm_min=8, tm_sec=10, tm_wday=6, tm_yday=283, tm_isdst=-1)",2021-10-10,2021,10,283,10,8
2021-10-10 00:10:40,40.765839,-111.909698,1291.0,-9999.0,-9999.0,-9999.0,13.15,15.04,11.64,55.04,2.0,2.0,13.89,34.0,876.5,0.0,34.0,2.11,27.6,829.6,-7.3,9.7,2.4,13.4,824.6,1.49,69.1,0.0,0,1,"time.struct_time(tm_year=2021, tm_mon=10, tm_mday=10, tm_hour=0, tm_min=10, tm_sec=40, tm_wday=6, tm_yday=283, tm_isdst=-1)",2021-10-10,2021,10,283,10,10
2021-10-10 00:14:15,40.76582,-111.909706,1289.4,-9999.0,-9999.0,-9999.0,13.14,15.17,11.54,55.48,2.0,2.0,13.78,34.0,876.5,0.0,32.9,2.14,27.9,829.6,-1.8,10.2,8.4,13.7,824.5,1.49,69.4,0.0,0,1,"time.struct_time(tm_year=2021, tm_mon=10, tm_mday=10, tm_hour=0, tm_min=14, tm_sec=15, tm_wday=6, tm_yday=283, tm_isdst=-1)",2021-10-10,2021,10,283,10,14
2021-10-10 00:16:45,40.765823,-111.909698,1288.7,-9999.0,-9999.0,-9999.0,13.12,15.24,11.68,55.14,2.0,2.0,13.78,34.0,876.5,0.0,28.2,2.12,28.2,829.7,-4.8,10.5,5.7,13.9,824.5,1.49,69.2,0.0,0,1,"time.struct_time(tm_year=2021, tm_mon=10, tm_mday=10, tm_hour=0, tm_min=16, tm_sec=45, tm_wday=6, tm_yday=283, tm_isdst=-1)",2021-10-10,2021,10,283,10,16
2021-10-10 00:19:15,40.765823,-111.909706,1287.4,-9999.0,-9999.0,-9999.0,13.1,15.31,11.75,54.53,2.0,2.0,13.78,34.0,876.4,0.0,35.2,2.13,28.4,829.6,-5.8,11.0,5.2,14.1,824.5,1.49,69.5,0.0,0,1,"time.struct_time(tm_year=2021, tm_mon=10, tm_mday=10, tm_hour=0, tm_min=19, tm_sec=15, tm_wday=6, tm_yday=283, tm_isdst=-1)",2021-10-10,2021,10,283,10,19
2021-10-10 00:21:45,40.765823,-111.909706,1287.8,-9999.0,-9999.0,-9999.0,13.15,15.39,11.75,54.39,2.0,2.0,13.89,33.0,876.6,0.0,34.9,2.12,28.6,829.7,-3.6,1.4,-2.2,14.3,824.5,1.49,69.6,0.0,0,1,"time.struct_time(tm_year=2021, tm_mon=10, tm_mday=10, tm_hour=0, tm_min=21, tm_sec=45, tm_wday=6, tm_yday=283, tm_isdst=-1)",2021-10-10,2021,10,283,10,21
2021-10-10 00:24:15,40.765812,-111.909698,1287.0,-9999.0,-9999.0,-9999.0,13.14,15.46,11.78,54.7,3.0,2.0,13.78,34.0,876.5,0.0,31.0,2.14,28.8,829.6,-3.0,14.6,11.6,14.5,824.4,1.49,69.7,0.0,0,1,"time.struct_time(tm_year=2021, tm_mon=10, tm_mday=10, tm_hour=0, tm_min=24, tm_sec=15, tm_wday=6, tm_yday=283, tm_isdst=-1)",2021-10-10,2021,10,283,10,24
2021-10-10 00:26:45,40.765812,-111.909691,1286.0,-9999.0,-9999.0,-9999.0,13.15,15.51,11.81,55.13,2.0,2.0,13.78,34.0,876.5,0.0,27.4,2.14,28.9,829.7,-6.3,8.7,2.4,14.6,824.4,1.5,69.6,0.0,0,1,"time.struct_time(tm_year=2021, tm_mon=10, tm_mday=10, tm_hour=0, tm_min=26, tm_sec=45, tm_wday=6, tm_yday=283, tm_isdst=-1)",2021-10-10,2021,10,283,10,26
2021-10-10 00:29:15,40.765808,-111.909683,1286.0,-9999.0,-9999.0,-9999.0,13.14,15.55,11.74,55.27,3.0,2.0,13.78,34.0,876.5,0.0,21.4,2.13,29.1,829.5,-8.3,18.9,10.6,14.8,824.4,1.49,69.8,0.0,0,1,"time.struct_time(tm_year=2021, tm_mon=10, tm_mday=10, tm_hour=0, tm_min=29, tm_sec=15, tm_wday=6, tm_yday=283, tm_isdst=-1)",2021-10-10,2021,10,283,10,29
2021-10-10 00:31:45,40.765797,-111.909683,1286.3,-9999.0,-9999.0,-9999.0,13.14,15.63,11.81,55.33,3.0,2.0,13.78,34.0,876.8,0.0,33.1,2.15,29.2,829.7,-4.5,12.7,8.2,15.0,824.3,1.5,69.7,0.0,0,1,"time.struct_time(tm_year=2021, tm_mon=10, tm_mday=10, tm_hour=0, tm_min=31, tm_sec=45, tm_wday=6, tm_yday=283, tm_isdst=-1)",2021-10-10,2021,10,283,10,31
2021-10-12 02:55:35,40.765793,-111.909828,1303.9,-9999.0,-9999.0,-9999.0,13.35,8.9,6.79,78.11,2.0,2.0,6.39,54.0,862.1,0.0,17.2,2.05,14.2,816.6,-9999.0,-9999.0,-9999.0,-9999.0,-9999.0,-9999.0,-9999.0,1.0,0,1,"time.struct_time(tm_year=2021, tm_mon=10, tm_mday=12, tm_hour=2, tm_min=55, tm_sec=35, tm_wday=1, tm_yday=285, tm_isdst=-1)",2021-10-12,2021,10,285,12,55
2021-10-12 02:58:05,40.765949,-111.909775,1316.6,-9999.0,-9999.0,-9999.0,13.33,8.97,6.76,79.44,2.0,2.0,6.39,53.0,862.0,0.0,12.3,2.06,15.2,815.4,-9999.0,-9999.0,-9999.0,-9999.0,-9999.0,-9999.0,-9999.0,1.0,0,1,"time.struct_time(tm_year=2021, tm_mon=10, tm_mday=12, tm_hour=2, tm_min=58, tm_sec=5, tm_wday=1, tm_yday=285, tm_isdst=-1)",2021-10-12,2021,10,285,12,58
2021-10-12 03:00:35,40.765846,-111.909737,1316.2,-9999.0,-9999.0,-9999.0,13.32,9.06,6.72,79.06,2.0,2.0,6.5,52.0,862.2,0.0,7.2,2.09,16.2,816.5,-9999.0,-9999.0,-9999.0,-9999.0,-9999.0,-9999.0,-9999.0,1.0,0,1,"time.struct_time(tm_year=2021, tm_mon=10, tm_mday=12, tm_hour=3, tm_min=0, tm_sec=35, tm_wday=1, tm_yday=285, tm_isdst=-1)",2021-10-12,2021,10,285,12,0
2021-10-12 03:03:05,40.765808,-111.909821,1296.8,-9999.0,-9999.0,-9999.0,13.33,9.15,6.76,79.74,2.0,2.0,6.72,50.0,862.1,0.0,3.4,2.08,17.0,815.5,36.4,9.7,46.1,10.4,811.1,1.52,69.0,1.0,0,1,"time.struct_time(tm_year=2021, tm_mon=10, tm_mday=12, tm_hour=3, tm_min=3, tm_sec=5, tm_wday=1, tm_yday=285, tm_isdst=-1)",2021-10-12,2021,10,285,12,3
2021-10-12 03:05:35,40.765686,-111.909744,1289.2,-9999.0,-9999.0,-9999.0,13.31,9.24,6.83,78.86,2.0,2.0,6.78,49.0,862.2,0.0,10.7,2.08,17.7,816.4,8.6,3.9,12.5,10.4,811.0,1.51,69.1,1.0,0,1,"time.struct_time(tm_year=2021, tm_mon=10, tm_mday=12, tm_hour=3, tm_min=5, tm_sec=35, tm_wday=1, tm_yday=285, tm_isdst=-1)",2021-10-12,2021,10,285,12,5
2021-10-12 03:08:05,40.765781,-111.909668,1271.7,-9999.0,-9999.0,-9999.0,13.32,9.35,6.89,78.72,2.0,2.0,7.11,47.0,862.2,0.0,14.4,2.09,18.3,815.6,12.4,4.0,16.4,10.5,811.0,1.51,68.9,1.0,0,1,"time.struct_time(tm_year=2021, tm_mon=10, tm_mday=12, tm_hour=3, tm_min=8, tm_sec=5, tm_wday=1, tm_yday=285, tm_isdst=-1)",2021-10-12,2021,10,285,12,8
2021-10-12 03:11:40,40.765667,-111.90966,1266.2,-9999.0,-9999.0,-9999.0,13.27,9.5,6.83,78.11,2.0,2.0,7.39,45.0,862.2,0.0,17.4,2.1,19.1,816.3,2.6,11.3,13.9,10.6,811.2,1.53,68.6,1.0,0,1,"time.struct_time(tm_year=2021, tm_mon=10, tm_mday=12, tm_hour=3, tm_min=11, tm_sec=40, tm_wday=1, tm_yday=285, tm_isdst=-1)",2021-10-12,2021,10,285,12,11
2021-10-12 03:14:10,40.765732,-111.909698,1263.4,-9999.0,-9999.0,-9999.0,13.3,9.62,6.96,77.88,2.0,2.0,7.61,44.0,862.1,0.0,14.0,2.11,19.7,815.8,2.2,8.9,11.1,10.6,811.3,1.53,68.5,1.0,0,1,"time.struct_time(tm_year=2021, tm_mon=10, tm_mday=12, tm_hour=3, tm_min=14, tm_sec=10, tm_wday=1, tm_yday=285, tm_isdst=-1)",2021-10-12,2021,10,285,12,14
2021-10-12 03:16:40,40.765732,-111.909775,1276.4,-9999.0,-9999.0,-9999.0,13.3,9.73,6.89,77.91,2.0,2.0,7.78,42.0,862.1,0.0,18.4,2.12,20.1,816.3,7.2,3.9,11.1,10.7,811.2,1.52,68.6,1.0,0,1,"time.struct_time(tm_year=2021, tm_mon=10, tm_mday=12, tm_hour=3, tm_min=16, tm_sec=40, tm_wday=1, tm_yday=285, tm_isdst=-1)",2021-10-12,2021,10,285,12,16
2021-10-12 03:19:10,40.765789,-111.909836,1282.9,-9999.0,-9999.0,-9999.0,13.29,9.86,6.76,77.97,1.0,2.0,8.0,41.0,862.1,0.0,17.0,2.1,20.6,815.8,-1.4,9.4,8.0,10.8,811.3,1.52,68.7,1.0,0,1,"time.struct_time(tm_year=2021, tm_mon=10, tm_mday=12, tm_hour=3, tm_min=19, tm_sec=10, tm_wday=1, tm_yday=285, tm_isdst=-1)",2021-10-12,2021,10,285,12,19
2021-10-12 03:21:40,40.76572,-111.909706,1282.6,-9999.0,-9999.0,-9999.0,13.29,9.97,6.86,79.19,1.0,2.0,8.28,40.0,862.0,0.0,17.0,2.11,21.0,816.2,6.1,7.5,13.6,10.9,811.2,1.52,68.5,1.0,0,1,"time.struct_time(tm_year=2021, tm_mon=10, tm_mday=12, tm_hour=3, tm_min=21, tm_sec=40, tm_wday=1, tm_yday=285, tm_isdst=-1)",2021-10-12,2021,10,285,12,21
2021-10-12 03:24:10,40.765789,-111.909752,1277.8,-9999.0,-9999.0,-9999.0,13.28,10.09,6.96,78.92,2.0,2.0,8.5,39.0,862.2,0.0,16.0,2.1,21.4,815.7,-0.4,4.2,3.8,11.0,811.2,1.52,68.4,1.0,0,1,"time.struct_time(tm_year=2021, tm_mon=10, tm_mday=12, tm_hour=3, tm_min=24, tm_sec=10, tm_wday=1, tm_yday=285, tm_isdst=-1)",2021-10-12,2021,10,285,12,24
2021-10-12 03:26:40,40.765804,-111.909813,1283.7,-9999.0,-9999.0,-9999.0,13.28,10.18,7.06,78.2,1.0,2.0,8.72,38.0,862.0,0.0,15.0,2.1,21.7,816.2,7.2,3.6,10.8,11.1,811.1,1.52,68.5,1.0,0,1,"time.struct_time(tm_year=2021, tm_mon=10, tm_mday=12, tm_hour=3, tm_min=26, tm_sec=40, tm_wday=1, tm_yday=285, tm_isdst=-1)",2021-10-12,2021,10,285,12,26
2021-10-12 03:29:10,40.765732,-111.909698,1265.2,-9999.0,-9999.0,-9999.0,13.28,10.29,7.16,77.42,2.0,2.0,8.78,38.0,862.2,0.0,15.4,2.11,22.1,815.8,8.0,0.1,8.1,11.2,811.1,1.52,68.6,1.0,0,1,"time.struct_time(tm_year=2021, tm_mon=10, tm_mday=12, tm_hour=3, tm_min=29, tm_sec=10, tm_wday=1, tm_yday=285, tm_isdst=-1)",2021-10-12,2021,10,285,12,29
2021-10-12 03:31:40,40.765747,-111.909691,1250.8,-9999.0,-9999.0,-9999.0,13.26,10.4,7.15,75.31,2.0,2.0,9.0,37.0,862.2,0.0,16.1,2.11,22.4,816.1,7.7,6.8,14.5,11.3,811.1,1.52,68.4,1.0,0,1,"time.struct_time(tm_year=2021, tm_mon=10, tm_mday=12, tm_hour=3, tm_min=31, tm_sec=40, tm_wday=1, tm_yday=285, tm_isdst=-1)",2021-10-12,2021,10,285,12,31
2021-10-12 03:34:10,40.765759,-111.90963,1273.7,-9999.0,-9999.0,-9999.0,13.26,10.52,6.98,75.92,1.0,2.0,9.22,37.0,862.1,0.0,19.1,2.12,22.7,815.8,4.9,6.9,11.8,11.4,811.1,1.52,68.4,1.0,0,1,"time.struct_time(tm_year=2021, tm_mon=10, tm_mday=12, tm_hour=3, tm_min=34, tm_sec=10, tm_wday=1, tm_yday=285, tm_isdst=-1)",2021-10-12,2021,10,285,12,34
2021-10-12 03:36:40,40.765766,-111.909622,1260.1,-9999.0,-9999.0,-9999.0,13.23,10.61,6.88,76.66,1.0,2.0,9.39,37.0,862.3,0.0,16.9,2.11,23.0,816.1,5.2,2.8,8.0,11.5,811.1,1.51,68.6,1.0,0,1,"time.struct_time(tm_year=2021, tm_mon=10, tm_mday=12, tm_hour=3, tm_min=36, tm_sec=40, tm_wday=1, tm_yday=285, tm_isdst=-1)",2021-10-12,2021,10,285,12,36
2021-10-12 03:39:10,40.765682,-111.909729,1289.4,-9999.0,-9999.0,-9999.0,13.26,10.72,6.85,77.34,2.0,2.0,9.5,37.0,862.0,0.0,15.5,2.12,23.2,815.8,-2.4,6.3,3.9,11.6,811.0,1.52,68.5,1.0,0,1,"time.struct_time(tm_year=2021, tm_mon=10, tm_mday=12, tm_hour=3, tm_min=39, tm_sec=10, tm_wday=1, tm_yday=285, tm_isdst=-1)",2021-10-12,2021,10,285,12,39
2021-10-12 03:41:40,40.765759,-111.909691,1254.8,-9999.0,-9999.0,-9999.0,13.26,10.81,6.95,77.75,3.0,2.0,9.61,37.0,862.2,0.0,21.4,2.13,23.5,816.0,5.4,1.5,6.9,11.8,810.9,1.51,68.5,1.0,0,1,"time.struct_time(tm_year=2021, tm_mon=10, tm_mday=12, tm_hour=3, tm_min=41, tm_sec=40, tm_wday=1, tm_yday=285, tm_isdst=-1)",2021-10-12,2021,10,285,12,41
2021-10-12 03:44:10,40.765827,-111.909607,1259.5,-9999.0,-9999.0,-9999.0,13.25,10.9,6.95,77.48,2.0,2.0,9.72,38.0,862.2,0.0,16.7,2.13,23.7,815.7,-5.2,13.5,8.3,11.9,810.9,1.51,68.6,1.0,0,1,"time.struct_time(tm_year=2021, tm_mon=10, tm_mday=12, tm_hour=3, tm_min=44, tm_sec=10, tm_wday=1, tm_yday=285, tm_isdst=-1)",2021-10-12,2021,10,285,12,44
2021-10-12 03:46:40,40.76582,-111.909576,1244.7,-9999.0,-9999.0,-9999.0,13.25,10.99,7.08,77.61,2.0,2.0,9.78,38.0,862.1,0.0,18.8,2.13,23.9,816.0,0.8,8.6,9.4,12.0,811.0,1.51,68.4,1.0,0,1,"time.struct_time(tm_year=2021, tm_mon=10, tm_mday=12, tm_hour=3, tm_min=46, tm_sec=40, tm_wday=1, tm_yday=285, tm_isdst=-1)",2021-10-12,2021,10,285,12,46
2021-10-12 03:49:10,40.765774,-111.909744,1270.3,-9999.0,-9999.0,-9999.0,13.24,11.08,7.22,77.2,3.0,2.0,9.78,38.0,862.2,0.0,17.6,2.14,24.1,815.7,3.6,0.3,3.9,12.1,811.0,1.51,68.6,1.0,0,1,"time.struct_time(tm_year=2021, tm_mon=10, tm_mday=12, tm_hour=3, tm_min=49, tm_sec=10, tm_wday=1, tm_yday=285, tm_isdst=-1)",2021-10-12,2021,10,285,12,49
2021-10-12 04:53:50,40.765694,-111.909752,1272.7,-9999.0,-9999.0,-9999.0,13.3,10.11,5.87,80.8,1.0,2.0,7.89,45.0,862.6,0.0,19.3,2.08,16.3,816.7,-9999.0,-9999.0,-9999.0,-9999.0,-9999.0,-9999.0,-9999.0,1.0,0,1,"time.struct_time(tm_year=2021, tm_mon=10, tm_mday=12, tm_hour=4, tm_min=53, tm_sec=50, tm_wday=1, tm_yday=285, tm_isdst=-1)",2021-10-12,2021,10,285,12,53
2021-10-12 04:56:20,40.765995,-111.909698,1283.5,-9999.0,-9999.0,-9999.0,13.32,10.09,6.01,80.4,1.0,2.0,7.89,44.0,862.5,0.0,18.4,2.08,17.4,815.7,-9999.0,-9999.0,-9999.0,-9999.0,-9999.0,-9999.0,-9999.0,1.0,0,1,"time.struct_time(tm_year=2021, tm_mon=10, tm_mday=12, tm_hour=4, tm_min=56, tm_sec=20, tm_wday=1, tm_yday=285, tm_isdst=-1)",2021-10-12,2021,10,285,12,56
2021-10-12 04:58:50,40.765686,-111.909721,1287.9,-9999.0,-9999.0,-9999.0,13.3,10.11,5.93,81.0,2.0,2.0,7.89,44.0,862.5,0.0,16.1,2.09,18.3,816.6,-9999.0,-9999.0,-9999.0,-9999.0,-9999.0,-9999.0,-9999.0,1.0,0,1,"time.struct_time(tm_year=2021, tm_mon=10, tm_mday=12, tm_hour=4, tm_min=58, tm_sec=50, tm_wday=1, tm_yday=285, tm_isdst=-1)",2021-10-12,2021,10,285,12,58
2021-10-12 05:01:20,40.765694,-111.90976,1289.2,-9999.0,-9999.0,-9999.0,13.28,10.13,6.0,81.8,1.0,2.0,8.0,43.0,862.3,0.0,4.8,2.09,19.0,815.6,52.4,7.1,59.5,13.1,811.1,1.51,69.5,1.0,0,1,"time.struct_time(tm_year=2021, tm_mon=10, tm_mday=12, tm_hour=5, tm_min=1, tm_sec=20, tm_wday=1, tm_yday=285, tm_isdst=-1)",2021-10-12,2021,10,285,12,1
2021-10-12 05:03:50,40.765793,-111.909676,1284.4,-9999.0,-9999.0,-9999.0,13.28,10.2,6.0,80.5,1.0,2.0,8.11,41.0,862.3,0.0,16.9,2.09,19.7,816.4,9.5,3.0,12.5,13.1,811.1,1.51,69.0,1.0,0,1,"time.struct_time(tm_year=2021, tm_mon=10, tm_mday=12, tm_hour=5, tm_min=3, tm_sec=50, tm_wday=1, tm_yday=285, tm_isdst=-1)",2021-10-12,2021,10,285,12,3
2021-10-12 05:06:20,40.765793,-111.909645,1287.1,-9999.0,-9999.0,-9999.0,13.27,10.27,6.13,80.9,2.0,2.0,8.22,40.0,862.2,0.0,13.8,2.1,20.3,815.6,5.7,5.9,11.6,13.1,811.2,1.51,68.9,1.0,0,1,"time.struct_time(tm_year=2021, tm_mon=10, tm_mday=12, tm_hour=5, tm_min=6, tm_sec=20, tm_wday=1, tm_yday=285, tm_isdst=-1)",2021-10-12,2021,10,285,12,6
2021-10-12 05:08:50,40.76585,-111.90976,1290.2,-9999.0,-9999.0,-9999.0,13.27,10.34,6.34,80.2,0.0,2.0,8.28,39.0,862.2,0.0,18.0,2.1,20.8,816.4,3.8,0.9,4.7,13.2,811.2,1.51,68.8,1.0,0,1,"time.struct_time(tm_year=2021, tm_mon=10, tm_mday=12, tm_hour=5, tm_min=8, tm_sec=50, tm_wday=1, tm_yday=285, tm_isdst=-1)",2021-10-12,2021,10,285,12,8
2021-10-12 05:11:20,40.76582,-111.909721,1296.7,-9999.0,-9999.0,-9999.0,13.27,10.43,6.47,78.66,1.0,2.0,8.5,38.0,862.2,0.0,21.7,2.11,21.3,815.7,2.7,1.3,4.0,13.2,811.2,1.51,68.8,1.0,0,1,"time.struct_time(tm_year=2021, tm_mon=10, tm_mday=12, tm_hour=5, tm_min=11, tm_sec=20, tm_wday=1, tm_yday=285, tm_isdst=-1)",2021-10-12,2021,10,285,12,11
2021-10-12 05:13:50,40.765667,-111.909714,1300.6,-9999.0,-9999.0,-9999.0,13.25,10.52,6.61,79.38,1.0,2.0,8.61,38.0,862.4,0.0,11.9,2.12,21.7,816.4,12.8,5.2,18.0,13.2,811.3,1.5,68.7,1.0,0,1,"time.struct_time(tm_year=2021, tm_mon=10, tm_mday=12, tm_hour=5, tm_min=13, tm_sec=50, tm_wday=1, tm_yday=285, tm_isdst=-1)",2021-10-12,2021,10,285,12,13
2021-10-12 05:16:20,40.765671,-111.909561,1295.6,-9999.0,-9999.0,-9999.0,13.25,10.61,6.74,77.07,1.0,2.0,8.78,37.0,862.5,0.0,15.9,2.1,22.1,815.9,2.9,4.5,7.4,13.3,811.4,1.5,68.5,1.0,0,1,"time.struct_time(tm_year=2021, tm_mon=10, tm_mday=12, tm_hour=5, tm_min=16, tm_sec=20, tm_wday=1, tm_yday=285, tm_isdst=-1)",2021-10-12,2021,10,285,12,16
2021-10-12 05:18:50,40.765823,-111.909683,1299.1,-9999.0,-9999.0,-9999.0,13.25,10.67,6.81,76.63,1.0,2.0,8.89,37.0,862.4,0.0,18.4,2.11,22.4,816.4,6.5,4.8,11.3,13.3,811.3,1.5,68.8,1.0,0,1,"time.struct_time(tm_year=2021, tm_mon=10, tm_mday=12, tm_hour=5, tm_min=18, tm_sec=50, tm_wday=1, tm_yday=285, tm_isdst=-1)",2021-10-12,2021,10,285,12,18
2021-10-12 05:21:20,40.76582,-111.909752,1290.1,-9999.0,-9999.0,-9999.0,13.25,10.77,6.88,76.53,1.0,2.0,9.11,37.0,862.5,0.0,14.9,2.12,22.7,816.0,6.3,-0.9,5.4,13.4,811.3,1.5,68.8,1.0,0,1,"time.struct_time(tm_year=2021, tm_mon=10, tm_mday=12, tm_hour=5, tm_min=21, tm_sec=20, tm_wday=1, tm_yday=285, tm_isdst=-1)",2021-10-12,2021,10,285,12,21
2021-10-12 05:23:50,40.765739,-111.909576,1292.9,-9999.0,-9999.0,-9999.0,13.21,10.86,6.71,76.59,1.0,2.0,9.22,37.0,862.3,0.0,16.9,2.11,23.0,816.4,5.5,0.5,6.0,13.5,811.3,1.5,68.6,1.0,0,1,"time.struct_time(tm_year=2021, tm_mon=10, tm_mday=12, tm_hour=5, tm_min=23, tm_sec=50, tm_wday=1, tm_yday=285, tm_isdst=-1)",2021-10-12,2021,10,285,12,23
2021-10-12 05:26:20,40.765785,-111.909492,1296.8,-9999.0,-9999.0,-9999.0,13.25,10.93,6.81,76.39,1.0,2.0,9.28,37.0,862.4,0.0,22.8,2.13,23.3,816.1,3.5,-4.9,-1.4,13.5,811.3,1.5,68.6,1.0,0,1,"time.struct_time(tm_year=2021, tm_mon=10, tm_mday=12, tm_hour=5, tm_min=26, tm_sec=20, tm_wday=1, tm_yday=285, tm_isdst=-1)",2021-10-12,2021,10,285,12,26
2021-10-12 05:28:50,40.765709,-111.909523,1294.6,-9999.0,-9999.0,-9999.0,13.24,11.02,6.81,75.81,1.0,2.0,9.39,37.0,862.4,0.0,23.0,2.12,23.6,816.3,5.4,3.3,8.7,13.6,811.1,1.51,68.7,1.0,0,1,"time.struct_time(tm_year=2021, tm_mon=10, tm_mday=12, tm_hour=5, tm_min=28, tm_sec=50, tm_wday=1, tm_yday=285, tm_isdst=-1)",2021-10-12,2021,10,285,12,28
2021-10-12 05:31:20,40.765854,-111.909584,1294.1,-9999.0,-9999.0,-9999.0,13.24,11.08,6.81,74.97,1.0,2.0,9.5,37.0,862.3,0.0,20.2,2.12,23.8,816.0,1.7,-3.0,-1.3,13.7,811.1,1.5,68.5,1.0,0,1,"time.struct_time(tm_year=2021, tm_mon=10, tm_mday=12, tm_hour=5, tm_min=31, tm_sec=20, tm_wday=1, tm_yday=285, tm_isdst=-1)",2021-10-12,2021,10,285,12,31
2021-10-12 05:33:50,40.765831,-111.909615,1299.4,-9999.0,-9999.0,-9999.0,13.24,11.18,6.95,74.66,1.0,2.0,9.5,37.0,862.4,0.0,21.9,2.13,24.0,816.3,9.7,-4.4,5.3,13.8,811.2,1.5,68.4,1.0,0,1,"time.struct_time(tm_year=2021, tm_mon=10, tm_mday=12, tm_hour=5, tm_min=33, tm_sec=50, tm_wday=1, tm_yday=285, tm_isdst=-1)",2021-10-12,2021,10,285,12,33
2021-10-12 05:36:20,40.765568,-111.909523,1296.5,-9999.0,-9999.0,-9999.0,13.24,11.24,7.01,74.19,1.0,2.0,9.61,37.0,862.3,0.0,21.6,2.13,24.3,816.0,1.9,3.9,5.8,13.8,811.0,1.5,68.7,1.0,0,1,"time.struct_time(tm_year=2021, tm_mon=10, tm_mday=12, tm_hour=5, tm_min=36, tm_sec=20, tm_wday=1, tm_yday=285, tm_isdst=-1)",2021-10-12,2021,10,285,12,36
2021-10-12 05:38:50,40.765785,-111.90966,1298.1,-9999.0,-9999.0,-9999.0,13.23,11.31,7.08,74.9,1.0,2.0,9.61,38.0,862.4,0.0,23.4,2.14,24.5,816.1,-1.5,3.7,2.2,13.9,811.0,1.5,68.7,1.0,0,1,"time.struct_time(tm_year=2021, tm_mon=10, tm_mday=12, tm_hour=5, tm_min=38, tm_sec=50, tm_wday=1, tm_yday=285, tm_isdst=-1)",2021-10-12,2021,10,285,12,38
2021-10-12 05:41:20,40.765766,-111.909637,1295.7,-9999.0,-9999.0,-9999.0,13.19,11.38,7.22,74.42,1.0,2.0,9.72,38.0,862.3,0.0,21.0,2.13,24.7,815.9,2.6,3.9,6.5,14.0,810.9,1.5,68.8,1.0,0,1,"time.struct_time(tm_year=2021, tm_mon=10, tm_mday=12, tm_hour=5, tm_min=41, tm_sec=20, tm_wday=1, tm_yday=285, tm_isdst=-1)",2021-10-12,2021,10,285,12,41
2021-10-12 05:43:50,40.765869,-111.909653,1290.5,-9999.0,-9999.0,-9999.0,13.19,11.45,7.63,71.71,0.0,2.0,9.72,38.0,862.2,0.0,17.3,2.12,24.8,816.1,3.7,4.5,8.2,14.1,810.9,1.5,68.9,1.0,0,1,"time.struct_time(tm_year=2021, tm_mon=10, tm_mday=12, tm_hour=5, tm_min=43, tm_sec=50, tm_wday=1, tm_yday=285, tm_isdst=-1)",2021-10-12,2021,10,285,12,43
2021-10-12 05:46:20,40.7658,-111.909401,1281.5,-9999.0,-9999.0,-9999.0,13.22,11.52,7.96,69.57,1.0,2.0,9.78,38.0,862.2,0.0,16.4,2.13,25.0,816.0,6.7,2.9,9.6,14.2,810.9,1.5,68.9,0.0,0,1,"time.struct_time(tm_year=2021, tm_mon=10, tm_mday=12, tm_hour=5, tm_min=46, tm_sec=20, tm_wday=1, tm_yday=285, tm_isdst=-1)",2021-10-12,2021,10,285,12,46
2021-10-12 05:48:50,40.76601,-111.909607,1297.7,-9999.0,-9999.0,-9999.0,13.21,11.59,8.1,67.37,3.0,2.0,9.78,38.0,862.5,0.0,20.8,2.13,25.2,816.2,0.1,6.2,6.3,14.3,810.9,1.5,68.7,0.0,0,1,"time.struct_time(tm_year=2021, tm_mon=10, tm_mday=12, tm_hour=5, tm_min=48, tm_sec=50, tm_wday=1, tm_yday=285, tm_isdst=-1)",2021-10-12,2021,10,285,12,48
2021-10-12 05:52:30,40.765682,-111.909683,1287.4,-9999.0,-9999.0,-9999.0,13.21,11.7,8.17,67.1,5.0,2.0,9.89,38.0,862.4,0.0,20.3,2.13,25.4,816.1,5.9,1.4,7.3,14.4,811.0,1.43,69.9,0.0,0,1,"time.struct_time(tm_year=2021, tm_mon=10, tm_mday=12, tm_hour=5, tm_min=52, tm_sec=30, tm_wday=1, tm_yday=285, tm_isdst=-1)",2021-10-12,2021,10,285,12,52
2021-10-12 05:55:00,40.765781,-111.909706,1296.9,-9999.0,-9999.0,-9999.0,13.22,11.79,8.3,67.91,4.0,2.0,10.0,38.0,862.2,0.0,15.7,2.14,25.6,815.9,15.1,11.5,26.6,14.5,810.9,1.43,69.9,0.0,0,1,"time.struct_time(tm_year=2021, tm_mon=10, tm_mday=12, tm_hour=5, tm_min=55, tm_sec=0, tm_wday=1, tm_yday=285, tm_isdst=-1)",2021-10-12,2021,10,285,12,55
2021-10-12 05:57:30,40.765888,-111.909615,1292.2,-9999.0,-9999.0,-9999.0,13.21,11.89,8.3,67.37,7.0,2.0,10.11,38.0,862.5,0.0,15.6,2.15,25.7,816.1,3.8,2.2,6.0,14.6,810.9,1.43,69.9,0.0,0,1,"time.struct_time(tm_year=2021, tm_mon=10, tm_mday=12, tm_hour=5, tm_min=57, tm_sec=30, tm_wday=1, tm_yday=285, tm_isdst=-1)",2021-10-12,2021,10,285,12,57
2021-10-12 06:00:00,40.765839,-111.909698,1295.4,-9999.0,-9999.0,-9999.0,13.21,11.98,8.44,67.98,11.0,2.0,10.22,38.0,862.4,0.0,15.6,2.14,25.9,815.9,-0.7,1.9,1.2,14.6,810.9,1.43,70.0,0.0,0,1,"time.struct_time(tm_year=2021, tm_mon=10, tm_mday=12, tm_hour=6, tm_min=0, tm_sec=0, tm_wday=1, tm_yday=285, tm_isdst=-1)",2021-10-12,2021,10,285,12,0
2021-10-12 06:02:30,40.765823,-111.909668,1272.5,-9999.0,-9999.0,-9999.0,13.21,12.07,8.51,67.67,3.0,2.0,10.22,39.0,862.3,0.0,13.2,2.15,26.0,816.0,11.0,15.4,26.4,14.7,810.8,1.43,69.8,0.0,0,1,"time.struct_time(tm_year=2021, tm_mon=10, tm_mday=12, tm_hour=6, tm_min=2, tm_sec=30, tm_wday=1, tm_yday=285, tm_isdst=-1)",2021-10-12,2021,10,285,12,2
2021-10-12 06:05:00,40.765892,-111.909668,1269.9,-9999.0,-9999.0,-9999.0,13.19,12.16,8.51,66.96,3.0,2.0,10.39,38.0,862.4,0.0,14.3,2.15,26.1,815.8,2.5,6.4,8.9,14.8,810.8,1.43,69.8,0.0,0,1,"time.struct_time(tm_year=2021, tm_mon=10, tm_mday=12, tm_hour=6, tm_min=5, tm_sec=0, tm_wday=1, tm_yday=285, tm_isdst=-1)",2021-10-12,2021,10,285,12,5
2021-10-12 06:07:30,40.765812,-111.909737,1252.1,-9999.0,-9999.0,-9999.0,13.2,12.26,8.58,67.64,3.0,2.0,10.5,39.0,862.3,0.0,16.9,2.16,26.3,815.9,8.1,4.3,12.4,14.9,810.7,1.43,70.0,0.0,0,1,"time.struct_time(tm_year=2021, tm_mon=10, tm_mday=12, tm_hour=6, tm_min=7, tm_sec=30, tm_wday=1, tm_yday=285, tm_isdst=-1)",2021-10-12,2021,10,285,12,7
2021-10-12 06:10:00,40.765846,-111.909721,1249.5,-9999.0,-9999.0,-9999.0,13.2,12.33,8.37,67.13,4.0,2.0,10.61,38.0,862.2,0.0,17.2,2.15,26.4,815.8,-0.4,9.0,8.6,15.0,810.7,1.43,70.0,0.0,0,1,"time.struct_time(tm_year=2021, tm_mon=10, tm_mday=12, tm_hour=6, tm_min=10, tm_sec=0, tm_wday=1, tm_yday=285, tm_isdst=-1)",2021-10-12,2021,10,285,12,10
2021-10-12 06:12:30,40.765629,-111.909721,1256.7,-9999.0,-9999.0,-9999.0,13.2,12.42,8.24,67.54,3.0,2.0,10.72,38.0,862.3,0.0,19.9,2.16,26.6,815.9,2.1,13.0,15.1,15.1,810.7,1.43,69.7,0.0,0,1,"time.struct_time(tm_year=2021, tm_mon=10, tm_mday=12, tm_hour=6, tm_min=12, tm_sec=30, tm_wday=1, tm_yday=285, tm_isdst=-1)",2021-10-12,2021,10,285,12,12
2021-10-12 06:15:00,40.765804,-111.909958,1295.6,-9999.0,-9999.0,-9999.0,13.2,12.53,8.3,67.03,3.0,2.0,10.78,38.0,862.3,0.0,23.1,2.15,26.7,815.8,-0.2,12.0,11.8,15.2,810.7,1.43,70.0,0.0,0,1,"time.struct_time(tm_year=2021, tm_mon=10, tm_mday=12, tm_hour=6, tm_min=15, tm_sec=0, tm_wday=1, tm_yday=285, tm_isdst=-1)",2021-10-12,2021,10,285,12,15
2021-10-12 06:17:30,40.765816,-111.90966,1285.1,-9999.0,-9999.0,-9999.0,13.19,12.63,8.37,66.96,3.0,2.0,10.89,38.0,862.2,0.0,21.7,2.14,26.8,815.9,8.1,4.6,12.7,15.3,810.6,1.44,70.1,0.0,0,1,"time.struct_time(tm_year=2021, tm_mon=10, tm_mday=12, tm_hour=6, tm_min=17, tm_sec=30, tm_wday=1, tm_yday=285, tm_isdst=-1)",2021-10-12,2021,10,285,12,17
2021-10-12 06:20:00,40.765701,-111.909676,1238.2,-9999.0,-9999.0,-9999.0,13.2,12.74,8.64,66.62,3.0,2.0,11.0,38.0,862.3,0.0,14.2,2.15,26.9,815.8,5.3,3.9,9.2,15.4,810.7,1.43,70.1,0.0,0,1,"time.struct_time(tm_year=2021, tm_mon=10, tm_mday=12, tm_hour=6, tm_min=20, tm_sec=0, tm_wday=1, tm_yday=285, tm_isdst=-1)",2021-10-12,2021,10,285,12,20
2021-10-12 06:22:30,40.765808,-111.909668,1263.1,-9999.0,-9999.0,-9999.0,13.19,12.84,8.78,66.62,3.0,2.0,11.11,39.0,862.0,0.0,23.1,2.15,27.1,815.7,2.0,0.1,2.1,15.5,810.5,1.43,70.1,0.0,0,1,"time.struct_time(tm_year=2021, tm_mon=10, tm_mday=12, tm_hour=6, tm_min=22, tm_sec=30, tm_wday=1, tm_yday=285, tm_isdst=-1)",2021-10-12,2021,10,285,12,22
2021-10-12 06:25:00,40.765831,-111.909752,1248.4,-9999.0,-9999.0,-9999.0,13.19,12.93,9.04,66.24,2.0,2.0,11.22,39.0,862.1,0.0,21.3,2.14,27.2,815.7,7.3,3.3,10.6,15.6,810.5,1.43,70.2,0.0,0,1,"time.struct_time(tm_year=2021, tm_mon=10, tm_mday=12, tm_hour=6, tm_min=25, tm_sec=0, tm_wday=1, tm_yday=285, tm_isdst=-1)",2021-10-12,2021,10,285,12,25
2021-10-12 06:27:30,40.765896,-111.909767,1269.6,-9999.0,-9999.0,-9999.0,13.18,13.05,9.18,64.78,3.0,2.0,11.28,39.0,862.0,0.0,16.0,2.15,27.3,815.6,1.6,4.8,6.4,15.7,810.5,1.43,70.1,0.0,0,1,"time.struct_time(tm_year=2021, tm_mon=10, tm_mday=12, tm_hour=6, tm_min=27, tm_sec=30, tm_wday=1, tm_yday=285, tm_isdst=-1)",2021-10-12,2021,10,285,12,27
2021-10-12 06:30:00,40.765743,-111.909622,1294.1,-9999.0,-9999.0,-9999.0,13.18,13.12,8.83,65.52,4.0,2.0,11.28,38.0,862.2,0.0,20.2,2.16,27.5,815.5,7.0,2.2,9.2,15.8,810.3,1.43,70.0,0.0,0,1,"time.struct_time(tm_year=2021, tm_mon=10, tm_mday=12, tm_hour=6, tm_min=30, tm_sec=0, tm_wday=1, tm_yday=285, tm_isdst=-1)",2021-10-12,2021,10,285,12,30
2021-10-12 06:32:30,40.765778,-111.909691,1256.1,-9999.0,-9999.0,-9999.0,13.18,13.21,8.76,67.79,4.0,2.0,11.39,39.0,861.8,0.0,19.7,2.15,27.6,815.4,-1.3,5.9,4.6,15.9,810.3,1.43,70.0,0.0,0,1,"time.struct_time(tm_year=2021, tm_mon=10, tm_mday=12, tm_hour=6, tm_min=32, tm_sec=30, tm_wday=1, tm_yday=285, tm_isdst=-1)",2021-10-12,2021,10,285,12,32
2021-10-12 06:35:00,40.765717,-111.909683,1231.8,-9999.0,-9999.0,-9999.0,13.17,13.3,8.9,67.79,3.0,2.0,11.5,39.0,861.9,0.0,19.7,2.15,27.7,815.4,6.6,7.4,14.0,16.0,810.3,1.43,70.1,0.0,0,1,"time.struct_time(tm_year=2021, tm_mon=10, tm_mday=12, tm_hour=6, tm_min=35, tm_sec=0, tm_wday=1, tm_yday=285, tm_isdst=-1)",2021-10-12,2021,10,285,12,35
2021-10-12 06:37:30,40.765926,-111.909714,1252.6,-9999.0,-9999.0,-9999.0,13.17,13.42,9.17,66.6,3.0,2.0,11.61,39.0,861.9,0.0,11.8,2.15,27.8,815.4,3.9,7.5,11.4,16.1,810.2,1.44,70.2,0.0,0,1,"time.struct_time(tm_year=2021, tm_mon=10, tm_mday=12, tm_hour=6, tm_min=37, tm_sec=30, tm_wday=1, tm_yday=285, tm_isdst=-1)",2021-10-12,2021,10,285,12,37
2021-10-12 06:40:00,40.765823,-111.909775,1288.8,-9999.0,-9999.0,-9999.0,13.18,13.54,9.44,66.53,3.0,2.0,11.72,39.0,861.9,0.0,15.7,2.16,28.0,815.4,6.3,7.8,14.1,16.2,810.2,1.44,70.0,0.0,0,1,"time.struct_time(tm_year=2021, tm_mon=10, tm_mday=12, tm_hour=6, tm_min=40, tm_sec=0, tm_wday=1, tm_yday=285, tm_isdst=-1)",2021-10-12,2021,10,285,12,40
2021-10-12 06:42:30,40.765797,-111.909782,1275.6,-9999.0,-9999.0,-9999.0,13.17,13.66,9.71,65.82,4.0,2.0,11.78,40.0,861.8,0.0,17.5,2.16,28.1,815.4,1.1,15.8,16.9,16.3,810.2,1.43,70.2,0.0,0,1,"time.struct_time(tm_year=2021, tm_mon=10, tm_mday=12, tm_hour=6, tm_min=42, tm_sec=30, tm_wday=1, tm_yday=285, tm_isdst=-1)",2021-10-12,2021,10,285,12,42
2021-10-12 06:45:00,40.765911,-111.909889,1301.1,-9999.0,-9999.0,-9999.0,13.18,13.75,9.92,65.51,3.0,2.0,11.89,40.0,861.9,0.0,13.9,2.15,28.2,815.5,1.8,14.7,16.5,16.4,810.1,1.44,70.1,0.0,0,1,"time.struct_time(tm_year=2021, tm_mon=10, tm_mday=12, tm_hour=6, tm_min=45, tm_sec=0, tm_wday=1, tm_yday=285, tm_isdst=-1)",2021-10-12,2021,10,285,12,45
2021-10-12 06:47:30,40.765759,-111.90992,1268.1,-9999.0,-9999.0,-9999.0,13.19,13.87,9.98,65.11,3.0,2.0,12.0,40.0,862.1,0.0,17.9,2.16,28.3,815.4,5.9,10.3,16.2,16.5,810.1,1.44,70.3,0.0,0,1,"time.struct_time(tm_year=2021, tm_mon=10, tm_mday=12, tm_hour=6, tm_min=47, tm_sec=30, tm_wday=1, tm_yday=285, tm_isdst=-1)",2021-10-12,2021,10,285,12,47
2021-10-12 06:50:00,40.765835,-111.909859,1265.3,-9999.0,-9999.0,-9999.0,13.18,13.97,10.19,64.97,3.0,2.0,12.11,40.0,862.2,0.0,14.6,2.17,28.4,815.4,1.6,7.2,8.8,16.6,810.1,1.44,70.3,0.0,0,1,"time.struct_time(tm_year=2021, tm_mon=10, tm_mday=12, tm_hour=6, tm_min=50, tm_sec=0, tm_wday=1, tm_yday=285, tm_isdst=-1)",2021-10-12,2021,10,285,12,50
2021-10-12 06:53:40,40.765602,-111.909607,1286.3,-9999.0,-9999.0,-9999.0,13.13,14.13,10.19,63.85,3.0,2.0,12.22,40.0,862.1,0.0,18.1,2.15,28.6,815.4,2.6,4.8,7.4,16.7,810.1,1.52,69.5,0.0,0,1,"time.struct_time(tm_year=2021, tm_mon=10, tm_mday=12, tm_hour=6, tm_min=53, tm_sec=40, tm_wday=1, tm_yday=285, tm_isdst=-1)",2021-10-12,2021,10,285,12,53
2021-10-12 06:56:10,40.765659,-111.909775,1273.3,-9999.0,-9999.0,-9999.0,13.17,14.23,10.24,63.26,3.0,2.0,12.28,39.0,862.0,0.0,19.6,2.17,28.7,815.4,0.4,11.2,11.6,16.8,810.0,1.52,69.6,0.0,0,1,"time.struct_time(tm_year=2021, tm_mon=10, tm_mday=12, tm_hour=6, tm_min=56, tm_sec=10, tm_wday=1, tm_yday=285, tm_isdst=-1)",2021-10-12,2021,10,285,12,56
2021-10-12 06:58:40,40.765732,-111.909782,1309.2,-9999.0,-9999.0,-9999.0,13.09,14.32,10.34,63.06,3.0,2.0,12.39,39.0,862.0,0.0,13.9,2.17,28.8,815.4,5.2,11.3,16.5,16.9,810.0,1.52,69.5,0.0,0,1,"time.struct_time(tm_year=2021, tm_mon=10, tm_mday=12, tm_hour=6, tm_min=58, tm_sec=40, tm_wday=1, tm_yday=285, tm_isdst=-1)",2021-10-12,2021,10,285,12,58
2021-10-12 07:01:10,40.76582,-111.909698,1299.3,-9999.0,-9999.0,-9999.0,13.17,14.44,10.37,63.06,3.0,2.0,12.39,39.0,861.9,0.0,10.5,2.15,29.0,815.4,1.5,13.6,15.1,17.0,809.9,1.52,69.7,0.0,0,1,"time.struct_time(tm_year=2021, tm_mon=10, tm_mday=12, tm_hour=7, tm_min=1, tm_sec=10, tm_wday=1, tm_yday=285, tm_isdst=-1)",2021-10-12,2021,10,285,12,1
2021-10-12 07:03:40,40.765709,-111.90976,1271.2,-9999.0,-9999.0,-9999.0,13.13,14.54,10.31,62.11,3.0,2.0,12.5,39.0,861.8,0.0,10.8,2.17,29.1,815.4,5.8,20.6,26.4,17.1,810.0,1.52,69.7,0.0,0,1,"time.struct_time(tm_year=2021, tm_mon=10, tm_mday=12, tm_hour=7, tm_min=3, tm_sec=40, tm_wday=1, tm_yday=285, tm_isdst=-1)",2021-10-12,2021,10,285,12,3
2021-10-12 07:06:10,40.765701,-111.909706,1255.7,-9999.0,-9999.0,-9999.0,13.15,14.64,10.24,61.87,3.0,2.0,12.5,39.0,862.1,0.0,15.9,2.17,29.2,815.4,-0.1,11.2,11.1,17.2,809.9,1.52,69.7,0.0,0,1,"time.struct_time(tm_year=2021, tm_mon=10, tm_mday=12, tm_hour=7, tm_min=6, tm_sec=10, tm_wday=1, tm_yday=285, tm_isdst=-1)",2021-10-12,2021,10,285,12,6
2021-10-12 07:08:40,40.765766,-111.909866,1264.5,-9999.0,-9999.0,-9999.0,13.13,14.73,10.17,61.63,2.0,2.0,12.61,38.0,862.2,0.0,20.1,2.18,29.3,815.5,-1.9,12.9,11.0,17.3,810.0,1.52,69.6,0.0,0,1,"time.struct_time(tm_year=2021, tm_mon=10, tm_mday=12, tm_hour=7, tm_min=8, tm_sec=40, tm_wday=1, tm_yday=285, tm_isdst=-1)",2021-10-12,2021,10,285,12,8
2021-10-12 07:11:10,40.76582,-111.909782,1262.0,-9999.0,-9999.0,-9999.0,13.15,14.8,10.2,61.43,2.0,2.0,12.72,38.0,862.1,0.0,19.1,2.17,29.4,815.4,7.0,1.7,8.7,17.4,809.9,1.52,69.6,0.0,0,1,"time.struct_time(tm_year=2021, tm_mon=10, tm_mday=12, tm_hour=7, tm_min=11, tm_sec=10, tm_wday=1, tm_yday=285, tm_isdst=-1)",2021-10-12,2021,10,285,12,11
2021-10-12 07:13:40,40.765755,-111.909805,1254.1,-9999.0,-9999.0,-9999.0,13.14,14.9,10.27,61.83,2.0,2.0,12.78,38.0,862.1,0.0,19.4,2.17,29.5,815.5,-0.2,5.3,5.1,17.5,809.8,1.52,69.9,0.0,0,1,"time.struct_time(tm_year=2021, tm_mon=10, tm_mday=12, tm_hour=7, tm_min=13, tm_sec=40, tm_wday=1, tm_yday=285, tm_isdst=-1)",2021-10-12,2021,10,285,12,13
2021-10-12 07:16:10,40.765743,-111.909737,1276.3,-9999.0,-9999.0,-9999.0,13.15,14.97,10.44,61.83,2.0,2.0,12.78,38.0,862.2,0.0,11.4,2.16,29.6,815.4,5.7,3.1,8.8,17.6,809.8,1.52,70.0,0.0,0,1,"time.struct_time(tm_year=2021, tm_mon=10, tm_mday=12, tm_hour=7, tm_min=16, tm_sec=10, tm_wday=1, tm_yday=285, tm_isdst=-1)",2021-10-12,2021,10,285,12,16
2021-10-12 07:18:40,40.765636,-111.909714,1297.2,-9999.0,-9999.0,-9999.0,13.12,15.07,10.17,62.28,2.0,2.0,12.78,38.0,862.0,0.0,15.3,2.18,29.7,815.4,5.0,6.5,11.5,17.7,809.8,1.52,69.7,0.0,0,1,"time.struct_time(tm_year=2021, tm_mon=10, tm_mday=12, tm_hour=7, tm_min=18, tm_sec=40, tm_wday=1, tm_yday=285, tm_isdst=-1)",2021-10-12,2021,10,285,12,18
2021-10-12 07:21:10,40.765682,-111.909874,1269.3,-9999.0,-9999.0,-9999.0,13.17,15.14,10.24,62.95,3.0,2.0,12.89,38.0,861.8,0.0,20.2,2.17,29.8,815.3,0.4,3.0,3.4,17.8,809.7,1.53,70.1,0.0,0,1,"time.struct_time(tm_year=2021, tm_mon=10, tm_mday=12, tm_hour=7, tm_min=21, tm_sec=10, tm_wday=1, tm_yday=285, tm_isdst=-1)",2021-10-12,2021,10,285,12,21
2021-10-12 07:23:40,40.76543,-111.909569,1227.8,-9999.0,-9999.0,-9999.0,13.1,15.21,10.27,62.17,2.0,2.0,12.89,38.0,861.8,0.0,18.4,2.18,29.9,815.3,2.7,2.2,4.9,17.9,809.7,1.52,69.9,0.0,0,1,"time.struct_time(tm_year=2021, tm_mon=10, tm_mday=12, tm_hour=7, tm_min=23, tm_sec=40, tm_wday=1, tm_yday=285, tm_isdst=-1)",2021-10-12,2021,10,285,12,23
2021-10-12 07:26:10,40.765781,-111.909668,1259.7,-9999.0,-9999.0,-9999.0,13.15,15.29,10.17,62.03,2.0,2.0,13.0,37.0,861.9,0.0,16.6,2.17,30.0,815.2,5.2,-1.2,4.0,18.0,809.7,1.52,69.9,0.0,0,1,"time.struct_time(tm_year=2021, tm_mon=10, tm_mday=12, tm_hour=7, tm_min=26, tm_sec=10, tm_wday=1, tm_yday=285, tm_isdst=-1)",2021-10-12,2021,10,285,12,26
2021-10-12 07:28:40,40.765732,-111.909729,1279.6,-9999.0,-9999.0,-9999.0,13.12,15.36,10.16,62.3,3.0,2.0,13.0,37.0,861.9,0.0,17.0,2.17,30.1,815.3,2.8,6.1,8.9,18.1,809.6,1.52,69.9,0.0,0,1,"time.struct_time(tm_year=2021, tm_mon=10, tm_mday=12, tm_hour=7, tm_min=28, tm_sec=40, tm_wday=1, tm_yday=285, tm_isdst=-1)",2021-10-12,2021,10,285,12,28
2021-10-12 07:31:10,40.76564,-111.909554,1271.2,-9999.0,-9999.0,-9999.0,13.15,15.46,10.16,62.95,2.0,2.0,13.11,37.0,861.7,0.0,14.2,2.17,30.2,815.1,7.0,0.7,7.7,18.2,809.5,1.52,70.1,0.0,0,1,"time.struct_time(tm_year=2021, tm_mon=10, tm_mday=12, tm_hour=7, tm_min=31, tm_sec=10, tm_wday=1, tm_yday=285, tm_isdst=-1)",2021-10-12,2021,10,285,12,31
2021-10-12 07:33:40,40.765797,-111.909813,1291.3,-9999.0,-9999.0,-9999.0,13.11,15.51,9.42,65.42,2.0,2.0,13.11,37.0,861.8,0.0,17.1,2.17,30.3,815.2,8.6,-2.6,6.0,18.3,809.4,1.53,70.2,1.0,0,1,"time.struct_time(tm_year=2021, tm_mon=10, tm_mday=12, tm_hour=7, tm_min=33, tm_sec=40, tm_wday=1, tm_yday=285, tm_isdst=-1)",2021-10-12,2021,10,285,12,33
2021-10-12 11:34:15,40.765869,-111.909744,1281.4,-9999.0,-9999.0,-9999.0,13.41,7.55,4.6,82.5,1.0,2.0,4.89,51.0,861.2,0.0,11.5,2.04,12.6,816.1,-9999.0,-9999.0,-9999.0,-9999.0,-9999.0,-9999.0,-9999.0,1.0,0,1,"time.struct_time(tm_year=2021, tm_mon=10, tm_mday=12, tm_hour=11, tm_min=34, tm_sec=15, tm_wday=1, tm_yday=285, tm_isdst=-1)",2021-10-12,2021,10,285,12,34
2021-10-12 11:36:45,40.765751,-111.909744,1281.9,-9999.0,-9999.0,-9999.0,13.39,7.58,4.59,82.3,1.0,2.0,5.0,51.0,861.2,0.0,8.4,2.04,13.7,813.8,-9999.0,-9999.0,-9999.0,-9999.0,-9999.0,-9999.0,-9999.0,1.0,0,1,"time.struct_time(tm_year=2021, tm_mon=10, tm_mday=12, tm_hour=11, tm_min=36, tm_sec=45, tm_wday=1, tm_yday=285, tm_isdst=-1)",2021-10-12,2021,10,285,12,36
2021-10-12 11:39:15,40.765594,-111.909599,1280.4,-9999.0,-9999.0,-9999.0,13.36,7.6,4.59,82.8,0.0,2.0,5.11,50.0,861.3,0.0,14.9,2.06,14.7,815.8,-9999.0,-9999.0,-9999.0,-9999.0,-9999.0,-9999.0,-9999.0,1.0,0,1,"time.struct_time(tm_year=2021, tm_mon=10, tm_mday=12, tm_hour=11, tm_min=39, tm_sec=15, tm_wday=1, tm_yday=285, tm_isdst=-1)",2021-10-12,2021,10,285,12,39
2021-10-12 11:41:45,40.765762,-111.90966,1285.3,-9999.0,-9999.0,-9999.0,13.32,7.66,4.59,83.1,1.0,2.0,5.22,49.0,861.1,0.0,7.6,2.08,15.5,813.9,0.0,0.0,0.0,10.8,810.2,1.21,65.8,1.0,0,1,"time.struct_time(tm_year=2021, tm_mon=10, tm_mday=12, tm_hour=11, tm_min=41, tm_sec=45, tm_wday=1, tm_yday=285, tm_isdst=-1)",2021-10-12,2021,10,285,12,41
2021-10-12 11:44:15,40.765663,-111.909698,1281.8,-9999.0,-9999.0,-9999.0,13.34,7.75,4.59,82.9,0.0,2.0,5.28,48.0,861.2,0.0,10.1,2.07,16.2,815.6,7.6,-11.7,-4.1,10.8,810.3,1.45,69.8,1.0,0,1,"time.struct_time(tm_year=2021, tm_mon=10, tm_mday=12, tm_hour=11, tm_min=44, tm_sec=15, tm_wday=1, tm_yday=285, tm_isdst=-1)",2021-10-12,2021,10,285,12,44
2021-10-12 11:46:45,40.76561,-111.909889,1280.3,-9999.0,-9999.0,-9999.0,13.34,7.84,4.72,82.9,1.0,2.0,5.5,46.0,861.3,0.0,17.0,2.06,16.9,814.0,4.3,5.3,9.6,10.8,810.3,1.45,69.8,1.0,0,1,"time.struct_time(tm_year=2021, tm_mon=10, tm_mday=12, tm_hour=11, tm_min=46, tm_sec=45, tm_wday=1, tm_yday=285, tm_isdst=-1)",2021-10-12,2021,10,285,12,46
2021-10-12 11:49:15,40.765709,-111.909691,1275.7,-9999.0,-9999.0,-9999.0,13.33,7.93,4.66,82.9,1.0,2.0,5.61,45.0,861.0,0.0,18.9,2.09,17.5,815.4,3.2,-1.8,1.4,10.8,810.2,1.45,70.0,1.0,0,1,"time.struct_time(tm_year=2021, tm_mon=10, tm_mday=12, tm_hour=11, tm_min=49, tm_sec=15, tm_wday=1, tm_yday=285, tm_isdst=-1)",2021-10-12,2021,10,285,12,49
2021-10-12 11:51:45,40.765537,-111.909805,1272.7,-9999.0,-9999.0,-9999.0,13.32,8.02,4.66,83.1,0.0,2.0,5.78,43.0,861.2,0.0,3.8,2.1,18.0,814.0,22.7,9.2,31.9,10.8,810.2,1.45,69.8,1.0,0,1,"time.struct_time(tm_year=2021, tm_mon=10, tm_mday=12, tm_hour=11, tm_min=51, tm_sec=45, tm_wday=1, tm_yday=285, tm_isdst=-1)",2021-10-12,2021,10,285,12,51
2021-10-12 11:54:15,40.765644,-111.909775,1270.4,-9999.0,-9999.0,-9999.0,13.32,8.13,4.72,82.9,1.0,2.0,6.0,42.0,861.0,0.0,10.6,2.1,18.5,815.4,89.3,11.2,100.5,10.8,810.3,1.45,69.7,1.0,0,1,"time.struct_time(tm_year=2021, tm_mon=10, tm_mday=12, tm_hour=11, tm_min=54, tm_sec=15, tm_wday=1, tm_yday=285, tm_isdst=-1)",2021-10-12,2021,10,285,12,54
2021-10-12 11:56:45,40.76572,-111.909882,1273.6,-9999.0,-9999.0,-9999.0,13.32,8.21,4.66,82.8,0.0,2.0,6.22,41.0,861.1,0.0,17.5,2.1,18.9,814.2,4.7,7.8,12.5,10.9,810.3,1.44,69.6,1.0,0,1,"time.struct_time(tm_year=2021, tm_mon=10, tm_mday=12, tm_hour=11, tm_min=56, tm_sec=45, tm_wday=1, tm_yday=285, tm_isdst=-1)",2021-10-12,2021,10,285,12,56
2021-10-12 11:59:15,40.765438,-111.90834,1292.3,-9999.0,-9999.0,-9999.0,13.31,8.33,4.79,82.8,1.0,2.0,6.39,40.0,860.8,0.0,12.9,2.11,19.4,815.2,17.8,4.9,22.7,10.9,810.2,1.44,69.4,1.0,0,1,"time.struct_time(tm_year=2021, tm_mon=10, tm_mday=12, tm_hour=11, tm_min=59, tm_sec=15, tm_wday=1, tm_yday=285, tm_isdst=-1)",2021-10-12,2021,10,285,12,59
2021-10-12 12:01:45,40.764538,-111.916901,1285.5,-9999.0,-9999.0,-9999.0,13.29,8.41,5.37,79.0,0.0,2.0,6.61,39.0,861.1,0.0,19.1,2.09,19.7,814.4,67.9,5.7,73.6,11.0,810.6,1.44,68.8,1.0,0,1,"time.struct_time(tm_year=2021, tm_mon=10, tm_mday=12, tm_hour=12, tm_min=1, tm_sec=45, tm_wday=1, tm_yday=285, tm_isdst=-1)",2021-10-12,2021,10,285,12,1
2021-10-12 12:04:15,40.760548,-111.912018,1298.0,-9999.0,-9999.0,-9999.0,13.31,8.52,5.2,79.06,1.0,2.0,6.72,38.0,861.3,0.0,18.5,2.1,20.1,815.2,-14.6,1.9,-12.7,11.0,810.4,1.44,68.0,1.0,0,1,"time.struct_time(tm_year=2021, tm_mon=10, tm_mday=12, tm_hour=12, tm_min=4, tm_sec=15, tm_wday=1, tm_yday=285, tm_isdst=-1)",2021-10-12,2021,10,285,12,4
2021-10-12 12:06:45,40.760033,-111.910179,1301.2,-9999.0,-9999.0,-9999.0,13.33,8.59,5.06,80.2,1.0,2.0,6.89,38.0,860.8,0.0,17.0,2.09,20.4,814.1,1.8,8.5,10.3,11.1,810.1,1.44,69.5,1.0,0,0,"time.struct_time(tm_year=2021, tm_mon=10, tm_mday=12, tm_hour=12, tm_min=6, tm_sec=45, tm_wday=1, tm_yday=285, tm_isdst=-1)",2021-10-12,2021,10,285,12,6
2021-10-12 12:09:15,40.760159,-111.910355,1299.7,-9999.0,-9999.0,-9999.0,13.31,8.68,6.32,75.67,1.0,2.0,7.0,38.0,861.1,0.0,14.6,2.1,20.7,815.1,-3.4,8.2,4.8,11.2,810.2,1.43,69.5,1.0,0,0,"time.struct_time(tm_year=2021, tm_mon=10, tm_mday=12, tm_hour=12, tm_min=9, tm_sec=15, tm_wday=1, tm_yday=285, tm_isdst=-1)",2021-10-12,2021,10,285,12,9
2021-10-12 12:11:45,40.760227,-111.91011,1288.9,-9999.0,-9999.0,-9999.0,13.32,8.81,7.71,68.68,1.0,2.0,7.61,38.0,861.0,0.0,12.5,2.11,21.0,814.3,-2.1,7.4,5.3,11.2,810.2,1.44,69.4,0.0,0,0,"time.struct_time(tm_year=2021, tm_mon=10, tm_mday=12, tm_hour=12, tm_min=11, tm_sec=45, tm_wday=1, tm_yday=285, tm_isdst=-1)",2021-10-12,2021,10,285,12,11
2021-10-12 12:14:15,40.760208,-111.910172,1286.8,-9999.0,-9999.0,-9999.0,13.28,8.99,9.44,60.33,1.0,2.0,8.22,38.0,860.9,0.0,11.6,2.11,21.3,815.1,3.2,9.6,12.8,11.3,810.1,1.44,69.6,0.0,0,0,"time.struct_time(tm_year=2021, tm_mon=10, tm_mday=12, tm_hour=12, tm_min=14, tm_sec=15, tm_wday=1, tm_yday=285, tm_isdst=-1)",2021-10-12,2021,10,285,12,14
2021-10-12 12:16:45,40.760204,-111.910042,1278.3,-9999.0,-9999.0,-9999.0,13.28,9.17,12.26,49.41,1.0,2.0,8.78,38.0,861.3,0.0,10.5,2.11,21.6,814.3,-3.3,11.7,8.4,11.4,810.2,1.43,69.3,0.0,0,0,"time.struct_time(tm_year=2021, tm_mon=10, tm_mday=12, tm_hour=12, tm_min=16, tm_sec=45, tm_wday=1, tm_yday=285, tm_isdst=-1)",2021-10-12,2021,10,285,12,16
2021-10-12 12:19:15,40.760326,-111.910126,1278.1,-9999.0,-9999.0,-9999.0,13.27,9.39,14.7,42.25,1.0,2.0,9.39,38.0,861.2,0.0,8.5,2.11,21.9,815.0,1.3,7.8,9.1,11.5,810.1,1.43,69.6,0.0,0,0,"time.struct_time(tm_year=2021, tm_mon=10, tm_mday=12, tm_hour=12, tm_min=19, tm_sec=15, tm_wday=1, tm_yday=285, tm_isdst=-1)",2021-10-12,2021,10,285,12,19
2021-10-12 12:21:45,40.760361,-111.910011,1278.7,-9999.0,-9999.0,-9999.0,13.26,9.66,16.8,36.99,0.0,2.0,10.0,39.0,861.1,0.0,9.8,2.11,22.2,814.3,-2.3,6.7,4.4,11.6,810.0,1.43,69.5,0.0,0,0,"time.struct_time(tm_year=2021, tm_mon=10, tm_mday=12, tm_hour=12, tm_min=21, tm_sec=45, tm_wday=1, tm_yday=285, tm_isdst=-1)",2021-10-12,2021,10,285,12,21
2021-10-12 12:24:15,40.760197,-111.910172,1279.5,-9999.0,-9999.0,-9999.0,13.23,9.93,17.96,34.75,1.0,2.0,10.5,39.0,861.0,0.0,10.9,2.12,22.5,814.8,-0.5,12.1,11.6,11.7,810.1,1.43,69.3,0.0,0,0,"time.struct_time(tm_year=2021, tm_mon=10, tm_mday=12, tm_hour=12, tm_min=24, tm_sec=15, tm_wday=1, tm_yday=285, tm_isdst=-1)",2021-10-12,2021,10,285,12,24
2021-10-12 12:26:45,40.760525,-111.909737,1281.9,-9999.0,-9999.0,-9999.0,13.23,10.25,18.43,33.83,1.0,2.0,11.11,39.0,861.1,0.0,9.9,2.12,22.8,814.4,-4.5,18.6,14.1,11.8,810.0,1.43,69.3,0.0,0,0,"time.struct_time(tm_year=2021, tm_mon=10, tm_mday=12, tm_hour=12, tm_min=26, tm_sec=45, tm_wday=1, tm_yday=285, tm_isdst=-1)",2021-10-12,2021,10,285,12,26
2021-10-12 12:29:15,40.76012,-111.910271,1281.4,-9999.0,-9999.0,-9999.0,13.2,10.56,18.83,32.74,1.0,2.0,11.61,39.0,860.9,0.0,9.0,2.11,23.1,814.8,-4.3,16.6,12.3,11.9,809.9,1.43,69.5,0.0,0,0,"time.struct_time(tm_year=2021, tm_mon=10, tm_mday=12, tm_hour=12, tm_min=29, tm_sec=15, tm_wday=1, tm_yday=285, tm_isdst=-1)",2021-10-12,2021,10,285,12,29
2021-10-12 12:32:50,40.760246,-111.91011,1282.8,-9999.0,-9999.0,-9999.0,13.21,11.02,19.14,32.1,2.0,2.0,12.22,39.0,861.0,0.0,10.1,2.14,23.5,814.4,0.0,10.1,10.1,12.1,810.0,1.5,68.3,0.0,0,0,"time.struct_time(tm_year=2021, tm_mon=10, tm_mday=12, tm_hour=12, tm_min=32, tm_sec=50, tm_wday=1, tm_yday=285, tm_isdst=-1)",2021-10-12,2021,10,285,12,32
2021-10-12 12:35:20,40.760254,-111.910095,1282.4,-9999.0,-9999.0,-9999.0,13.19,11.33,19.64,30.33,1.0,2.0,12.61,39.0,861.2,0.0,10.6,2.14,23.8,814.6,-1.4,11.3,9.9,12.3,809.9,1.5,68.3,0.0,0,0,"time.struct_time(tm_year=2021, tm_mon=10, tm_mday=12, tm_hour=12, tm_min=35, tm_sec=20, tm_wday=1, tm_yday=285, tm_isdst=-1)",2021-10-12,2021,10,285,12,35
2021-10-12 12:37:50,40.760094,-111.910179,1278.8,-9999.0,-9999.0,-9999.0,13.18,11.66,20.42,28.63,2.0,2.0,13.0,38.0,861.0,0.0,9.1,2.13,24.2,814.4,-10.3,20.4,10.1,12.4,809.9,1.5,68.1,0.0,0,0,"time.struct_time(tm_year=2021, tm_mon=10, tm_mday=12, tm_hour=12, tm_min=37, tm_sec=50, tm_wday=1, tm_yday=285, tm_isdst=-1)",2021-10-12,2021,10,285,12,37
2021-10-12 12:40:20,40.760319,-111.909973,1278.4,-9999.0,-9999.0,-9999.0,13.17,12.0,21.03,27.21,1.0,2.0,13.5,38.0,861.3,0.0,9.9,2.14,24.5,814.6,-0.7,14.0,13.3,12.6,809.8,1.5,68.3,0.0,0,0,"time.struct_time(tm_year=2021, tm_mon=10, tm_mday=12, tm_hour=12, tm_min=40, tm_sec=20, tm_wday=1, tm_yday=285, tm_isdst=-1)",2021-10-12,2021,10,285,12,40
2021-10-12 12:42:50,40.760262,-111.91008,1278.3,-9999.0,-9999.0,-9999.0,13.16,12.35,21.4,26.59,1.0,2.0,13.89,38.0,861.3,0.0,10.1,2.14,24.8,814.5,0.6,12.0,12.6,12.7,809.9,1.5,68.2,0.0,0,0,"time.struct_time(tm_year=2021, tm_mon=10, tm_mday=12, tm_hour=12, tm_min=42, tm_sec=50, tm_wday=1, tm_yday=285, tm_isdst=-1)",2021-10-12,2021,10,285,12,42
2021-10-12 12:45:20,40.760216,-111.910416,1276.7,-9999.0,-9999.0,-9999.0,13.11,12.72,21.6,26.49,2.0,2.0,14.28,38.0,861.3,0.0,7.5,2.13,25.2,814.6,4.8,6.5,11.3,12.9,809.9,1.5,68.2,0.0,0,0,"time.struct_time(tm_year=2021, tm_mon=10, tm_mday=12, tm_hour=12, tm_min=45, tm_sec=20, tm_wday=1, tm_yday=285, tm_isdst=-1)",2021-10-12,2021,10,285,12,45
2021-10-12 12:47:50,40.760365,-111.910095,1276.1,-9999.0,-9999.0,-9999.0,13.14,13.07,21.57,26.46,2.0,2.0,14.61,37.0,861.4,0.0,10.3,2.12,25.5,814.5,-1.5,17.3,15.8,13.1,809.9,1.5,68.3,0.0,0,0,"time.struct_time(tm_year=2021, tm_mon=10, tm_mday=12, tm_hour=12, tm_min=47, tm_sec=50, tm_wday=1, tm_yday=285, tm_isdst=-1)",2021-10-12,2021,10,285,12,47
2021-10-12 12:50:20,40.760288,-111.910179,1275.1,-9999.0,-9999.0,-9999.0,13.14,13.4,21.53,26.26,2.0,2.0,14.89,37.0,861.2,0.0,10.5,2.14,25.9,814.6,-5.0,20.9,15.9,13.2,809.9,1.5,68.0,0.0,0,0,"time.struct_time(tm_year=2021, tm_mon=10, tm_mday=12, tm_hour=12, tm_min=50, tm_sec=20, tm_wday=1, tm_yday=285, tm_isdst=-1)",2021-10-12,2021,10,285,12,50
2021-10-12 12:52:50,40.760235,-111.910202,1274.3,-9999.0,-9999.0,-9999.0,13.13,13.75,21.46,26.02,2.0,2.0,15.22,37.0,861.3,0.0,12.4,2.15,26.2,814.4,-5.2,16.7,11.5,13.4,809.8,1.49,68.3,0.0,0,0,"time.struct_time(tm_year=2021, tm_mon=10, tm_mday=12, tm_hour=12, tm_min=52, tm_sec=50, tm_wday=1, tm_yday=285, tm_isdst=-1)",2021-10-12,2021,10,285,12,52
2021-10-12 12:55:20,40.760239,-111.910225,1274.0,-9999.0,-9999.0,-9999.0,13.13,14.09,21.12,25.91,2.0,2.0,15.5,36.0,861.1,0.0,7.9,2.15,26.6,814.3,-1.1,11.5,10.4,13.6,809.7,1.49,68.2,0.0,0,0,"time.struct_time(tm_year=2021, tm_mon=10, tm_mday=12, tm_hour=12, tm_min=55, tm_sec=20, tm_wday=1, tm_yday=285, tm_isdst=-1)",2021-10-12,2021,10,285,12,55
2021-10-12 12:57:50,40.760258,-111.910217,1274.1,-9999.0,-9999.0,-9999.0,13.11,14.42,20.91,26.25,2.0,2.0,15.78,36.0,861.1,0.0,7.7,2.17,26.9,814.4,-3.2,21.2,18.0,13.8,809.7,1.49,68.2,0.0,0,0,"time.struct_time(tm_year=2021, tm_mon=10, tm_mday=12, tm_hour=12, tm_min=57, tm_sec=50, tm_wday=1, tm_yday=285, tm_isdst=-1)",2021-10-12,2021,10,285,12,57
2021-10-12 13:00:20,40.760166,-111.910179,1274.2,-9999.0,-9999.0,-9999.0,13.12,14.73,20.84,26.72,2.0,2.0,16.0,35.0,861.2,0.0,9.4,2.14,27.3,814.4,0.4,22.4,22.8,14.0,809.6,1.5,68.3,0.0,0,0,"time.struct_time(tm_year=2021, tm_mon=10, tm_mday=12, tm_hour=13, tm_min=0, tm_sec=20, tm_wday=1, tm_yday=285, tm_isdst=-1)",2021-10-12,2021,10,285,12,0
2021-10-12 13:02:50,40.760159,-111.910294,1274.6,-9999.0,-9999.0,-9999.0,13.1,15.09,20.77,26.79,1.0,2.0,16.28,35.0,861.1,0.0,9.4,2.16,27.6,814.5,-0.7,18.7,18.0,14.2,809.7,1.49,68.2,0.0,0,0,"time.struct_time(tm_year=2021, tm_mon=10, tm_mday=12, tm_hour=13, tm_min=2, tm_sec=50, tm_wday=1, tm_yday=285, tm_isdst=-1)",2021-10-12,2021,10,285,12,2
2021-10-12 13:05:20,40.760166,-111.910233,1275.6,-9999.0,-9999.0,-9999.0,13.09,15.41,20.7,26.59,2.0,2.0,16.61,34.0,861.1,0.0,7.6,2.16,28.0,814.3,0.5,23.8,24.3,14.4,809.5,1.5,68.4,0.0,0,0,"time.struct_time(tm_year=2021, tm_mon=10, tm_mday=12, tm_hour=13, tm_min=5, tm_sec=20, tm_wday=1, tm_yday=285, tm_isdst=-1)",2021-10-12,2021,10,285,12,5
2021-10-12 13:07:50,40.760174,-111.910255,1275.2,-9999.0,-9999.0,-9999.0,13.08,15.73,20.77,26.45,2.0,2.0,16.78,34.0,861.4,0.0,4.2,2.17,28.3,814.5,-9999.0,-9999.0,-9999.0,-9999.0,-9999.0,-9999.0,-9999.0,0.0,0,0,"time.struct_time(tm_year=2021, tm_mon=10, tm_mday=12, tm_hour=13, tm_min=7, tm_sec=50, tm_wday=1, tm_yday=285, tm_isdst=-1)",2021-10-12,2021,10,285,12,7
2021-10-12 13:10:20,40.760181,-111.910233,1276.9,-9999.0,-9999.0,-9999.0,13.1,16.04,20.87,26.72,2.0,2.0,17.11,34.0,861.2,0.0,7.1,2.17,28.6,814.3,-9999.0,-9999.0,-9999.0,-9999.0,-9999.0,-9999.0,-9999.0,0.0,0,0,"time.struct_time(tm_year=2021, tm_mon=10, tm_mday=12, tm_hour=13, tm_min=10, tm_sec=20, tm_wday=1, tm_yday=285, tm_isdst=-1)",2021-10-12,2021,10,285,12,10
2021-10-12 13:12:50,40.76022,-111.910309,1277.1,-9999.0,-9999.0,-9999.0,13.07,16.36,20.9,26.35,2.0,2.0,17.28,34.0,861.1,0.0,8.8,2.16,29.0,814.4,-9999.0,-9999.0,-9999.0,-9999.0,-9999.0,-9999.0,-9999.0,0.0,0,0,"time.struct_time(tm_year=2021, tm_mon=10, tm_mday=12, tm_hour=13, tm_min=12, tm_sec=50, tm_wday=1, tm_yday=285, tm_isdst=-1)",2021-10-12,2021,10,285,12,12
2021-10-12 13:15:20,40.760201,-111.910172,1276.8,-9999.0,-9999.0,-9999.0,13.05,16.64,20.96,26.38,2.0,2.0,17.5,34.0,861.1,0.0,8.6,2.16,29.3,814.2,-1.9,20.9,19.0,15.2,809.2,1.5,68.7,0.0,0,0,"time.struct_time(tm_year=2021, tm_mon=10, tm_mday=12, tm_hour=13, tm_min=15, tm_sec=20, tm_wday=1, tm_yday=285, tm_isdst=-1)",2021-10-12,2021,10,285,12,15
2021-10-12 13:17:50,40.76025,-111.910355,1278.5,-9999.0,-9999.0,-9999.0,13.08,16.94,20.95,25.93,2.0,2.0,17.72,33.0,861.1,0.0,11.9,2.15,29.6,814.2,-5.5,20.7,15.2,15.4,809.2,1.5,68.7,0.0,0,0,"time.struct_time(tm_year=2021, tm_mon=10, tm_mday=12, tm_hour=13, tm_min=17, tm_sec=50, tm_wday=1, tm_yday=285, tm_isdst=-1)",2021-10-12,2021,10,285,12,17
2021-10-12 13:20:20,40.760246,-111.910271,1279.0,-9999.0,-9999.0,-9999.0,13.02,17.24,20.92,26.07,2.0,2.0,17.89,32.0,861.1,0.0,9.4,2.17,29.9,814.1,-9.8,27.7,17.9,15.6,809.1,1.5,68.9,0.0,0,0,"time.struct_time(tm_year=2021, tm_mon=10, tm_mday=12, tm_hour=13, tm_min=20, tm_sec=20, tm_wday=1, tm_yday=285, tm_isdst=-1)",2021-10-12,2021,10,285,12,20
2021-10-12 13:22:50,40.760178,-111.910316,1279.4,-9999.0,-9999.0,-9999.0,13.03,17.54,20.88,26.03,2.0,2.0,18.11,31.0,861.1,0.0,12.8,2.18,30.2,814.3,2.4,25.2,27.6,15.8,809.0,1.5,69.2,0.0,0,0,"time.struct_time(tm_year=2021, tm_mon=10, tm_mday=12, tm_hour=13, tm_min=22, tm_sec=50, tm_wday=1, tm_yday=285, tm_isdst=-1)",2021-10-12,2021,10,285,12,22
2021-10-12 13:25:20,40.760269,-111.910362,1279.6,-9999.0,-9999.0,-9999.0,13.06,17.79,20.85,25.83,2.0,2.0,18.28,31.0,861.1,0.0,12.3,2.18,30.5,814.0,1.5,15.6,17.1,16.1,808.9,1.5,69.4,0.0,0,0,"time.struct_time(tm_year=2021, tm_mon=10, tm_mday=12, tm_hour=13, tm_min=25, tm_sec=20, tm_wday=1, tm_yday=285, tm_isdst=-1)",2021-10-12,2021,10,285,12,25
2021-10-12 13:27:50,40.760231,-111.910362,1279.9,-9999.0,-9999.0,-9999.0,13.06,18.07,20.92,25.76,2.0,2.0,18.5,30.0,861.0,0.0,10.3,2.19,30.8,814.0,-3.6,20.7,17.1,16.3,808.9,1.5,69.0,0.0,0,0,"time.struct_time(tm_year=2021, tm_mon=10, tm_mday=12, tm_hour=13, tm_min=27, tm_sec=50, tm_wday=1, tm_yday=285, tm_isdst=-1)",2021-10-12,2021,10,285,12,27
2021-10-12 13:30:20,40.760223,-111.91024,1277.1,-9999.0,-9999.0,-9999.0,13.05,18.35,20.88,25.83,1.0,2.0,18.72,30.0,861.0,0.0,8.9,2.17,31.1,813.9,-8.3,19.7,11.4,16.5,808.8,1.5,68.7,0.0,0,0,"time.struct_time(tm_year=2021, tm_mon=10, tm_mday=12, tm_hour=13, tm_min=30, tm_sec=20, tm_wday=1, tm_yday=285, tm_isdst=-1)",2021-10-12,2021,10,285,12,30
2021-10-12 13:33:55,40.760067,-111.910286,1279.3,-9999.0,-9999.0,-9999.0,13.03,18.71,21.02,25.56,2.0,2.0,19.0,30.0,860.9,0.0,11.5,2.19,31.5,813.8,-1.2,20.6,19.4,16.8,808.7,1.44,70.2,0.0,0,0,"time.struct_time(tm_year=2021, tm_mon=10, tm_mday=12, tm_hour=13, tm_min=33, tm_sec=55, tm_wday=1, tm_yday=285, tm_isdst=-1)",2021-10-12,2021,10,285,12,33
2021-10-12 13:36:25,40.760181,-111.910332,1281.1,-9999.0,-9999.0,-9999.0,13.04,18.97,21.11,25.56,2.0,2.0,19.11,30.0,861.1,0.0,8.1,2.19,31.8,814.0,-6.6,20.8,14.2,17.0,808.7,1.43,70.2,0.0,0,0,"time.struct_time(tm_year=2021, tm_mon=10, tm_mday=12, tm_hour=13, tm_min=36, tm_sec=25, tm_wday=1, tm_yday=285, tm_isdst=-1)",2021-10-12,2021,10,285,12,36
2021-10-12 13:38:55,40.760189,-111.910301,1281.3,-9999.0,-9999.0,-9999.0,13.04,19.21,21.07,25.42,2.0,2.0,19.28,30.0,861.2,0.0,8.5,2.19,32.1,813.7,-3.5,27.0,23.5,17.3,808.6,1.44,70.5,0.0,0,0,"time.struct_time(tm_year=2021, tm_mon=10, tm_mday=12, tm_hour=13, tm_min=38, tm_sec=55, tm_wday=1, tm_yday=285, tm_isdst=-1)",2021-10-12,2021,10,285,12,38
2021-10-12 13:41:25,40.760235,-111.910332,1281.2,-9999.0,-9999.0,-9999.0,13.03,19.44,21.27,25.21,2.0,2.0,19.5,29.0,861.1,0.0,9.9,2.2,32.4,814.0,-6.7,18.0,11.3,17.5,808.6,1.44,70.5,0.0,0,0,"time.struct_time(tm_year=2021, tm_mon=10, tm_mday=12, tm_hour=13, tm_min=41, tm_sec=25, tm_wday=1, tm_yday=285, tm_isdst=-1)",2021-10-12,2021,10,285,12,41
2021-10-12 13:43:55,40.760227,-111.910309,1281.1,-9999.0,-9999.0,-9999.0,13.02,19.68,21.37,24.81,2.0,2.0,19.72,29.0,861.1,0.0,9.4,2.18,32.6,813.7,1.8,18.3,20.1,17.7,808.6,1.44,70.7,0.0,0,0,"time.struct_time(tm_year=2021, tm_mon=10, tm_mday=12, tm_hour=13, tm_min=43, tm_sec=55, tm_wday=1, tm_yday=285, tm_isdst=-1)",2021-10-12,2021,10,285,12,43
2021-10-12 13:46:25,40.760166,-111.910286,1281.2,-9999.0,-9999.0,-9999.0,13.02,19.92,21.37,24.7,1.0,2.0,19.89,28.0,861.3,0.0,8.4,2.2,32.9,814.0,-8.1,21.0,12.9,17.9,808.6,1.44,70.5,0.0,0,0,"time.struct_time(tm_year=2021, tm_mon=10, tm_mday=12, tm_hour=13, tm_min=46, tm_sec=25, tm_wday=1, tm_yday=285, tm_isdst=-1)",2021-10-12,2021,10,285,12,46
2021-10-12 13:48:55,40.760216,-111.910248,1281.5,-9999.0,-9999.0,-9999.0,12.97,20.15,21.13,25.08,1.0,2.0,20.11,28.0,861.1,0.0,11.5,2.2,33.2,813.8,0.7,17.1,17.8,18.1,808.6,1.44,70.3,0.0,0,0,"time.struct_time(tm_year=2021, tm_mon=10, tm_mday=12, tm_hour=13, tm_min=48, tm_sec=55, tm_wday=1, tm_yday=285, tm_isdst=-1)",2021-10-12,2021,10,285,12,48
2021-10-12 13:51:25,40.760208,-111.910271,1281.7,-9999.0,-9999.0,-9999.0,13.01,20.4,21.13,25.42,1.0,2.0,20.28,28.0,861.3,0.0,8.1,2.21,33.4,814.0,-0.5,20.4,19.9,18.4,808.4,1.45,70.9,0.0,0,0,"time.struct_time(tm_year=2021, tm_mon=10, tm_mday=12, tm_hour=13, tm_min=51, tm_sec=25, tm_wday=1, tm_yday=285, tm_isdst=-1)",2021-10-12,2021,10,285,12,51
2021-10-12 13:53:55,40.760208,-111.910286,1281.4,-9999.0,-9999.0,-9999.0,13.02,20.61,21.17,25.35,1.0,2.0,20.39,27.0,861.1,0.0,9.2,2.2,33.6,813.8,2.0,19.5,21.5,18.6,808.4,1.45,71.0,0.0,0,0,"time.struct_time(tm_year=2021, tm_mon=10, tm_mday=12, tm_hour=13, tm_min=53, tm_sec=55, tm_wday=1, tm_yday=285, tm_isdst=-1)",2021-10-12,2021,10,285,12,53
2021-10-12 13:56:25,40.760185,-111.910446,1282.6,-9999.0,-9999.0,-9999.0,13.0,20.83,21.23,25.55,2.0,2.0,20.61,27.0,861.3,0.0,7.3,2.21,33.9,814.1,7.0,25.0,32.0,18.8,808.4,1.44,70.9,0.0,0,0,"time.struct_time(tm_year=2021, tm_mon=10, tm_mday=12, tm_hour=13, tm_min=56, tm_sec=25, tm_wday=1, tm_yday=285, tm_isdst=-1)",2021-10-12,2021,10,285,12,56
2021-10-12 13:58:55,40.760178,-111.910477,1284.6,-9999.0,-9999.0,-9999.0,13.0,21.04,21.33,25.35,1.0,2.0,20.78,27.0,861.3,0.0,9.6,2.22,34.1,813.8,-1.5,27.3,25.8,19.0,808.5,1.45,71.0,0.0,0,0,"time.struct_time(tm_year=2021, tm_mon=10, tm_mday=12, tm_hour=13, tm_min=58, tm_sec=55, tm_wday=1, tm_yday=285, tm_isdst=-1)",2021-10-12,2021,10,285,12,58
2021-10-12 14:01:25,40.760273,-111.910187,1284.9,-9999.0,-9999.0,-9999.0,13.01,21.23,21.64,25.08,1.0,2.0,21.0,27.0,861.3,0.0,9.6,2.21,34.4,814.0,2.3,17.7,20.0,19.2,808.4,1.45,71.1,0.0,0,0,"time.struct_time(tm_year=2021, tm_mon=10, tm_mday=12, tm_hour=14, tm_min=1, tm_sec=25, tm_wday=1, tm_yday=285, tm_isdst=-1)",2021-10-12,2021,10,285,12,1
2021-10-12 14:03:55,40.760239,-111.910286,1284.9,-9999.0,-9999.0,-9999.0,13.0,21.45,21.94,24.57,1.0,2.0,21.11,26.0,861.4,0.0,8.5,2.21,34.6,813.8,-0.7,18.7,18.0,19.5,808.4,1.45,71.0,0.0,0,0,"time.struct_time(tm_year=2021, tm_mon=10, tm_mday=12, tm_hour=14, tm_min=3, tm_sec=55, tm_wday=1, tm_yday=285, tm_isdst=-1)",2021-10-12,2021,10,285,12,3
2021-10-12 14:06:25,40.760277,-111.910233,1285.0,-9999.0,-9999.0,-9999.0,13.01,21.64,22.1,24.26,1.0,2.0,21.28,26.0,861.3,0.0,9.9,2.2,34.8,814.0,-7.8,24.2,16.4,19.7,808.3,1.45,71.1,0.0,0,0,"time.struct_time(tm_year=2021, tm_mon=10, tm_mday=12, tm_hour=14, tm_min=6, tm_sec=25, tm_wday=1, tm_yday=285, tm_isdst=-1)",2021-10-12,2021,10,285,12,6
2021-10-12 14:08:55,40.760254,-111.910248,1285.4,-9999.0,-9999.0,-9999.0,12.99,21.84,22.06,24.15,2.0,2.0,21.5,26.0,861.3,0.0,11.2,2.21,35.0,813.6,-0.4,20.5,20.1,19.9,808.2,1.45,71.1,0.0,0,0,"time.struct_time(tm_year=2021, tm_mon=10, tm_mday=12, tm_hour=14, tm_min=8, tm_sec=55, tm_wday=1, tm_yday=285, tm_isdst=-1)",2021-10-12,2021,10,285,12,8
2021-10-12 14:11:25,40.760216,-111.910179,1285.9,-9999.0,-9999.0,-9999.0,12.96,22.03,21.93,24.46,1.0,2.0,21.61,26.0,861.4,0.0,9.8,2.21,35.2,813.9,-5.7,20.6,14.9,20.1,808.2,1.45,71.3,0.0,0,0,"time.struct_time(tm_year=2021, tm_mon=10, tm_mday=12, tm_hour=14, tm_min=11, tm_sec=25, tm_wday=1, tm_yday=285, tm_isdst=-1)",2021-10-12,2021,10,285,12,11
2021-10-12 14:13:55,40.760235,-111.910156,1287.2,-9999.0,-9999.0,-9999.0,12.95,22.22,21.72,24.83,1.0,2.0,21.78,25.0,861.3,0.0,9.2,2.23,35.5,813.6,-3.6,18.6,15.0,20.3,808.2,1.45,71.1,0.0,0,0,"time.struct_time(tm_year=2021, tm_mon=10, tm_mday=12, tm_hour=14, tm_min=13, tm_sec=55, tm_wday=1, tm_yday=285, tm_isdst=-1)",2021-10-12,2021,10,285,12,13
2021-10-12 14:16:25,40.760273,-111.910301,1287.7,-9999.0,-9999.0,-9999.0,12.98,22.39,21.65,24.8,1.0,2.0,22.0,25.0,861.2,0.0,10.0,2.21,35.7,813.9,4.4,17.1,21.5,20.5,808.1,1.45,71.3,0.0,0,0,"time.struct_time(tm_year=2021, tm_mon=10, tm_mday=12, tm_hour=14, tm_min=16, tm_sec=25, tm_wday=1, tm_yday=285, tm_isdst=-1)",2021-10-12,2021,10,285,12,16
2021-10-12 14:18:55,40.760338,-111.910324,1288.0,-9999.0,-9999.0,-9999.0,12.98,22.59,21.65,24.73,1.0,2.0,22.11,25.0,861.3,0.0,10.8,2.22,35.9,813.5,1.4,14.9,16.3,20.7,808.0,1.45,71.4,0.0,0,0,"time.struct_time(tm_year=2021, tm_mon=10, tm_mday=12, tm_hour=14, tm_min=18, tm_sec=55, tm_wday=1, tm_yday=285, tm_isdst=-1)",2021-10-12,2021,10,285,12,18
2021-10-12 14:21:25,40.760414,-111.91024,1288.2,-9999.0,-9999.0,-9999.0,12.99,22.75,21.72,24.59,1.0,2.0,22.22,24.0,861.3,0.0,13.1,2.23,36.1,813.9,1.2,14.3,15.5,21.0,808.0,1.45,71.4,0.0,0,0,"time.struct_time(tm_year=2021, tm_mon=10, tm_mday=12, tm_hour=14, tm_min=21, tm_sec=25, tm_wday=1, tm_yday=285, tm_isdst=-1)",2021-10-12,2021,10,285,12,21
2021-10-12 14:23:55,40.760399,-111.910332,1288.1,-9999.0,-9999.0,-9999.0,12.97,22.92,21.99,24.15,2.0,2.0,22.39,24.0,861.3,0.0,9.1,2.23,36.2,813.5,2.1,19.2,21.3,21.2,808.0,1.45,71.6,0.0,0,0,"time.struct_time(tm_year=2021, tm_mon=10, tm_mday=12, tm_hour=14, tm_min=23, tm_sec=55, tm_wday=1, tm_yday=285, tm_isdst=-1)",2021-10-12,2021,10,285,12,23
2021-10-12 14:26:25,40.760303,-111.910278,1288.1,-9999.0,-9999.0,-9999.0,12.98,23.1,22.23,23.44,1.0,2.0,22.61,24.0,861.1,0.0,9.8,2.22,36.4,813.7,-4.5,19.3,14.8,21.4,807.8,1.46,71.6,0.0,0,0,"time.struct_time(tm_year=2021, tm_mon=10, tm_mday=12, tm_hour=14, tm_min=26, tm_sec=25, tm_wday=1, tm_yday=285, tm_isdst=-1)",2021-10-12,2021,10,285,12,26
2021-10-12 14:28:55,40.76022,-111.910255,1288.4,-9999.0,-9999.0,-9999.0,12.97,23.27,22.47,23.04,1.0,2.0,22.72,23.0,861.3,0.0,8.1,2.23,36.6,813.4,2.8,15.2,18.0,21.6,807.8,1.46,71.6,0.0,0,0,"time.struct_time(tm_year=2021, tm_mon=10, tm_mday=12, tm_hour=14, tm_min=28, tm_sec=55, tm_wday=1, tm_yday=285, tm_isdst=-1)",2021-10-12,2021,10,285,12,28
2021-10-12 14:31:25,40.760231,-111.910263,1288.5,-9999.0,-9999.0,-9999.0,12.99,23.41,22.77,22.63,1.0,2.0,22.78,23.0,861.0,0.0,11.2,2.23,36.8,813.6,-0.4,26.4,26.0,21.8,807.7,1.45,71.6,0.0,0,0,"time.struct_time(tm_year=2021, tm_mon=10, tm_mday=12, tm_hour=14, tm_min=31, tm_sec=25, tm_wday=1, tm_yday=285, tm_isdst=-1)",2021-10-12,2021,10,285,12,31
2021-10-12 14:35:00,40.760258,-111.910332,1289.4,-9999.0,-9999.0,-9999.0,12.99,23.67,22.6,22.7,2.0,2.0,23.0,23.0,861.4,0.0,7.9,2.23,37.1,813.3,1.2,22.8,24.0,22.1,807.8,1.52,70.6,0.0,0,0,"time.struct_time(tm_year=2021, tm_mon=10, tm_mday=12, tm_hour=14, tm_min=35, tm_sec=0, tm_wday=1, tm_yday=285, tm_isdst=-1)",2021-10-12,2021,10,285,12,35
2021-10-12 14:37:30,40.760246,-111.910561,1289.7,-9999.0,-9999.0,-9999.0,12.96,23.81,22.33,22.76,2.0,2.0,23.11,23.0,861.2,0.0,7.2,2.23,37.2,813.7,0.9,18.3,19.2,22.3,807.7,1.52,70.6,0.0,0,0,"time.struct_time(tm_year=2021, tm_mon=10, tm_mday=12, tm_hour=14, tm_min=37, tm_sec=30, tm_wday=1, tm_yday=285, tm_isdst=-1)",2021-10-12,2021,10,285,12,37
2021-10-12 14:40:00,40.760262,-111.910316,1289.4,-9999.0,-9999.0,-9999.0,12.97,23.99,22.16,22.9,1.0,2.0,23.22,22.0,861.2,0.0,8.1,2.23,37.4,813.4,8.0,14.9,22.9,22.5,807.7,1.52,70.5,0.0,0,0,"time.struct_time(tm_year=2021, tm_mon=10, tm_mday=12, tm_hour=14, tm_min=40, tm_sec=0, tm_wday=1, tm_yday=285, tm_isdst=-1)",2021-10-12,2021,10,285,12,40
2021-10-12 14:42:30,40.760334,-111.910286,1289.8,-9999.0,-9999.0,-9999.0,12.98,24.13,22.13,22.97,1.0,2.0,23.28,22.0,861.3,0.0,9.3,2.25,37.6,813.6,4.0,12.9,16.9,22.7,807.6,1.52,70.4,0.0,0,0,"time.struct_time(tm_year=2021, tm_mon=10, tm_mday=12, tm_hour=14, tm_min=42, tm_sec=30, tm_wday=1, tm_yday=285, tm_isdst=-1)",2021-10-12,2021,10,285,12,42
2021-10-12 14:45:00,40.760754,-111.910492,1302.6,-9999.0,-9999.0,-9999.0,12.98,24.22,17.38,30.76,1.0,2.0,23.11,21.0,861.4,0.0,16.7,2.25,37.7,813.2,50.5,-38.8,11.7,22.9,807.7,1.51,71.0,0.0,0,1,"time.struct_time(tm_year=2021, tm_mon=10, tm_mday=12, tm_hour=14, tm_min=45, tm_sec=0, tm_wday=1, tm_yday=285, tm_isdst=-1)",2021-10-12,2021,10,285,12,45
2021-10-12 14:47:30,40.761555,-111.916801,1296.8,-9999.0,-9999.0,-9999.0,12.97,24.25,13.32,40.11,1.0,2.0,22.22,21.0,861.5,0.0,21.1,2.23,37.9,813.8,35.6,-9.6,26.0,23.1,807.8,1.52,70.6,0.0,0,1,"time.struct_time(tm_year=2021, tm_mon=10, tm_mday=12, tm_hour=14, tm_min=47, tm_sec=30, tm_wday=1, tm_yday=285, tm_isdst=-1)",2021-10-12,2021,10,285,12,47
2021-10-12 14:50:00,40.765259,-111.90818,1299.2,-9999.0,-9999.0,-9999.0,12.96,24.04,9.52,51.14,2.0,2.0,20.78,21.0,861.3,0.0,16.4,2.24,38.0,813.5,20.2,99.5,119.7,23.2,807.8,1.52,70.3,0.0,0,1,"time.struct_time(tm_year=2021, tm_mon=10, tm_mday=12, tm_hour=14, tm_min=50, tm_sec=0, tm_wday=1, tm_yday=285, tm_isdst=-1)",2021-10-12,2021,10,285,12,50
2021-10-12 14:52:30,40.765705,-111.90976,1299.8,-9999.0,-9999.0,-9999.0,12.99,23.84,8.63,54.09,2.0,2.0,19.5,20.0,861.5,0.0,18.8,2.23,38.0,814.0,0.6,11.3,11.9,23.4,807.8,1.52,70.8,0.0,0,1,"time.struct_time(tm_year=2021, tm_mon=10, tm_mday=12, tm_hour=14, tm_min=52, tm_sec=30, tm_wday=1, tm_yday=285, tm_isdst=-1)",2021-10-12,2021,10,285,12,52
2021-10-12 14:55:00,40.765705,-111.90976,1299.8,-9999.0,-9999.0,-9999.0,13.02,23.55,8.23,55.0,1.0,2.0,18.5,20.0,861.4,0.0,22.0,2.23,38.1,813.7,-1.3,9.4,8.1,23.5,807.7,1.52,70.9,0.0,0,1,"time.struct_time(tm_year=2021, tm_mon=10, tm_mday=12, tm_hour=14, tm_min=55, tm_sec=0, tm_wday=1, tm_yday=285, tm_isdst=-1)",2021-10-12,2021,10,285,12,55
2021-10-12 14:57:30,40.765778,-111.909767,1301.2,-9999.0,-9999.0,-9999.0,13.02,23.29,7.72,57.44,2.0,2.0,17.78,20.0,861.4,0.0,21.4,2.24,38.0,814.1,2.1,7.8,9.9,23.7,807.8,1.52,71.1,0.0,0,1,"time.struct_time(tm_year=2021, tm_mon=10, tm_mday=12, tm_hour=14, tm_min=57, tm_sec=30, tm_wday=1, tm_yday=285, tm_isdst=-1)",2021-10-12,2021,10,285,12,57
2021-10-12 15:00:00,40.765785,-111.90976,1301.1,-9999.0,-9999.0,-9999.0,13.0,23.04,7.55,57.99,2.0,2.0,17.28,20.0,861.7,0.0,16.5,2.24,38.0,813.9,27.9,13.1,41.0,23.8,807.9,1.53,71.1,0.0,0,1,"time.struct_time(tm_year=2021, tm_mon=10, tm_mday=12, tm_hour=15, tm_min=0, tm_sec=0, tm_wday=1, tm_yday=285, tm_isdst=-1)",2021-10-12,2021,10,285,12,0
2021-10-12 15:02:30,40.765789,-111.909752,1300.7,-9999.0,-9999.0,-9999.0,13.04,22.78,7.42,58.74,2.0,2.0,16.89,20.0,861.4,0.0,16.8,2.25,37.9,814.2,1.1,8.7,9.8,23.9,807.8,1.53,71.3,0.0,0,1,"time.struct_time(tm_year=2021, tm_mon=10, tm_mday=12, tm_hour=15, tm_min=2, tm_sec=30, tm_wday=1, tm_yday=285, tm_isdst=-1)",2021-10-12,2021,10,285,12,2
2021-10-12 15:05:00,40.765785,-111.90976,1301.7,-9999.0,-9999.0,-9999.0,13.04,22.53,7.08,59.42,1.0,2.0,16.61,20.0,861.6,0.0,19.7,2.24,37.8,814.0,-1.6,10.4,8.8,24.0,807.9,1.53,71.3,0.0,0,1,"time.struct_time(tm_year=2021, tm_mon=10, tm_mday=12, tm_hour=15, tm_min=5, tm_sec=0, tm_wday=1, tm_yday=285, tm_isdst=-1)",2021-10-12,2021,10,285,12,5
2021-10-12 15:07:30,40.7658,-111.909752,1303.4,-9999.0,-9999.0,-9999.0,13.05,22.28,6.95,59.65,3.0,2.0,16.22,20.0,861.7,0.0,21.8,2.24,37.7,814.3,11.7,3.8,15.5,24.1,807.9,1.53,71.4,0.0,0,1,"time.struct_time(tm_year=2021, tm_mon=10, tm_mday=12, tm_hour=15, tm_min=7, tm_sec=30, tm_wday=1, tm_yday=285, tm_isdst=-1)",2021-10-12,2021,10,285,12,7
2021-10-12 15:10:00,40.765812,-111.909752,1304.0,-9999.0,-9999.0,-9999.0,13.06,22.03,6.95,60.43,1.0,2.0,16.0,20.0,861.9,0.0,16.2,2.23,37.6,814.2,1.8,12.7,14.5,24.2,808.0,1.53,71.6,0.0,0,1,"time.struct_time(tm_year=2021, tm_mon=10, tm_mday=12, tm_hour=15, tm_min=10, tm_sec=0, tm_wday=1, tm_yday=285, tm_isdst=-1)",2021-10-12,2021,10,285,12,10
2021-10-12 15:12:30,40.765812,-111.909744,1302.5,-9999.0,-9999.0,-9999.0,13.07,21.78,6.88,60.57,1.0,2.0,15.78,20.0,861.8,0.0,14.5,2.25,37.4,814.5,13.0,11.6,24.6,24.2,808.1,1.53,71.6,0.0,0,1,"time.struct_time(tm_year=2021, tm_mon=10, tm_mday=12, tm_hour=15, tm_min=12, tm_sec=30, tm_wday=1, tm_yday=285, tm_isdst=-1)",2021-10-12,2021,10,285,12,12
2021-10-12 15:15:00,40.765812,-111.909744,1301.8,-9999.0,-9999.0,-9999.0,13.06,21.53,6.61,61.11,2.0,2.0,15.61,20.0,862.0,0.0,18.1,2.24,37.2,814.3,5.9,5.9,11.8,24.3,808.0,1.54,71.8,0.0,0,1,"time.struct_time(tm_year=2021, tm_mon=10, tm_mday=12, tm_hour=15, tm_min=15, tm_sec=0, tm_wday=1, tm_yday=285, tm_isdst=-1)",2021-10-12,2021,10,285,12,15
2021-10-12 15:17:30,40.765812,-111.909744,1300.9,-9999.0,-9999.0,-9999.0,13.07,21.29,6.48,62.2,2.0,2.0,15.39,20.0,861.8,0.0,16.4,2.22,37.1,814.6,2.5,11.4,13.9,24.3,808.1,1.53,71.8,0.0,0,1,"time.struct_time(tm_year=2021, tm_mon=10, tm_mday=12, tm_hour=15, tm_min=17, tm_sec=30, tm_wday=1, tm_yday=285, tm_isdst=-1)",2021-10-12,2021,10,285,12,17
2021-10-12 15:20:00,40.765808,-111.909752,1300.6,-9999.0,-9999.0,-9999.0,13.08,21.07,6.41,62.43,1.0,2.0,15.28,20.0,861.8,0.0,14.9,2.23,36.9,814.4,7.5,5.8,13.3,24.4,808.1,1.54,71.8,0.0,0,1,"time.struct_time(tm_year=2021, tm_mon=10, tm_mday=12, tm_hour=15, tm_min=20, tm_sec=0, tm_wday=1, tm_yday=285, tm_isdst=-1)",2021-10-12,2021,10,285,12,20
2021-10-12 15:22:30,40.765808,-111.90976,1299.1,-9999.0,-9999.0,-9999.0,13.09,20.85,6.34,62.77,1.0,2.0,15.11,20.0,861.8,0.0,13.9,2.23,36.7,814.7,6.3,14.5,20.8,24.4,808.2,1.54,71.9,0.0,0,1,"time.struct_time(tm_year=2021, tm_mon=10, tm_mday=12, tm_hour=15, tm_min=22, tm_sec=30, tm_wday=1, tm_yday=285, tm_isdst=-1)",2021-10-12,2021,10,285,12,22
2021-10-12 15:25:00,40.765808,-111.90976,1298.4,-9999.0,-9999.0,-9999.0,13.09,20.64,6.34,62.74,2.0,2.0,15.0,21.0,862.0,0.0,18.3,2.21,36.5,814.5,2.5,15.2,17.7,24.4,808.2,1.54,71.9,0.0,0,1,"time.struct_time(tm_year=2021, tm_mon=10, tm_mday=12, tm_hour=15, tm_min=25, tm_sec=0, tm_wday=1, tm_yday=285, tm_isdst=-1)",2021-10-12,2021,10,285,12,25
2021-10-12 15:27:30,40.765816,-111.90976,1297.2,-9999.0,-9999.0,-9999.0,13.09,20.42,6.48,62.33,2.0,2.0,14.89,21.0,861.9,0.0,15.9,2.23,36.3,814.8,2.3,4.7,7.0,24.5,808.2,1.54,72.1,0.0,0,1,"time.struct_time(tm_year=2021, tm_mon=10, tm_mday=12, tm_hour=15, tm_min=27, tm_sec=30, tm_wday=1, tm_yday=285, tm_isdst=-1)",2021-10-12,2021,10,285,12,27
2021-10-12 15:30:00,40.765816,-111.90976,1296.5,-9999.0,-9999.0,-9999.0,13.11,20.24,6.61,61.92,1.0,2.0,14.78,21.0,861.8,0.0,20.3,2.24,36.2,814.5,-7.6,8.4,0.8,24.5,808.2,1.54,71.8,0.0,0,1,"time.struct_time(tm_year=2021, tm_mon=10, tm_mday=12, tm_hour=15, tm_min=30, tm_sec=0, tm_wday=1, tm_yday=285, tm_isdst=-1)",2021-10-12,2021,10,285,12,30
2021-10-12 15:32:30,40.765808,-111.909752,1295.8,-9999.0,-9999.0,-9999.0,13.1,20.02,6.82,60.91,1.0,2.0,14.72,21.0,862.0,0.0,19.7,2.22,36.0,814.9,2.2,5.5,7.7,24.5,808.3,1.54,72.2,0.0,0,1,"time.struct_time(tm_year=2021, tm_mon=10, tm_mday=12, tm_hour=15, tm_min=32, tm_sec=30, tm_wday=1, tm_yday=285, tm_isdst=-1)",2021-10-12,2021,10,285,12,32
2021-10-12 15:36:05,40.765808,-111.90976,1295.5,-9999.0,-9999.0,-9999.0,13.1,19.81,6.68,61.83,1.0,2.0,14.72,21.0,862.0,0.0,16.6,2.23,35.7,814.8,5.1,10.5,15.6,24.5,808.3,1.54,72.1,0.0,0,1,"time.struct_time(tm_year=2021, tm_mon=10, tm_mday=12, tm_hour=15, tm_min=36, tm_sec=5, tm_wday=1, tm_yday=285, tm_isdst=-1)",2021-10-12,2021,10,285,12,36
2021-10-12 15:38:35,40.765808,-111.909767,1295.8,-9999.0,-9999.0,-9999.0,13.07,19.63,6.62,63.02,1.0,2.0,14.5,21.0,861.9,0.0,18.1,2.22,35.5,814.5,-0.1,6.3,6.2,24.5,808.3,1.53,72.1,0.0,0,1,"time.struct_time(tm_year=2021, tm_mon=10, tm_mday=12, tm_hour=15, tm_min=38, tm_sec=35, tm_wday=1, tm_yday=285, tm_isdst=-1)",2021-10-12,2021,10,285,12,38
2021-10-12 15:41:05,40.765797,-111.909767,1294.7,-9999.0,-9999.0,-9999.0,13.09,19.44,6.36,65.09,1.0,2.0,14.39,22.0,861.8,0.0,19.3,2.22,35.4,814.8,18.9,10.2,29.1,24.5,808.2,1.54,72.2,0.0,0,1,"time.struct_time(tm_year=2021, tm_mon=10, tm_mday=12, tm_hour=15, tm_min=41, tm_sec=5, tm_wday=1, tm_yday=285, tm_isdst=-1)",2021-10-12,2021,10,285,12,41
2021-10-12 15:43:35,40.765789,-111.909767,1294.6,-9999.0,-9999.0,-9999.0,13.08,19.28,6.15,66.49,1.0,2.0,14.22,22.0,862.0,0.0,18.2,2.2,35.2,814.6,-6.9,17.5,10.6,24.5,808.3,1.54,72.3,0.0,0,1,"time.struct_time(tm_year=2021, tm_mon=10, tm_mday=12, tm_hour=15, tm_min=43, tm_sec=35, tm_wday=1, tm_yday=285, tm_isdst=-1)",2021-10-12,2021,10,285,12,43
2021-10-12 15:46:05,40.765789,-111.909767,1294.9,-9999.0,-9999.0,-9999.0,13.12,19.1,6.09,66.89,1.0,2.0,14.11,22.0,861.9,0.0,15.3,2.21,35.0,814.9,-0.1,16.4,16.3,24.4,808.3,1.54,72.4,0.0,0,1,"time.struct_time(tm_year=2021, tm_mon=10, tm_mday=12, tm_hour=15, tm_min=46, tm_sec=5, tm_wday=1, tm_yday=285, tm_isdst=-1)",2021-10-12,2021,10,285,12,46
2021-10-12 15:48:35,40.765793,-111.909767,1294.5,-9999.0,-9999.0,-9999.0,13.09,18.95,6.15,66.28,2.0,2.0,14.0,22.0,862.0,0.0,18.5,2.22,34.9,814.6,-6.4,8.9,2.5,24.4,808.3,1.54,72.1,0.0,0,1,"time.struct_time(tm_year=2021, tm_mon=10, tm_mday=12, tm_hour=15, tm_min=48, tm_sec=35, tm_wday=1, tm_yday=285, tm_isdst=-1)",2021-10-12,2021,10,285,12,48
2021-10-12 15:51:05,40.765789,-111.909767,1294.7,-9999.0,-9999.0,-9999.0,13.12,18.77,6.22,66.69,0.0,2.0,13.89,23.0,862.0,0.0,17.7,2.2,34.7,814.8,3.4,5.3,8.7,24.4,808.3,1.54,72.2,0.0,0,1,"time.struct_time(tm_year=2021, tm_mon=10, tm_mday=12, tm_hour=15, tm_min=51, tm_sec=5, tm_wday=1, tm_yday=285, tm_isdst=-1)",2021-10-12,2021,10,285,12,51
2021-10-12 21:21:40,40.765591,-111.909462,1288.3,-9999.0,-9999.0,-9999.0,13.31,9.91,9.61,50.15,3.0,2.0,8.0,41.0,865.2,0.0,13.9,2.05,13.6,817.1,-9999.0,-9999.0,-9999.0,-9999.0,-9999.0,-9999.0,-9999.0,0.0,0,1,"time.struct_time(tm_year=2021, tm_mon=10, tm_mday=12, tm_hour=21, tm_min=21, tm_sec=40, tm_wday=1, tm_yday=285, tm_isdst=-1)",2021-10-12,2021,10,285,12,21
2021-10-12 21:24:10,40.766209,-111.91008,1291.8,-9999.0,-9999.0,-9999.0,13.31,10.0,9.57,49.54,2.0,2.0,8.0,42.0,865.3,0.0,20.9,2.07,14.9,819.1,-9999.0,-9999.0,-9999.0,-9999.0,-9999.0,-9999.0,-9999.0,0.0,0,1,"time.struct_time(tm_year=2021, tm_mon=10, tm_mday=12, tm_hour=21, tm_min=24, tm_sec=10, tm_wday=1, tm_yday=285, tm_isdst=-1)",2021-10-12,2021,10,285,12,24
2021-10-12 21:26:40,40.765633,-111.909431,1296.4,-9999.0,-9999.0,-9999.0,13.27,10.09,9.5,50.01,5.0,2.0,8.11,41.0,865.3,0.0,17.7,2.06,16.0,817.4,-9999.0,-9999.0,-9999.0,-9999.0,-9999.0,-9999.0,-9999.0,0.0,0,1,"time.struct_time(tm_year=2021, tm_mon=10, tm_mday=12, tm_hour=21, tm_min=26, tm_sec=40, tm_wday=1, tm_yday=285, tm_isdst=-1)",2021-10-12,2021,10,285,12,26
2021-10-12 21:29:10,40.765633,-111.909431,1296.4,-9999.0,-9999.0,-9999.0,13.28,10.18,9.53,50.08,3.0,2.0,8.11,40.0,865.1,0.0,13.5,2.07,16.9,818.8,-9999.0,-9999.0,-9999.0,-9999.0,-9999.0,-9999.0,-9999.0,0.0,0,1,"time.struct_time(tm_year=2021, tm_mon=10, tm_mday=12, tm_hour=21, tm_min=29, tm_sec=10, tm_wday=1, tm_yday=285, tm_isdst=-1)",2021-10-12,2021,10,285,12,29
2021-10-12 21:31:40,40.765797,-111.90844,1302.6,-9999.0,-9999.0,-9999.0,13.27,10.31,9.63,49.6,5.0,2.0,8.22,39.0,865.2,0.0,6.1,2.08,17.8,817.6,97.4,-15.6,81.8,10.8,813.5,1.46,69.9,0.0,0,1,"time.struct_time(tm_year=2021, tm_mon=10, tm_mday=12, tm_hour=21, tm_min=31, tm_sec=40, tm_wday=1, tm_yday=285, tm_isdst=-1)",2021-10-12,2021,10,285,12,31
2021-10-12 21:35:15,40.760468,-111.910179,1304.4,-9999.0,-9999.0,-9999.0,13.25,10.49,9.09,51.49,3.0,2.0,8.39,38.0,865.4,0.0,21.1,2.07,18.8,817.8,39.2,16.6,55.8,10.9,813.6,1.51,69.1,0.0,0,1,"time.struct_time(tm_year=2021, tm_mon=10, tm_mday=12, tm_hour=21, tm_min=35, tm_sec=15, tm_wday=1, tm_yday=285, tm_isdst=-1)",2021-10-12,2021,10,285,12,35
2021-10-12 21:37:45,40.760601,-111.910088,1307.3,-9999.0,-9999.0,-9999.0,13.27,10.61,9.05,50.51,2.0,2.0,8.5,37.0,865.5,0.0,19.5,2.08,19.5,818.9,5.0,-0.6,4.4,11.0,813.7,1.51,69.4,0.0,0,1,"time.struct_time(tm_year=2021, tm_mon=10, tm_mday=12, tm_hour=21, tm_min=37, tm_sec=45, tm_wday=1, tm_yday=285, tm_isdst=-1)",2021-10-12,2021,10,285,12,37
2021-10-12 21:41:20,40.760857,-111.910042,1307.4,-9999.0,-9999.0,-9999.0,13.25,10.79,10.75,95.8,44.0,2.0,8.72,51.0,865.6,0.0,2.3,2.1,20.3,817.4,112.0,33.1,145.1,11.1,813.4,1.53,69.9,1.0,0,1,"time.struct_time(tm_year=2021, tm_mon=10, tm_mday=12, tm_hour=21, tm_min=41, tm_sec=20, tm_wday=1, tm_yday=285, tm_isdst=-1)",2021-10-12,2021,10,285,12,41
2021-10-12 21:43:50,40.759754,-111.911209,1297.6,-9999.0,-9999.0,-9999.0,13.22,10.99,10.27,83.7,3.0,2.0,9.39,58.0,865.8,0.0,24.1,2.1,20.9,818.8,135.8,-50.0,85.8,11.2,813.6,1.52,66.1,1.0,0,1,"time.struct_time(tm_year=2021, tm_mon=10, tm_mday=12, tm_hour=21, tm_min=43, tm_sec=50, tm_wday=1, tm_yday=285, tm_isdst=-1)",2021-10-12,2021,10,285,12,43
2021-10-12 21:46:20,40.761299,-111.905235,1304.0,-9999.0,-9999.0,-9999.0,13.25,11.2,8.85,72.32,3.0,2.0,9.61,47.0,865.3,0.0,12.2,2.1,21.4,818.1,31.5,-216.5,-185.0,11.3,813.6,1.52,71.3,1.0,0,1,"time.struct_time(tm_year=2021, tm_mon=10, tm_mday=12, tm_hour=21, tm_min=46, tm_sec=20, tm_wday=1, tm_yday=285, tm_isdst=-1)",2021-10-12,2021,10,285,12,46
2021-10-12 21:48:50,40.765827,-111.910004,1300.2,-9999.0,-9999.0,-9999.0,13.24,11.31,8.13,74.05,2.0,2.0,9.39,42.0,865.5,0.0,20.0,2.11,21.9,819.1,34.6,-9.6,25.0,11.4,813.9,1.52,69.0,1.0,0,1,"time.struct_time(tm_year=2021, tm_mon=10, tm_mday=12, tm_hour=21, tm_min=48, tm_sec=50, tm_wday=1, tm_yday=285, tm_isdst=-1)",2021-10-12,2021,10,285,12,48
2021-10-12 21:51:20,40.765846,-111.910095,1300.1,-9999.0,-9999.0,-9999.0,13.24,11.4,8.3,84.0,4.0,2.0,9.28,41.0,865.5,0.0,-2.1,2.1,22.3,818.5,49.5,22.5,72.0,11.5,813.9,1.52,69.3,1.0,0,1,"time.struct_time(tm_year=2021, tm_mon=10, tm_mday=12, tm_hour=21, tm_min=51, tm_sec=20, tm_wday=1, tm_yday=285, tm_isdst=-1)",2021-10-12,2021,10,285,12,51
2021-10-12 21:53:50,40.765884,-111.91011,1298.9,-9999.0,-9999.0,-9999.0,13.24,11.49,9.32,85.7,4.0,2.0,9.39,41.0,865.6,0.0,-2.1,2.12,22.7,819.0,62.6,16.6,79.2,11.6,813.9,1.52,69.5,1.0,0,1,"time.struct_time(tm_year=2021, tm_mon=10, tm_mday=12, tm_hour=21, tm_min=53, tm_sec=50, tm_wday=1, tm_yday=285, tm_isdst=-1)",2021-10-12,2021,10,285,12,53
2021-10-12 21:56:20,40.765842,-111.910172,1296.5,-9999.0,-9999.0,-9999.0,13.24,11.63,10.24,86.8,3.0,2.0,9.72,40.0,865.6,0.0,0.7,2.1,23.1,818.6,68.6,24.0,92.6,11.7,814.0,1.52,69.2,1.0,0,1,"time.struct_time(tm_year=2021, tm_mon=10, tm_mday=12, tm_hour=21, tm_min=56, tm_sec=20, tm_wday=1, tm_yday=285, tm_isdst=-1)",2021-10-12,2021,10,285,12,56
2021-10-12 21:58:50,40.765862,-111.910248,1294.8,-9999.0,-9999.0,-9999.0,13.23,11.79,10.81,89.0,2.0,2.0,10.22,39.0,865.7,0.0,-1.6,2.13,23.4,819.1,68.0,24.3,92.3,11.9,813.9,1.52,69.3,1.0,0,1,"time.struct_time(tm_year=2021, tm_mon=10, tm_mday=12, tm_hour=21, tm_min=58, tm_sec=50, tm_wday=1, tm_yday=285, tm_isdst=-1)",2021-10-12,2021,10,285,12,58
2021-10-12 22:01:20,40.765919,-111.910278,1292.9,-9999.0,-9999.0,-9999.0,13.23,11.96,11.19,87.8,3.0,2.0,10.5,38.0,865.9,0.0,-3.3,2.13,23.8,818.8,62.3,18.5,80.8,12.0,814.0,1.52,69.4,1.0,0,1,"time.struct_time(tm_year=2021, tm_mon=10, tm_mday=12, tm_hour=22, tm_min=1, tm_sec=20, tm_wday=1, tm_yday=285, tm_isdst=-1)",2021-10-12,2021,10,285,12,1
2021-10-12 22:03:50,40.765877,-111.910217,1290.7,-9999.0,-9999.0,-9999.0,13.23,12.12,11.36,89.3,3.0,2.0,10.89,39.0,865.8,0.0,-2.5,2.12,24.1,819.1,77.8,24.1,101.9,12.1,814.1,1.52,69.5,1.0,0,1,"time.struct_time(tm_year=2021, tm_mon=10, tm_mday=12, tm_hour=22, tm_min=3, tm_sec=50, tm_wday=1, tm_yday=285, tm_isdst=-1)",2021-10-12,2021,10,285,12,3
2021-10-12 22:06:20,40.765831,-111.910118,1292.0,-9999.0,-9999.0,-9999.0,13.23,12.3,11.59,80.6,22.0,2.0,11.39,37.0,865.8,0.0,11.1,2.13,24.4,818.9,2376.6,549.6,2926.2,12.3,814.1,1.52,69.2,1.0,0,1,"time.struct_time(tm_year=2021, tm_mon=10, tm_mday=12, tm_hour=22, tm_min=6, tm_sec=20, tm_wday=1, tm_yday=285, tm_isdst=-1)",2021-10-12,2021,10,285,12,6
2021-10-12 22:08:50,40.765823,-111.910095,1292.2,-9999.0,-9999.0,-9999.0,13.21,12.51,12.17,77.37,16.0,2.0,11.72,37.0,865.9,0.0,7.9,2.12,24.7,819.2,2564.3,579.9,3144.2,12.4,814.1,1.51,69.1,1.0,0,1,"time.struct_time(tm_year=2021, tm_mon=10, tm_mday=12, tm_hour=22, tm_min=8, tm_sec=50, tm_wday=1, tm_yday=285, tm_isdst=-1)",2021-10-12,2021,10,285,12,8
