Timestamp_UTC,Latitude_ddeg,Longitude_ddeg,Elevation_m,GPS_Speed_m/s,GPS_Direction_deg,GPS_RMC_Valid_binary,Battery_Voltage_volts,Bus_Box_Temperature_degC,Bus_Top_Temperature_degC,Bus_Top_Relative_Humidity_%,ES642_PM2.5_Concentration_ug/m3,ES642_Air_Flow_Rate_L/min,ES642_Internal_Air_Temperature_degC,ES642_Internal_Relative_Humidity_%,ES642_Internal_Air_Pressure_hpa,ES642_Error_Code_code,2B_Ozone_Concentration_ppbv,2B_Air_Flow_Rate_L/min,2B_Internal_Air_Temperature_degC,2B_Internal_Air_Pressure_hpa,2B405_NO_Concentration_ppbv,2B405_NO2_Concentration_ppbv,2B405_NOX_Concentration_ppbv,2B405_Internal_Air_Temperature_degC,2B405_Internal_Air_Pressure_hpa,2B405_Air_Flow_Rate_L/min,2B405_Cell_O3_Flow_Rate_mL/min,PM2.5_Data_Flagged_binary,Ozone_Data_Flagged_binary,GPS_Data_Flagged_binary,Time_Tuple,Date,Year,Month,Day_of_Year,Day_of_Month,Minute
2022-09-06 17:33:15,40.765739,-111.909798,1296.4,-9999.0,-9999.0,-9999.0,13.42,32.32,33.93,14.05,6.0,2.0,32.0,18.0,878.6,0.0,13.2,2.46,40.5,831.1,-9999.0,-9999.0,-9999.0,-9999.0,-9999.0,-9999.0,-9999.0,0.0,0,1,"time.struct_time(tm_year=2022, tm_mon=9, tm_mday=6, tm_hour=17, tm_min=33, tm_sec=15, tm_wday=1, tm_yday=249, tm_isdst=-1)",2022-09-06,2022,9,249,6,33
2022-09-06 17:35:45,40.765732,-111.909668,1278.5,-9999.0,-9999.0,-9999.0,13.43,32.56,34.07,13.95,5.0,2.0,32.22,18.0,878.5,0.0,17.7,2.43,40.9,831.1,-9999.0,-9999.0,-9999.0,-9999.0,-9999.0,-9999.0,-9999.0,0.0,0,1,"time.struct_time(tm_year=2022, tm_mon=9, tm_mday=6, tm_hour=17, tm_min=35, tm_sec=45, tm_wday=1, tm_yday=249, tm_isdst=-1)",2022-09-06,2022,9,249,6,35
2022-09-06 17:38:15,40.765759,-111.90966,1274.9,-9999.0,-9999.0,-9999.0,13.42,32.79,34.19,14.27,5.0,2.0,32.39,18.0,878.6,0.0,28.1,2.46,41.2,831.0,-9999.0,-9999.0,-9999.0,-9999.0,-9999.0,-9999.0,-9999.0,0.0,0,1,"time.struct_time(tm_year=2022, tm_mon=9, tm_mday=6, tm_hour=17, tm_min=38, tm_sec=15, tm_wday=1, tm_yday=249, tm_isdst=-1)",2022-09-06,2022,9,249,6,38
2022-09-06 17:40:45,40.7658,-111.90966,1299.5,-9999.0,-9999.0,-9999.0,13.43,33.03,34.25,14.65,6.0,2.0,32.61,18.0,878.7,0.0,10.9,2.44,41.6,831.0,-9999.0,-9999.0,-9999.0,-9999.0,-9999.0,-9999.0,-9999.0,0.0,0,1,"time.struct_time(tm_year=2022, tm_mon=9, tm_mday=6, tm_hour=17, tm_min=40, tm_sec=45, tm_wday=1, tm_yday=249, tm_isdst=-1)",2022-09-06,2022,9,249,6,40
2022-09-06 17:43:15,40.765903,-111.909698,1305.7,-9999.0,-9999.0,-9999.0,13.43,33.26,34.37,14.52,5.0,2.0,32.78,18.0,878.7,0.0,14.3,2.48,41.9,831.0,-9999.0,-9999.0,-9999.0,-9999.0,-9999.0,-9999.0,-9999.0,0.0,0,1,"time.struct_time(tm_year=2022, tm_mon=9, tm_mday=6, tm_hour=17, tm_min=43, tm_sec=15, tm_wday=1, tm_yday=249, tm_isdst=-1)",2022-09-06,2022,9,249,6,43
2022-09-06 17:45:45,40.765766,-111.909859,1304.5,-9999.0,-9999.0,-9999.0,13.42,33.48,34.47,14.13,5.0,2.0,33.0,17.0,878.4,0.0,21.2,2.44,42.3,831.0,-9999.0,-9999.0,-9999.0,-9999.0,-9999.0,-9999.0,-9999.0,0.0,0,1,"time.struct_time(tm_year=2022, tm_mon=9, tm_mday=6, tm_hour=17, tm_min=45, tm_sec=45, tm_wday=1, tm_yday=249, tm_isdst=-1)",2022-09-06,2022,9,249,6,45
2022-09-06 17:48:15,40.765778,-111.90979,1297.3,-9999.0,-9999.0,-9999.0,13.43,33.7,34.53,14.5,5.0,2.0,33.22,17.0,878.5,0.0,21.8,2.47,42.6,830.9,-9999.0,-9999.0,-9999.0,-9999.0,-9999.0,-9999.0,-9999.0,0.0,0,1,"time.struct_time(tm_year=2022, tm_mon=9, tm_mday=6, tm_hour=17, tm_min=48, tm_sec=15, tm_wday=1, tm_yday=249, tm_isdst=-1)",2022-09-06,2022,9,249,6,48
2022-09-06 17:50:45,40.765747,-111.90979,1302.4,-9999.0,-9999.0,-9999.0,13.43,33.96,34.53,13.43,4.0,2.0,33.39,17.0,878.6,0.0,26.1,2.45,42.9,830.9,-9999.0,-9999.0,-9999.0,-9999.0,-9999.0,-9999.0,-9999.0,0.0,0,1,"time.struct_time(tm_year=2022, tm_mon=9, tm_mday=6, tm_hour=17, tm_min=50, tm_sec=45, tm_wday=1, tm_yday=249, tm_isdst=-1)",2022-09-06,2022,9,249,6,50
2022-09-06 17:54:20,40.766006,-111.90979,1301.9,-9999.0,-9999.0,-9999.0,13.39,34.54,34.49,12.88,5.0,2.0,33.78,16.0,878.5,0.0,28.5,2.47,43.3,830.9,-9999.0,-9999.0,-9999.0,-9999.0,-9999.0,-9999.0,-9999.0,0.0,0,1,"time.struct_time(tm_year=2022, tm_mon=9, tm_mday=6, tm_hour=17, tm_min=54, tm_sec=20, tm_wday=1, tm_yday=249, tm_isdst=-1)",2022-09-06,2022,9,249,6,54
2022-09-06 17:56:50,40.765881,-111.909798,1300.9,-9999.0,-9999.0,-9999.0,13.39,34.91,34.45,13.13,4.0,2.0,34.0,16.0,878.6,0.0,29.0,2.49,43.6,830.9,-9999.0,-9999.0,-9999.0,-9999.0,-9999.0,-9999.0,-9999.0,0.0,0,1,"time.struct_time(tm_year=2022, tm_mon=9, tm_mday=6, tm_hour=17, tm_min=56, tm_sec=50, tm_wday=1, tm_yday=249, tm_isdst=-1)",2022-09-06,2022,9,249,6,56
2022-09-06 17:59:20,40.765953,-111.909637,1291.2,-9999.0,-9999.0,-9999.0,13.39,35.24,34.39,12.75,4.0,2.0,34.28,15.0,878.6,0.0,40.3,2.46,43.8,830.9,-9999.0,-9999.0,-9999.0,-9999.0,-9999.0,-9999.0,-9999.0,0.0,0,1,"time.struct_time(tm_year=2022, tm_mon=9, tm_mday=6, tm_hour=17, tm_min=59, tm_sec=20, tm_wday=1, tm_yday=249, tm_isdst=-1)",2022-09-06,2022,9,249,6,59
2022-09-06 18:01:50,40.765732,-111.90966,1297.9,-9999.0,-9999.0,-9999.0,13.39,35.53,34.39,12.27,5.0,2.0,34.5,15.0,878.5,0.0,43.0,2.45,44.1,830.9,-9999.0,-9999.0,-9999.0,-9999.0,-9999.0,-9999.0,-9999.0,0.0,0,1,"time.struct_time(tm_year=2022, tm_mon=9, tm_mday=6, tm_hour=18, tm_min=1, tm_sec=50, tm_wday=1, tm_yday=249, tm_isdst=-1)",2022-09-06,2022,9,249,6,1
2022-09-06 18:04:20,40.765827,-111.9095,1292.3,-9999.0,-9999.0,-9999.0,13.39,35.78,34.47,11.69,4.0,2.0,34.61,15.0,878.6,0.0,46.2,2.48,44.3,830.9,-9999.0,-9999.0,-9999.0,-9999.0,-9999.0,-9999.0,-9999.0,0.0,0,1,"time.struct_time(tm_year=2022, tm_mon=9, tm_mday=6, tm_hour=18, tm_min=4, tm_sec=20, tm_wday=1, tm_yday=249, tm_isdst=-1)",2022-09-06,2022,9,249,6,4
2022-09-06 18:06:50,40.76572,-111.909561,1287.9,-9999.0,-9999.0,-9999.0,13.39,36.01,34.57,11.76,4.0,2.0,34.78,14.0,878.4,0.0,41.0,2.49,44.6,830.8,-9999.0,-9999.0,-9999.0,-9999.0,-9999.0,-9999.0,-9999.0,0.0,0,1,"time.struct_time(tm_year=2022, tm_mon=9, tm_mday=6, tm_hour=18, tm_min=6, tm_sec=50, tm_wday=1, tm_yday=249, tm_isdst=-1)",2022-09-06,2022,9,249,6,6
2022-09-06 18:09:20,40.765717,-111.909714,1286.0,-9999.0,-9999.0,-9999.0,13.39,36.22,34.73,11.54,4.0,2.0,35.0,14.0,878.4,0.0,43.2,2.43,44.8,830.8,-9999.0,-9999.0,-9999.0,-9999.0,-9999.0,-9999.0,-9999.0,0.0,0,1,"time.struct_time(tm_year=2022, tm_mon=9, tm_mday=6, tm_hour=18, tm_min=9, tm_sec=20, tm_wday=1, tm_yday=249, tm_isdst=-1)",2022-09-06,2022,9,249,6,9
2022-09-06 18:11:50,40.765812,-111.909767,1297.1,-9999.0,-9999.0,-9999.0,13.39,36.43,34.87,11.74,4.0,2.0,35.22,14.0,878.4,0.0,34.1,2.47,45.0,830.8,-9999.0,-9999.0,-9999.0,-9999.0,-9999.0,-9999.0,-9999.0,0.0,0,1,"time.struct_time(tm_year=2022, tm_mon=9, tm_mday=6, tm_hour=18, tm_min=11, tm_sec=50, tm_wday=1, tm_yday=249, tm_isdst=-1)",2022-09-06,2022,9,249,6,11
2022-09-06 18:14:20,40.765717,-111.909538,1287.5,-9999.0,-9999.0,-9999.0,13.39,36.64,34.95,11.45,7.0,2.0,35.28,14.0,878.4,0.0,32.1,2.5,45.2,830.7,-9999.0,-9999.0,-9999.0,-9999.0,-9999.0,-9999.0,-9999.0,0.0,0,1,"time.struct_time(tm_year=2022, tm_mon=9, tm_mday=6, tm_hour=18, tm_min=14, tm_sec=20, tm_wday=1, tm_yday=249, tm_isdst=-1)",2022-09-06,2022,9,249,6,14
2022-09-06 18:16:50,40.765804,-111.909546,1288.8,-9999.0,-9999.0,-9999.0,13.35,36.83,34.97,11.47,7.0,2.0,35.5,14.0,878.3,0.0,21.1,2.46,45.5,830.6,-9999.0,-9999.0,-9999.0,-9999.0,-9999.0,-9999.0,-9999.0,0.0,0,1,"time.struct_time(tm_year=2022, tm_mon=9, tm_mday=6, tm_hour=18, tm_min=16, tm_sec=50, tm_wday=1, tm_yday=249, tm_isdst=-1)",2022-09-06,2022,9,249,6,16
2022-09-06 18:19:20,40.765732,-111.90966,1285.9,-9999.0,-9999.0,-9999.0,13.35,37.01,35.12,11.63,11.0,2.0,35.72,14.0,878.1,0.0,0.5,2.48,45.7,830.6,-9999.0,-9999.0,-9999.0,-9999.0,-9999.0,-9999.0,-9999.0,0.0,0,1,"time.struct_time(tm_year=2022, tm_mon=9, tm_mday=6, tm_hour=18, tm_min=19, tm_sec=20, tm_wday=1, tm_yday=249, tm_isdst=-1)",2022-09-06,2022,9,249,6,19
2022-09-06 18:21:50,40.76572,-111.909698,1286.7,-9999.0,-9999.0,-9999.0,13.35,37.19,35.21,11.54,8.0,2.0,35.78,14.0,878.4,0.0,1.0,2.47,45.9,830.5,-9999.0,-9999.0,-9999.0,-9999.0,-9999.0,-9999.0,-9999.0,0.0,0,1,"time.struct_time(tm_year=2022, tm_mon=9, tm_mday=6, tm_hour=18, tm_min=21, tm_sec=50, tm_wday=1, tm_yday=249, tm_isdst=-1)",2022-09-06,2022,9,249,6,21
2022-09-06 18:24:20,40.765747,-111.909569,1287.9,-9999.0,-9999.0,-9999.0,13.35,37.37,35.35,11.37,6.0,2.0,36.0,13.0,878.3,0.0,12.7,2.48,46.1,830.5,-9999.0,-9999.0,-9999.0,-9999.0,-9999.0,-9999.0,-9999.0,0.0,0,1,"time.struct_time(tm_year=2022, tm_mon=9, tm_mday=6, tm_hour=18, tm_min=24, tm_sec=20, tm_wday=1, tm_yday=249, tm_isdst=-1)",2022-09-06,2022,9,249,6,24
2022-09-06 18:26:50,40.765705,-111.909691,1279.2,-9999.0,-9999.0,-9999.0,13.36,37.55,35.41,10.64,6.0,2.0,36.11,13.0,878.4,0.0,27.5,2.44,46.3,830.4,-9999.0,-9999.0,-9999.0,-9999.0,-9999.0,-9999.0,-9999.0,0.0,0,1,"time.struct_time(tm_year=2022, tm_mon=9, tm_mday=6, tm_hour=18, tm_min=26, tm_sec=50, tm_wday=1, tm_yday=249, tm_isdst=-1)",2022-09-06,2022,9,249,6,26
2022-09-06 18:29:20,40.765694,-111.909615,1275.9,-9999.0,-9999.0,-9999.0,13.35,37.71,35.33,10.45,5.0,2.0,36.28,13.0,878.2,0.0,42.8,2.49,46.5,830.4,-9999.0,-9999.0,-9999.0,-9999.0,-9999.0,-9999.0,-9999.0,0.0,0,1,"time.struct_time(tm_year=2022, tm_mon=9, tm_mday=6, tm_hour=18, tm_min=29, tm_sec=20, tm_wday=1, tm_yday=249, tm_isdst=-1)",2022-09-06,2022,9,249,6,29
2022-09-06 18:31:50,40.765774,-111.909576,1272.8,-9999.0,-9999.0,-9999.0,13.35,37.87,35.29,9.94,4.0,2.0,36.39,12.0,878.3,0.0,48.6,2.45,46.7,830.3,-9999.0,-9999.0,-9999.0,-9999.0,-9999.0,-9999.0,-9999.0,0.0,0,1,"time.struct_time(tm_year=2022, tm_mon=9, tm_mday=6, tm_hour=18, tm_min=31, tm_sec=50, tm_wday=1, tm_yday=249, tm_isdst=-1)",2022-09-06,2022,9,249,6,31
2022-09-06 18:34:20,40.765839,-111.909615,1271.4,-9999.0,-9999.0,-9999.0,13.35,38.01,35.31,10.04,4.0,2.0,36.61,12.0,878.3,0.0,47.5,2.46,46.8,830.3,-9999.0,-9999.0,-9999.0,-9999.0,-9999.0,-9999.0,-9999.0,0.0,0,1,"time.struct_time(tm_year=2022, tm_mon=9, tm_mday=6, tm_hour=18, tm_min=34, tm_sec=20, tm_wday=1, tm_yday=249, tm_isdst=-1)",2022-09-06,2022,9,249,6,34
2022-09-06 18:36:50,40.765732,-111.909683,1276.9,-9999.0,-9999.0,-9999.0,13.36,38.15,35.45,10.08,4.0,2.0,36.72,12.0,878.1,0.0,46.2,2.45,47.0,830.3,-9999.0,-9999.0,-9999.0,-9999.0,-9999.0,-9999.0,-9999.0,0.0,0,1,"time.struct_time(tm_year=2022, tm_mon=9, tm_mday=6, tm_hour=18, tm_min=36, tm_sec=50, tm_wday=1, tm_yday=249, tm_isdst=-1)",2022-09-06,2022,9,249,6,36
2022-09-06 18:40:25,40.765724,-111.909508,1271.0,-9999.0,-9999.0,-9999.0,13.32,38.35,35.44,9.54,4.0,2.0,36.89,11.0,878.1,0.0,41.4,2.46,47.3,830.3,-9999.0,-9999.0,-9999.0,-9999.0,-9999.0,-9999.0,-9999.0,0.0,0,1,"time.struct_time(tm_year=2022, tm_mon=9, tm_mday=6, tm_hour=18, tm_min=40, tm_sec=25, tm_wday=1, tm_yday=249, tm_isdst=-1)",2022-09-06,2022,9,249,6,40
2022-09-06 18:42:55,40.765842,-111.909615,1293.5,-9999.0,-9999.0,-9999.0,13.32,38.48,35.37,10.18,4.0,2.0,37.0,11.0,878.1,0.0,51.0,2.48,47.4,830.2,-9999.0,-9999.0,-9999.0,-9999.0,-9999.0,-9999.0,-9999.0,0.0,0,1,"time.struct_time(tm_year=2022, tm_mon=9, tm_mday=6, tm_hour=18, tm_min=42, tm_sec=55, tm_wday=1, tm_yday=249, tm_isdst=-1)",2022-09-06,2022,9,249,6,42
2022-09-06 18:45:25,40.765862,-111.909637,1238.7,-9999.0,-9999.0,-9999.0,13.32,38.61,35.29,10.46,4.0,2.0,37.11,12.0,878.0,0.0,42.1,2.49,47.6,830.1,-9999.0,-9999.0,-9999.0,-9999.0,-9999.0,-9999.0,-9999.0,0.0,0,1,"time.struct_time(tm_year=2022, tm_mon=9, tm_mday=6, tm_hour=18, tm_min=45, tm_sec=25, tm_wday=1, tm_yday=249, tm_isdst=-1)",2022-09-06,2022,9,249,6,45
2022-09-06 18:47:55,40.7658,-111.909668,1242.7,-9999.0,-9999.0,-9999.0,13.32,38.73,35.45,10.8,5.0,2.0,37.28,12.0,878.2,0.0,40.5,2.5,47.8,830.1,-9999.0,-9999.0,-9999.0,-9999.0,-9999.0,-9999.0,-9999.0,0.0,0,1,"time.struct_time(tm_year=2022, tm_mon=9, tm_mday=6, tm_hour=18, tm_min=47, tm_sec=55, tm_wday=1, tm_yday=249, tm_isdst=-1)",2022-09-06,2022,9,249,6,47
2022-09-06 18:50:25,40.765865,-111.909416,1287.6,-9999.0,-9999.0,-9999.0,13.32,38.85,35.73,9.69,6.0,2.0,37.39,11.0,877.9,0.0,61.3,2.44,47.9,830.1,-9999.0,-9999.0,-9999.0,-9999.0,-9999.0,-9999.0,-9999.0,0.0,0,1,"time.struct_time(tm_year=2022, tm_mon=9, tm_mday=6, tm_hour=18, tm_min=50, tm_sec=25, tm_wday=1, tm_yday=249, tm_isdst=-1)",2022-09-06,2022,9,249,6,50
2022-09-06 18:54:00,40.765865,-111.9095,1281.5,-9999.0,-9999.0,-9999.0,13.32,39.03,35.84,9.55,4.0,2.0,37.61,11.0,877.8,0.0,18.6,2.48,48.2,830.0,-9999.0,-9999.0,-9999.0,-9999.0,-9999.0,-9999.0,-9999.0,0.0,0,1,"time.struct_time(tm_year=2022, tm_mon=9, tm_mday=6, tm_hour=18, tm_min=54, tm_sec=0, tm_wday=1, tm_yday=249, tm_isdst=-1)",2022-09-06,2022,9,249,6,54
2022-09-06 18:56:30,40.765594,-111.909752,1293.4,-9999.0,-9999.0,-9999.0,13.32,39.16,35.87,9.79,4.0,2.0,37.78,11.0,878.0,0.0,49.9,2.47,48.3,830.0,-9999.0,-9999.0,-9999.0,-9999.0,-9999.0,-9999.0,-9999.0,0.0,0,1,"time.struct_time(tm_year=2022, tm_mon=9, tm_mday=6, tm_hour=18, tm_min=56, tm_sec=30, tm_wday=1, tm_yday=249, tm_isdst=-1)",2022-09-06,2022,9,249,6,56
2022-09-06 18:59:00,40.765732,-111.909645,1291.1,-9999.0,-9999.0,-9999.0,13.32,39.29,36.05,10.08,5.0,2.0,37.89,11.0,878.0,0.0,52.0,2.46,48.5,829.9,-9999.0,-9999.0,-9999.0,-9999.0,-9999.0,-9999.0,-9999.0,0.0,0,1,"time.struct_time(tm_year=2022, tm_mon=9, tm_mday=6, tm_hour=18, tm_min=59, tm_sec=0, tm_wday=1, tm_yday=249, tm_isdst=-1)",2022-09-06,2022,9,249,6,59
2022-09-06 19:01:30,40.765968,-111.909538,1276.3,-9999.0,-9999.0,-9999.0,13.28,39.42,36.2,9.72,4.0,2.0,38.0,11.0,877.9,0.0,49.6,2.5,48.6,829.8,-9999.0,-9999.0,-9999.0,-9999.0,-9999.0,-9999.0,-9999.0,0.0,0,1,"time.struct_time(tm_year=2022, tm_mon=9, tm_mday=6, tm_hour=19, tm_min=1, tm_sec=30, tm_wday=1, tm_yday=249, tm_isdst=-1)",2022-09-06,2022,9,249,6,1
2022-09-06 19:04:00,40.765903,-111.909622,1278.2,-9999.0,-9999.0,-9999.0,13.29,39.54,36.14,9.38,4.0,2.0,38.22,11.0,878.0,0.0,59.6,2.47,48.8,829.7,-9999.0,-9999.0,-9999.0,-9999.0,-9999.0,-9999.0,-9999.0,0.0,0,1,"time.struct_time(tm_year=2022, tm_mon=9, tm_mday=6, tm_hour=19, tm_min=4, tm_sec=0, tm_wday=1, tm_yday=249, tm_isdst=-1)",2022-09-06,2022,9,249,6,4
2022-09-06 19:06:30,40.765736,-111.909576,1247.1,-9999.0,-9999.0,-9999.0,13.28,39.66,36.0,9.4,3.0,2.0,38.28,11.0,877.8,0.0,50.4,2.47,48.9,829.8,-9999.0,-9999.0,-9999.0,-9999.0,-9999.0,-9999.0,-9999.0,0.0,0,1,"time.struct_time(tm_year=2022, tm_mon=9, tm_mday=6, tm_hour=19, tm_min=6, tm_sec=30, tm_wday=1, tm_yday=249, tm_isdst=-1)",2022-09-06,2022,9,249,6,6
2022-09-06 19:09:00,40.765862,-111.909721,1262.1,-9999.0,-9999.0,-9999.0,13.29,39.77,36.04,9.3,4.0,2.0,38.39,10.0,878.0,0.0,58.3,2.5,49.0,829.8,-9999.0,-9999.0,-9999.0,-9999.0,-9999.0,-9999.0,-9999.0,0.0,0,1,"time.struct_time(tm_year=2022, tm_mon=9, tm_mday=6, tm_hour=19, tm_min=9, tm_sec=0, tm_wday=1, tm_yday=249, tm_isdst=-1)",2022-09-06,2022,9,249,6,9
2022-09-06 19:11:30,40.765678,-111.909538,1274.2,-9999.0,-9999.0,-9999.0,13.28,39.88,36.03,9.32,4.0,2.0,38.5,10.0,877.6,0.0,53.3,2.48,49.2,829.8,-9999.0,-9999.0,-9999.0,-9999.0,-9999.0,-9999.0,-9999.0,0.0,0,1,"time.struct_time(tm_year=2022, tm_mon=9, tm_mday=6, tm_hour=19, tm_min=11, tm_sec=30, tm_wday=1, tm_yday=249, tm_isdst=-1)",2022-09-06,2022,9,249,6,11
2022-09-06 19:14:00,40.765781,-111.909576,1262.7,-9999.0,-9999.0,-9999.0,13.29,39.98,36.14,9.65,3.0,2.0,38.61,10.0,877.7,0.0,50.7,2.48,49.3,829.7,-9999.0,-9999.0,-9999.0,-9999.0,-9999.0,-9999.0,-9999.0,0.0,0,1,"time.struct_time(tm_year=2022, tm_mon=9, tm_mday=6, tm_hour=19, tm_min=14, tm_sec=0, tm_wday=1, tm_yday=249, tm_isdst=-1)",2022-09-06,2022,9,249,6,14
2022-09-06 19:16:30,40.765797,-111.909912,1257.2,-9999.0,-9999.0,-9999.0,13.29,40.09,36.34,8.65,3.0,2.0,38.72,10.0,877.8,0.0,48.8,2.48,49.5,829.7,-9999.0,-9999.0,-9999.0,-9999.0,-9999.0,-9999.0,-9999.0,0.0,0,1,"time.struct_time(tm_year=2022, tm_mon=9, tm_mday=6, tm_hour=19, tm_min=16, tm_sec=30, tm_wday=1, tm_yday=249, tm_isdst=-1)",2022-09-06,2022,9,249,6,16
2022-09-06 19:19:00,40.765667,-111.909714,1222.9,-9999.0,-9999.0,-9999.0,13.29,40.2,36.61,8.97,3.0,2.0,38.89,10.0,877.6,0.0,48.1,2.47,49.6,829.5,-9999.0,-9999.0,-9999.0,-9999.0,-9999.0,-9999.0,-9999.0,0.0,0,1,"time.struct_time(tm_year=2022, tm_mon=9, tm_mday=6, tm_hour=19, tm_min=19, tm_sec=0, tm_wday=1, tm_yday=249, tm_isdst=-1)",2022-09-06,2022,9,249,6,19
2022-09-06 19:21:30,40.765709,-111.909447,1219.7,-9999.0,-9999.0,-9999.0,13.29,40.32,36.67,9.45,6.0,2.0,39.0,10.0,877.7,0.0,44.7,2.5,49.7,829.7,-9999.0,-9999.0,-9999.0,-9999.0,-9999.0,-9999.0,-9999.0,0.0,0,1,"time.struct_time(tm_year=2022, tm_mon=9, tm_mday=6, tm_hour=19, tm_min=21, tm_sec=30, tm_wday=1, tm_yday=249, tm_isdst=-1)",2022-09-06,2022,9,249,6,21
2022-09-06 19:24:00,40.765686,-111.909714,1278.4,-9999.0,-9999.0,-9999.0,13.29,40.44,36.7,9.48,3.0,2.0,39.11,10.0,877.6,0.0,69.1,2.48,49.9,829.6,-9999.0,-9999.0,-9999.0,-9999.0,-9999.0,-9999.0,-9999.0,0.0,0,1,"time.struct_time(tm_year=2022, tm_mon=9, tm_mday=6, tm_hour=19, tm_min=24, tm_sec=0, tm_wday=1, tm_yday=249, tm_isdst=-1)",2022-09-06,2022,9,249,6,24
2022-09-06 19:26:30,40.765713,-111.909645,1232.3,-9999.0,-9999.0,-9999.0,13.28,40.54,36.7,9.58,3.0,2.0,39.22,10.0,877.6,0.0,74.2,2.47,50.0,829.6,-9999.0,-9999.0,-9999.0,-9999.0,-9999.0,-9999.0,-9999.0,0.0,1,1,"time.struct_time(tm_year=2022, tm_mon=9, tm_mday=6, tm_hour=19, tm_min=26, tm_sec=30, tm_wday=1, tm_yday=249, tm_isdst=-1)",2022-09-06,2022,9,249,6,26
2022-09-06 19:29:00,40.765579,-111.909843,1243.5,-9999.0,-9999.0,-9999.0,13.29,40.64,36.78,9.52,3.0,2.0,39.28,10.0,877.5,0.0,60.0,2.49,50.1,829.4,-9999.0,-9999.0,-9999.0,-9999.0,-9999.0,-9999.0,-9999.0,0.0,0,1,"time.struct_time(tm_year=2022, tm_mon=9, tm_mday=6, tm_hour=19, tm_min=29, tm_sec=0, tm_wday=1, tm_yday=249, tm_isdst=-1)",2022-09-06,2022,9,249,6,29
2022-09-06 19:31:30,40.765766,-111.909721,1288.3,-9999.0,-9999.0,-9999.0,13.28,40.73,36.9,9.44,3.0,2.0,39.39,10.0,877.5,0.0,67.0,2.48,50.2,829.4,-9999.0,-9999.0,-9999.0,-9999.0,-9999.0,-9999.0,-9999.0,0.0,0,1,"time.struct_time(tm_year=2022, tm_mon=9, tm_mday=6, tm_hour=19, tm_min=31, tm_sec=30, tm_wday=1, tm_yday=249, tm_isdst=-1)",2022-09-06,2022,9,249,6,31
2022-09-06 21:25:40,40.765778,-111.909721,1264.8,-9999.0,-9999.0,-9999.0,13.29,39.5,37.91,8.22,3.0,2.0,39.39,10.0,876.9,0.0,58.0,2.46,43.2,827.9,-9999.0,-9999.0,-9999.0,-9999.0,-9999.0,-9999.0,-9999.0,0.0,0,1,"time.struct_time(tm_year=2022, tm_mon=9, tm_mday=6, tm_hour=21, tm_min=25, tm_sec=40, tm_wday=1, tm_yday=249, tm_isdst=-1)",2022-09-06,2022,9,249,6,25
2022-09-06 21:28:10,40.765747,-111.909683,1264.0,-9999.0,-9999.0,-9999.0,13.29,39.54,38.09,8.04,2.0,2.0,39.5,10.0,876.7,0.0,54.0,2.44,44.1,828.1,-9999.0,-9999.0,-9999.0,-9999.0,-9999.0,-9999.0,-9999.0,0.0,0,1,"time.struct_time(tm_year=2022, tm_mon=9, tm_mday=6, tm_hour=21, tm_min=28, tm_sec=10, tm_wday=1, tm_yday=249, tm_isdst=-1)",2022-09-06,2022,9,249,6,28
2022-09-06 21:30:40,40.765762,-111.909698,1270.3,-9999.0,-9999.0,-9999.0,13.29,39.62,38.27,8.34,3.0,2.0,39.61,10.0,876.7,0.0,62.9,2.47,44.9,828.3,-9999.0,-9999.0,-9999.0,-9999.0,-9999.0,-9999.0,-9999.0,0.0,0,1,"time.struct_time(tm_year=2022, tm_mon=9, tm_mday=6, tm_hour=21, tm_min=30, tm_sec=40, tm_wday=1, tm_yday=249, tm_isdst=-1)",2022-09-06,2022,9,249,6,30
2022-09-06 21:33:10,40.765762,-111.909698,1273.4,-9999.0,-9999.0,-9999.0,12.8,39.78,38.49,7.98,2.0,2.0,39.72,10.0,876.8,0.0,13.6,2.45,45.6,828.4,-9999.0,-9999.0,-9999.0,-9999.0,-9999.0,-9999.0,-9999.0,0.0,0,1,"time.struct_time(tm_year=2022, tm_mon=9, tm_mday=6, tm_hour=21, tm_min=33, tm_sec=10, tm_wday=1, tm_yday=249, tm_isdst=-1)",2022-09-06,2022,9,249,6,33
2022-09-06 21:35:40,40.765686,-111.909653,1278.6,-9999.0,-9999.0,-9999.0,13.29,40.01,38.59,8.0,2.0,2.0,39.89,10.0,876.7,0.0,23.6,2.44,46.2,828.4,-9999.0,-9999.0,-9999.0,-9999.0,-9999.0,-9999.0,-9999.0,0.0,0,1,"time.struct_time(tm_year=2022, tm_mon=9, tm_mday=6, tm_hour=21, tm_min=35, tm_sec=40, tm_wday=1, tm_yday=249, tm_isdst=-1)",2022-09-06,2022,9,249,6,35
2022-09-06 21:38:10,40.765663,-111.909706,1286.1,-9999.0,-9999.0,-9999.0,13.29,40.22,38.61,8.2,2.0,2.0,40.0,10.0,876.5,0.0,56.2,2.47,46.8,828.4,-9999.0,-9999.0,-9999.0,-9999.0,-9999.0,-9999.0,-9999.0,0.0,0,1,"time.struct_time(tm_year=2022, tm_mon=9, tm_mday=6, tm_hour=21, tm_min=38, tm_sec=10, tm_wday=1, tm_yday=249, tm_isdst=-1)",2022-09-06,2022,9,249,6,38
2022-09-06 21:40:40,40.765926,-111.909508,1280.6,-9999.0,-9999.0,-9999.0,13.28,40.43,38.67,8.08,2.0,2.0,40.22,10.0,876.6,0.0,47.8,2.5,47.2,828.3,-9999.0,-9999.0,-9999.0,-9999.0,-9999.0,-9999.0,-9999.0,0.0,0,1,"time.struct_time(tm_year=2022, tm_mon=9, tm_mday=6, tm_hour=21, tm_min=40, tm_sec=40, tm_wday=1, tm_yday=249, tm_isdst=-1)",2022-09-06,2022,9,249,6,40
2022-09-06 21:43:10,40.765869,-111.909607,1293.9,-9999.0,-9999.0,-9999.0,13.28,40.61,38.37,8.22,2.0,2.0,40.28,9.0,876.7,0.0,48.3,2.48,47.7,828.3,-9999.0,-9999.0,-9999.0,-9999.0,-9999.0,-9999.0,-9999.0,0.0,0,1,"time.struct_time(tm_year=2022, tm_mon=9, tm_mday=6, tm_hour=21, tm_min=43, tm_sec=10, tm_wday=1, tm_yday=249, tm_isdst=-1)",2022-09-06,2022,9,249,6,43
2022-09-06 21:45:40,40.765766,-111.909592,1305.1,-9999.0,-9999.0,-9999.0,13.29,40.78,38.45,7.73,3.0,2.0,40.39,9.0,876.6,0.0,44.2,2.46,48.1,828.3,-9999.0,-9999.0,-9999.0,-9999.0,-9999.0,-9999.0,-9999.0,0.0,0,1,"time.struct_time(tm_year=2022, tm_mon=9, tm_mday=6, tm_hour=21, tm_min=45, tm_sec=40, tm_wday=1, tm_yday=249, tm_isdst=-1)",2022-09-06,2022,9,249,6,45
2022-09-06 21:48:10,40.765594,-111.909576,1304.8,-9999.0,-9999.0,-9999.0,13.29,40.94,38.45,8.05,2.0,2.0,40.5,9.0,876.7,0.0,31.0,2.48,48.5,828.4,-9999.0,-9999.0,-9999.0,-9999.0,-9999.0,-9999.0,-9999.0,0.0,0,1,"time.struct_time(tm_year=2022, tm_mon=9, tm_mday=6, tm_hour=21, tm_min=48, tm_sec=10, tm_wday=1, tm_yday=249, tm_isdst=-1)",2022-09-06,2022,9,249,6,48
2022-09-06 21:50:40,40.765697,-111.909714,1296.1,-9999.0,-9999.0,-9999.0,13.29,41.09,38.69,7.58,5.0,2.0,40.61,9.0,876.5,0.0,-0.6,2.44,48.8,828.4,-9999.0,-9999.0,-9999.0,-9999.0,-9999.0,-9999.0,-9999.0,0.0,0,1,"time.struct_time(tm_year=2022, tm_mon=9, tm_mday=6, tm_hour=21, tm_min=50, tm_sec=40, tm_wday=1, tm_yday=249, tm_isdst=-1)",2022-09-06,2022,9,249,6,50
2022-09-07 16:32:50,40.765781,-111.90979,1309.1,-9999.0,-9999.0,-9999.0,13.52,27.9,30.24,18.31,4.0,2.0,27.61,17.0,879.0,0.0,30.0,2.42,28.4,830.3,-9999.0,-9999.0,-9999.0,-9999.0,-9999.0,-9999.0,-9999.0,0.0,0,1,"time.struct_time(tm_year=2022, tm_mon=9, tm_mday=7, tm_hour=16, tm_min=32, tm_sec=50, tm_wday=2, tm_yday=250, tm_isdst=-1)",2022-09-07,2022,9,250,7,32
2022-09-07 16:35:20,40.76582,-111.909676,1284.0,-9999.0,-9999.0,-9999.0,13.53,28.02,30.41,17.93,4.0,2.0,27.78,19.0,878.8,0.0,36.2,2.39,29.9,830.5,-9999.0,-9999.0,-9999.0,-9999.0,-9999.0,-9999.0,-9999.0,0.0,0,1,"time.struct_time(tm_year=2022, tm_mon=9, tm_mday=7, tm_hour=16, tm_min=35, tm_sec=20, tm_wday=2, tm_yday=250, tm_isdst=-1)",2022-09-07,2022,9,250,7,35
2022-09-07 16:37:50,40.765755,-111.909691,1275.2,-9999.0,-9999.0,-9999.0,13.53,28.18,30.59,17.66,4.0,2.0,28.0,20.0,878.9,0.0,29.9,2.43,31.1,830.8,-9999.0,-9999.0,-9999.0,-9999.0,-9999.0,-9999.0,-9999.0,0.0,0,1,"time.struct_time(tm_year=2022, tm_mon=9, tm_mday=7, tm_hour=16, tm_min=37, tm_sec=50, tm_wday=2, tm_yday=250, tm_isdst=-1)",2022-09-07,2022,9,250,7,37
2022-09-07 16:40:20,40.765926,-111.909683,1294.2,-9999.0,-9999.0,-9999.0,13.53,28.38,30.73,17.92,4.0,2.0,28.22,20.0,879.1,0.0,35.0,2.43,32.2,831.0,-9999.0,-9999.0,-9999.0,-9999.0,-9999.0,-9999.0,-9999.0,0.0,0,1,"time.struct_time(tm_year=2022, tm_mon=9, tm_mday=7, tm_hour=16, tm_min=40, tm_sec=20, tm_wday=2, tm_yday=250, tm_isdst=-1)",2022-09-07,2022,9,250,7,40
2022-09-07 16:42:50,40.765812,-111.90966,1273.0,-9999.0,-9999.0,-9999.0,13.52,28.61,30.89,17.45,4.0,2.0,28.39,20.0,878.9,0.0,32.8,2.45,33.1,831.1,-9999.0,-9999.0,-9999.0,-9999.0,-9999.0,-9999.0,-9999.0,0.0,0,1,"time.struct_time(tm_year=2022, tm_mon=9, tm_mday=7, tm_hour=16, tm_min=42, tm_sec=50, tm_wday=2, tm_yday=250, tm_isdst=-1)",2022-09-07,2022,9,250,7,42
2022-09-07 16:45:20,40.765652,-111.909691,1243.5,-9999.0,-9999.0,-9999.0,12.99,28.86,31.03,17.51,4.0,2.0,28.61,20.0,879.1,0.0,39.0,2.43,34.0,831.2,-9999.0,-9999.0,-9999.0,-9999.0,-9999.0,-9999.0,-9999.0,0.0,0,1,"time.struct_time(tm_year=2022, tm_mon=9, tm_mday=7, tm_hour=16, tm_min=45, tm_sec=20, tm_wday=2, tm_yday=250, tm_isdst=-1)",2022-09-07,2022,9,250,7,45
2022-09-07 16:47:50,40.765858,-111.909668,1238.0,-9999.0,-9999.0,-9999.0,13.49,29.12,31.13,17.39,4.0,2.0,28.78,20.0,878.9,0.0,35.3,2.44,34.7,831.3,-9999.0,-9999.0,-9999.0,-9999.0,-9999.0,-9999.0,-9999.0,0.0,0,1,"time.struct_time(tm_year=2022, tm_mon=9, tm_mday=7, tm_hour=16, tm_min=47, tm_sec=50, tm_wday=2, tm_yday=250, tm_isdst=-1)",2022-09-07,2022,9,250,7,47
2022-09-07 16:50:20,40.765781,-111.909752,1285.2,-9999.0,-9999.0,-9999.0,13.49,29.4,31.27,17.31,4.0,2.0,29.11,20.0,878.9,0.0,34.9,2.42,35.4,831.3,-9999.0,-9999.0,-9999.0,-9999.0,-9999.0,-9999.0,-9999.0,0.0,0,1,"time.struct_time(tm_year=2022, tm_mon=9, tm_mday=7, tm_hour=16, tm_min=50, tm_sec=20, tm_wday=2, tm_yday=250, tm_isdst=-1)",2022-09-07,2022,9,250,7,50
2022-09-07 16:52:50,40.765793,-111.90963,1260.8,-9999.0,-9999.0,-9999.0,13.49,29.67,31.39,17.41,5.0,2.0,29.28,20.0,878.9,0.0,38.2,2.44,36.1,831.4,-9999.0,-9999.0,-9999.0,-9999.0,-9999.0,-9999.0,-9999.0,0.0,0,1,"time.struct_time(tm_year=2022, tm_mon=9, tm_mday=7, tm_hour=16, tm_min=52, tm_sec=50, tm_wday=2, tm_yday=250, tm_isdst=-1)",2022-09-07,2022,9,250,7,52
2022-09-07 16:55:20,40.765766,-111.909576,1245.8,-9999.0,-9999.0,-9999.0,13.49,29.94,31.47,17.41,6.0,2.0,29.5,20.0,878.9,0.0,38.9,2.47,36.7,831.5,-9999.0,-9999.0,-9999.0,-9999.0,-9999.0,-9999.0,-9999.0,0.0,0,1,"time.struct_time(tm_year=2022, tm_mon=9, tm_mday=7, tm_hour=16, tm_min=55, tm_sec=20, tm_wday=2, tm_yday=250, tm_isdst=-1)",2022-09-07,2022,9,250,7,55
2022-09-07 16:57:50,40.765724,-111.909584,1288.3,-9999.0,-9999.0,-9999.0,13.49,30.22,31.49,17.39,5.0,2.0,29.78,20.0,879.0,0.0,37.3,2.44,37.2,831.4,-9999.0,-9999.0,-9999.0,-9999.0,-9999.0,-9999.0,-9999.0,0.0,0,1,"time.struct_time(tm_year=2022, tm_mon=9, tm_mday=7, tm_hour=16, tm_min=57, tm_sec=50, tm_wday=2, tm_yday=250, tm_isdst=-1)",2022-09-07,2022,9,250,7,57
2022-09-07 17:00:20,40.765797,-111.909813,1321.6,-9999.0,-9999.0,-9999.0,13.46,30.48,31.64,17.47,7.0,2.0,30.0,20.0,879.0,0.0,35.5,2.46,37.7,831.4,-9999.0,-9999.0,-9999.0,-9999.0,-9999.0,-9999.0,-9999.0,0.0,0,1,"time.struct_time(tm_year=2022, tm_mon=9, tm_mday=7, tm_hour=17, tm_min=0, tm_sec=20, tm_wday=2, tm_yday=250, tm_isdst=-1)",2022-09-07,2022,9,250,7,0
2022-09-07 17:02:50,40.765636,-111.909653,1264.4,-9999.0,-9999.0,-9999.0,13.46,30.75,31.71,16.87,6.0,2.0,30.22,20.0,878.9,0.0,36.4,2.44,38.2,831.4,-9999.0,-9999.0,-9999.0,-9999.0,-9999.0,-9999.0,-9999.0,0.0,0,1,"time.struct_time(tm_year=2022, tm_mon=9, tm_mday=7, tm_hour=17, tm_min=2, tm_sec=50, tm_wday=2, tm_yday=250, tm_isdst=-1)",2022-09-07,2022,9,250,7,2
2022-09-07 17:05:20,40.765728,-111.909676,1256.2,-9999.0,-9999.0,-9999.0,13.46,31.0,31.81,16.37,6.0,2.0,30.39,19.0,878.9,0.0,30.3,2.44,38.7,831.5,-9999.0,-9999.0,-9999.0,-9999.0,-9999.0,-9999.0,-9999.0,0.0,0,1,"time.struct_time(tm_year=2022, tm_mon=9, tm_mday=7, tm_hour=17, tm_min=5, tm_sec=20, tm_wday=2, tm_yday=250, tm_isdst=-1)",2022-09-07,2022,9,250,7,5
2022-09-07 17:07:50,40.765858,-111.909637,1274.9,-9999.0,-9999.0,-9999.0,13.46,31.26,31.95,16.05,9.0,2.0,30.61,19.0,878.8,0.0,30.0,2.46,39.1,831.4,-9999.0,-9999.0,-9999.0,-9999.0,-9999.0,-9999.0,-9999.0,0.0,0,1,"time.struct_time(tm_year=2022, tm_mon=9, tm_mday=7, tm_hour=17, tm_min=7, tm_sec=50, tm_wday=2, tm_yday=250, tm_isdst=-1)",2022-09-07,2022,9,250,7,7
2022-09-07 17:10:20,40.765713,-111.909554,1266.2,-9999.0,-9999.0,-9999.0,13.46,31.5,32.06,16.23,8.0,2.0,30.78,19.0,878.8,0.0,37.9,2.45,39.5,831.4,-9999.0,-9999.0,-9999.0,-9999.0,-9999.0,-9999.0,-9999.0,0.0,0,1,"time.struct_time(tm_year=2022, tm_mon=9, tm_mday=7, tm_hour=17, tm_min=10, tm_sec=20, tm_wday=2, tm_yday=250, tm_isdst=-1)",2022-09-07,2022,9,250,7,10
2022-09-07 17:17:00,40.765854,-111.909622,1260.6,-9999.0,-9999.0,-9999.0,13.46,32.08,32.3,15.85,6.0,2.0,31.28,18.0,878.8,0.0,38.0,2.46,39.3,831.1,-9999.0,-9999.0,-9999.0,-9999.0,-9999.0,-9999.0,-9999.0,0.0,0,1,"time.struct_time(tm_year=2022, tm_mon=9, tm_mday=7, tm_hour=17, tm_min=17, tm_sec=0, tm_wday=2, tm_yday=250, tm_isdst=-1)",2022-09-07,2022,9,250,7,17
2022-09-07 17:19:30,40.765739,-111.909508,1264.9,-9999.0,-9999.0,-9999.0,13.46,32.27,32.4,15.99,6.0,2.0,31.5,18.0,878.7,0.0,37.3,2.44,39.8,831.2,-9999.0,-9999.0,-9999.0,-9999.0,-9999.0,-9999.0,-9999.0,0.0,0,1,"time.struct_time(tm_year=2022, tm_mon=9, tm_mday=7, tm_hour=17, tm_min=19, tm_sec=30, tm_wday=2, tm_yday=250, tm_isdst=-1)",2022-09-07,2022,9,250,7,19
2022-09-07 17:22:00,40.765713,-111.90966,1276.8,-9999.0,-9999.0,-9999.0,13.46,32.46,32.52,16.82,5.0,2.0,31.72,18.0,878.6,0.0,29.3,2.44,40.3,831.2,-9999.0,-9999.0,-9999.0,-9999.0,-9999.0,-9999.0,-9999.0,0.0,0,1,"time.struct_time(tm_year=2022, tm_mon=9, tm_mday=7, tm_hour=17, tm_min=22, tm_sec=0, tm_wday=2, tm_yday=250, tm_isdst=-1)",2022-09-07,2022,9,250,7,22
2022-09-07 17:24:30,40.765724,-111.909607,1279.1,-9999.0,-9999.0,-9999.0,13.46,32.67,32.66,16.6,6.0,2.0,31.89,18.0,878.8,0.0,39.1,2.43,40.7,831.2,-9999.0,-9999.0,-9999.0,-9999.0,-9999.0,-9999.0,-9999.0,0.0,0,1,"time.struct_time(tm_year=2022, tm_mon=9, tm_mday=7, tm_hour=17, tm_min=24, tm_sec=30, tm_wday=2, tm_yday=250, tm_isdst=-1)",2022-09-07,2022,9,250,7,24
2022-09-07 17:27:00,40.765728,-111.909676,1266.9,-9999.0,-9999.0,-9999.0,12.93,32.87,32.66,15.08,5.0,2.0,32.11,18.0,878.6,0.0,32.7,2.45,41.1,831.2,-9999.0,-9999.0,-9999.0,-9999.0,-9999.0,-9999.0,-9999.0,0.0,0,1,"time.struct_time(tm_year=2022, tm_mon=9, tm_mday=7, tm_hour=17, tm_min=27, tm_sec=0, tm_wday=2, tm_yday=250, tm_isdst=-1)",2022-09-07,2022,9,250,7,27
2022-09-07 17:29:30,40.765755,-111.909683,1266.0,-9999.0,-9999.0,-9999.0,13.42,33.08,32.8,16.38,6.0,2.0,32.22,18.0,878.8,0.0,30.7,2.48,41.5,831.2,-9999.0,-9999.0,-9999.0,-9999.0,-9999.0,-9999.0,-9999.0,0.0,0,1,"time.struct_time(tm_year=2022, tm_mon=9, tm_mday=7, tm_hour=17, tm_min=29, tm_sec=30, tm_wday=2, tm_yday=250, tm_isdst=-1)",2022-09-07,2022,9,250,7,29
2022-09-07 17:32:00,40.765774,-111.909554,1280.4,-9999.0,-9999.0,-9999.0,13.42,33.29,32.96,16.24,4.0,2.0,32.5,18.0,878.8,0.0,30.2,2.48,41.9,831.2,-9999.0,-9999.0,-9999.0,-9999.0,-9999.0,-9999.0,-9999.0,0.0,0,1,"time.struct_time(tm_year=2022, tm_mon=9, tm_mday=7, tm_hour=17, tm_min=32, tm_sec=0, tm_wday=2, tm_yday=250, tm_isdst=-1)",2022-09-07,2022,9,250,7,32
2022-09-07 17:34:30,40.76561,-111.909645,1288.0,-9999.0,-9999.0,-9999.0,13.42,33.5,33.14,17.12,5.0,2.0,32.72,18.0,878.7,0.0,26.9,2.5,42.2,831.1,-9999.0,-9999.0,-9999.0,-9999.0,-9999.0,-9999.0,-9999.0,0.0,0,1,"time.struct_time(tm_year=2022, tm_mon=9, tm_mday=7, tm_hour=17, tm_min=34, tm_sec=30, tm_wday=2, tm_yday=250, tm_isdst=-1)",2022-09-07,2022,9,250,7,34
2022-09-07 17:37:00,40.765903,-111.909615,1300.9,-9999.0,-9999.0,-9999.0,13.43,33.72,33.3,16.62,6.0,2.0,32.89,18.0,878.5,0.0,26.0,2.45,42.5,831.1,-9999.0,-9999.0,-9999.0,-9999.0,-9999.0,-9999.0,-9999.0,0.0,0,1,"time.struct_time(tm_year=2022, tm_mon=9, tm_mday=7, tm_hour=17, tm_min=37, tm_sec=0, tm_wday=2, tm_yday=250, tm_isdst=-1)",2022-09-07,2022,9,250,7,37
2022-09-07 17:39:30,40.765759,-111.909737,1303.7,-9999.0,-9999.0,-9999.0,13.43,33.94,33.56,16.14,6.0,2.0,33.11,18.0,878.5,0.0,27.7,2.46,42.8,830.9,-9999.0,-9999.0,-9999.0,-9999.0,-9999.0,-9999.0,-9999.0,0.0,0,1,"time.struct_time(tm_year=2022, tm_mon=9, tm_mday=7, tm_hour=17, tm_min=39, tm_sec=30, tm_wday=2, tm_yday=250, tm_isdst=-1)",2022-09-07,2022,9,250,7,39
2022-09-07 17:42:00,40.765781,-111.909576,1306.9,-9999.0,-9999.0,-9999.0,13.42,34.16,33.63,15.62,8.0,2.0,33.28,18.0,878.7,0.0,27.7,2.49,43.1,831.0,-9999.0,-9999.0,-9999.0,-9999.0,-9999.0,-9999.0,-9999.0,0.0,0,1,"time.struct_time(tm_year=2022, tm_mon=9, tm_mday=7, tm_hour=17, tm_min=42, tm_sec=0, tm_wday=2, tm_yday=250, tm_isdst=-1)",2022-09-07,2022,9,250,7,42
2022-09-07 17:44:30,40.76582,-111.909737,1310.3,-9999.0,-9999.0,-9999.0,13.43,34.38,33.69,15.41,7.0,2.0,33.5,17.0,878.7,0.0,30.3,2.46,43.4,830.9,-9999.0,-9999.0,-9999.0,-9999.0,-9999.0,-9999.0,-9999.0,0.0,0,1,"time.struct_time(tm_year=2022, tm_mon=9, tm_mday=7, tm_hour=17, tm_min=44, tm_sec=30, tm_wday=2, tm_yday=250, tm_isdst=-1)",2022-09-07,2022,9,250,7,44
2022-09-07 17:47:00,40.765873,-111.909782,1306.1,-9999.0,-9999.0,-9999.0,13.39,34.59,33.78,15.5,6.0,2.0,33.78,17.0,878.4,0.0,27.9,2.42,43.7,830.9,-9999.0,-9999.0,-9999.0,-9999.0,-9999.0,-9999.0,-9999.0,0.0,0,1,"time.struct_time(tm_year=2022, tm_mon=9, tm_mday=7, tm_hour=17, tm_min=47, tm_sec=0, tm_wday=2, tm_yday=250, tm_isdst=-1)",2022-09-07,2022,9,250,7,47
2022-09-07 17:49:30,40.766041,-111.909637,1303.8,-9999.0,-9999.0,-9999.0,13.39,34.86,33.94,14.53,7.0,2.0,34.0,17.0,878.4,0.0,30.9,2.45,44.0,830.8,-9999.0,-9999.0,-9999.0,-9999.0,-9999.0,-9999.0,-9999.0,0.0,0,1,"time.struct_time(tm_year=2022, tm_mon=9, tm_mday=7, tm_hour=17, tm_min=49, tm_sec=30, tm_wday=2, tm_yday=250, tm_isdst=-1)",2022-09-07,2022,9,250,7,49
2022-09-07 17:52:00,40.765839,-111.909622,1303.6,-9999.0,-9999.0,-9999.0,13.39,35.25,33.93,14.7,6.0,2.0,34.39,16.0,878.4,0.0,23.8,2.47,44.3,830.9,-9999.0,-9999.0,-9999.0,-9999.0,-9999.0,-9999.0,-9999.0,0.0,0,1,"time.struct_time(tm_year=2022, tm_mon=9, tm_mday=7, tm_hour=17, tm_min=52, tm_sec=0, tm_wday=2, tm_yday=250, tm_isdst=-1)",2022-09-07,2022,9,250,7,52
2022-09-07 17:54:30,40.765774,-111.909492,1294.9,-9999.0,-9999.0,-9999.0,13.39,35.63,34.09,13.93,5.0,2.0,34.61,16.0,878.6,0.0,27.2,2.45,44.5,830.8,-9999.0,-9999.0,-9999.0,-9999.0,-9999.0,-9999.0,-9999.0,0.0,0,1,"time.struct_time(tm_year=2022, tm_mon=9, tm_mday=7, tm_hour=17, tm_min=54, tm_sec=30, tm_wday=2, tm_yday=250, tm_isdst=-1)",2022-09-07,2022,9,250,7,54
2022-09-07 17:57:00,40.765812,-111.909584,1298.1,-9999.0,-9999.0,-9999.0,13.39,35.96,34.25,13.63,6.0,2.0,34.89,15.0,878.5,0.0,31.6,2.47,44.8,830.7,-9999.0,-9999.0,-9999.0,-9999.0,-9999.0,-9999.0,-9999.0,0.0,0,1,"time.struct_time(tm_year=2022, tm_mon=9, tm_mday=7, tm_hour=17, tm_min=57, tm_sec=0, tm_wday=2, tm_yday=250, tm_isdst=-1)",2022-09-07,2022,9,250,7,57
2022-09-07 17:59:30,40.765785,-111.909355,1308.6,-9999.0,-9999.0,-9999.0,13.39,36.24,34.33,12.43,4.0,2.0,35.11,15.0,878.4,0.0,35.5,2.46,45.0,830.7,-9999.0,-9999.0,-9999.0,-9999.0,-9999.0,-9999.0,-9999.0,0.0,0,1,"time.struct_time(tm_year=2022, tm_mon=9, tm_mday=7, tm_hour=17, tm_min=59, tm_sec=30, tm_wday=2, tm_yday=250, tm_isdst=-1)",2022-09-07,2022,9,250,7,59
2022-09-07 18:02:00,40.765701,-111.909714,1287.0,-9999.0,-9999.0,-9999.0,13.39,36.49,34.49,13.07,5.0,2.0,35.28,15.0,878.5,0.0,37.7,2.46,45.2,830.6,-9999.0,-9999.0,-9999.0,-9999.0,-9999.0,-9999.0,-9999.0,0.0,0,1,"time.struct_time(tm_year=2022, tm_mon=9, tm_mday=7, tm_hour=18, tm_min=2, tm_sec=0, tm_wday=2, tm_yday=250, tm_isdst=-1)",2022-09-07,2022,9,250,7,2
2022-09-07 18:04:30,40.765549,-111.90976,1292.0,-9999.0,-9999.0,-9999.0,13.35,36.72,34.63,12.64,6.0,2.0,35.5,14.0,878.3,0.0,32.0,2.46,45.5,830.7,-9999.0,-9999.0,-9999.0,-9999.0,-9999.0,-9999.0,-9999.0,0.0,0,1,"time.struct_time(tm_year=2022, tm_mon=9, tm_mday=7, tm_hour=18, tm_min=4, tm_sec=30, tm_wday=2, tm_yday=250, tm_isdst=-1)",2022-09-07,2022,9,250,7,4
2022-09-07 18:07:00,40.765751,-111.909676,1291.7,-9999.0,-9999.0,-9999.0,13.36,36.94,34.79,10.94,5.0,2.0,35.72,13.0,878.3,0.0,43.0,2.48,45.7,830.6,-9999.0,-9999.0,-9999.0,-9999.0,-9999.0,-9999.0,-9999.0,0.0,0,1,"time.struct_time(tm_year=2022, tm_mon=9, tm_mday=7, tm_hour=18, tm_min=7, tm_sec=0, tm_wday=2, tm_yday=250, tm_isdst=-1)",2022-09-07,2022,9,250,7,7
2022-09-07 18:09:30,40.765694,-111.9095,1297.5,-9999.0,-9999.0,-9999.0,13.35,37.13,34.87,10.96,5.0,2.0,35.89,13.0,878.5,0.0,48.7,2.47,45.9,830.6,-9999.0,-9999.0,-9999.0,-9999.0,-9999.0,-9999.0,-9999.0,0.0,0,1,"time.struct_time(tm_year=2022, tm_mon=9, tm_mday=7, tm_hour=18, tm_min=9, tm_sec=30, tm_wday=2, tm_yday=250, tm_isdst=-1)",2022-09-07,2022,9,250,7,9
2022-09-07 18:12:00,40.765652,-111.909683,1303.0,-9999.0,-9999.0,-9999.0,13.36,37.32,34.99,11.75,5.0,2.0,36.11,13.0,878.2,0.0,40.2,2.45,46.1,830.5,-9999.0,-9999.0,-9999.0,-9999.0,-9999.0,-9999.0,-9999.0,0.0,0,1,"time.struct_time(tm_year=2022, tm_mon=9, tm_mday=7, tm_hour=18, tm_min=12, tm_sec=0, tm_wday=2, tm_yday=250, tm_isdst=-1)",2022-09-07,2022,9,250,7,12
2022-09-07 18:14:30,40.765682,-111.909698,1286.1,-9999.0,-9999.0,-9999.0,13.35,37.5,35.23,12.13,6.0,2.0,36.22,13.0,878.1,0.0,40.1,2.45,46.3,830.5,-9999.0,-9999.0,-9999.0,-9999.0,-9999.0,-9999.0,-9999.0,0.0,0,1,"time.struct_time(tm_year=2022, tm_mon=9, tm_mday=7, tm_hour=18, tm_min=14, tm_sec=30, tm_wday=2, tm_yday=250, tm_isdst=-1)",2022-09-07,2022,9,250,7,14
2022-09-07 18:18:05,40.765694,-111.909576,1290.3,-9999.0,-9999.0,-9999.0,13.36,37.73,35.7,10.74,4.0,2.0,36.5,13.0,878.1,0.0,47.0,2.46,46.6,830.3,-9999.0,-9999.0,-9999.0,-9999.0,-9999.0,-9999.0,-9999.0,0.0,0,1,"time.struct_time(tm_year=2022, tm_mon=9, tm_mday=7, tm_hour=18, tm_min=18, tm_sec=5, tm_wday=2, tm_yday=250, tm_isdst=-1)",2022-09-07,2022,9,250,7,18
2022-09-07 18:20:35,40.765736,-111.909531,1276.7,-9999.0,-9999.0,-9999.0,13.35,37.89,36.25,11.08,4.0,2.0,36.61,13.0,878.2,0.0,42.8,2.47,46.8,830.2,-9999.0,-9999.0,-9999.0,-9999.0,-9999.0,-9999.0,-9999.0,0.0,0,1,"time.struct_time(tm_year=2022, tm_mon=9, tm_mday=7, tm_hour=18, tm_min=20, tm_sec=35, tm_wday=2, tm_yday=250, tm_isdst=-1)",2022-09-07,2022,9,250,7,20
2022-09-07 18:23:05,40.765728,-111.909584,1279.0,-9999.0,-9999.0,-9999.0,13.36,38.06,36.62,10.5,4.0,2.0,36.78,13.0,878.0,0.0,44.6,2.45,47.0,830.2,-9999.0,-9999.0,-9999.0,-9999.0,-9999.0,-9999.0,-9999.0,0.0,0,1,"time.struct_time(tm_year=2022, tm_mon=9, tm_mday=7, tm_hour=18, tm_min=23, tm_sec=5, tm_wday=2, tm_yday=250, tm_isdst=-1)",2022-09-07,2022,9,250,7,23
2022-09-07 18:25:35,40.76577,-111.909653,1274.4,-9999.0,-9999.0,-9999.0,13.35,38.22,36.78,10.43,4.0,2.0,37.0,13.0,878.1,0.0,46.5,2.46,47.2,830.3,-9999.0,-9999.0,-9999.0,-9999.0,-9999.0,-9999.0,-9999.0,0.0,0,1,"time.struct_time(tm_year=2022, tm_mon=9, tm_mday=7, tm_hour=18, tm_min=25, tm_sec=35, tm_wday=2, tm_yday=250, tm_isdst=-1)",2022-09-07,2022,9,250,7,25
2022-09-07 18:28:05,40.765804,-111.909645,1274.1,-9999.0,-9999.0,-9999.0,13.32,38.38,37.04,10.44,4.0,2.0,37.11,13.0,878.2,0.0,48.7,2.48,47.4,830.2,-9999.0,-9999.0,-9999.0,-9999.0,-9999.0,-9999.0,-9999.0,0.0,0,1,"time.struct_time(tm_year=2022, tm_mon=9, tm_mday=7, tm_hour=18, tm_min=28, tm_sec=5, tm_wday=2, tm_yday=250, tm_isdst=-1)",2022-09-07,2022,9,250,7,28
2022-09-07 18:30:35,40.765854,-111.909798,1273.2,-9999.0,-9999.0,-9999.0,13.32,38.53,37.34,10.8,5.0,2.0,37.28,13.0,878.2,0.0,49.5,2.47,47.6,830.1,-9999.0,-9999.0,-9999.0,-9999.0,-9999.0,-9999.0,-9999.0,0.0,0,1,"time.struct_time(tm_year=2022, tm_mon=9, tm_mday=7, tm_hour=18, tm_min=30, tm_sec=35, tm_wday=2, tm_yday=250, tm_isdst=-1)",2022-09-07,2022,9,250,7,30
2022-09-07 18:34:10,40.765785,-111.909721,1269.3,-9999.0,-9999.0,-9999.0,13.32,38.77,37.75,10.3,4.0,2.0,37.61,12.0,878.1,0.0,50.8,2.45,47.8,830.0,-9999.0,-9999.0,-9999.0,-9999.0,-9999.0,-9999.0,-9999.0,0.0,0,1,"time.struct_time(tm_year=2022, tm_mon=9, tm_mday=7, tm_hour=18, tm_min=34, tm_sec=10, tm_wday=2, tm_yday=250, tm_isdst=-1)",2022-09-07,2022,9,250,7,34
2022-09-07 18:36:40,40.765823,-111.909546,1286.6,-9999.0,-9999.0,-9999.0,13.32,38.93,37.86,10.52,4.0,2.0,37.72,12.0,878.1,0.0,48.2,2.45,48.0,830.1,-9999.0,-9999.0,-9999.0,-9999.0,-9999.0,-9999.0,-9999.0,0.0,0,1,"time.struct_time(tm_year=2022, tm_mon=9, tm_mday=7, tm_hour=18, tm_min=36, tm_sec=40, tm_wday=2, tm_yday=250, tm_isdst=-1)",2022-09-07,2022,9,250,7,36
2022-09-07 18:39:10,40.765877,-111.909531,1284.5,-9999.0,-9999.0,-9999.0,13.32,39.08,37.85,10.07,4.0,2.0,37.89,12.0,878.1,0.0,55.1,2.46,48.2,829.9,-9999.0,-9999.0,-9999.0,-9999.0,-9999.0,-9999.0,-9999.0,0.0,0,1,"time.struct_time(tm_year=2022, tm_mon=9, tm_mday=7, tm_hour=18, tm_min=39, tm_sec=10, tm_wday=2, tm_yday=250, tm_isdst=-1)",2022-09-07,2022,9,250,7,39
2022-09-07 18:41:40,40.76585,-111.909401,1286.8,-9999.0,-9999.0,-9999.0,13.32,39.22,37.73,10.47,6.0,2.0,38.11,12.0,877.9,0.0,53.5,2.46,48.3,829.9,-9999.0,-9999.0,-9999.0,-9999.0,-9999.0,-9999.0,-9999.0,0.0,0,1,"time.struct_time(tm_year=2022, tm_mon=9, tm_mday=7, tm_hour=18, tm_min=41, tm_sec=40, tm_wday=2, tm_yday=250, tm_isdst=-1)",2022-09-07,2022,9,250,7,41
2022-09-07 18:44:10,40.765732,-111.909615,1284.2,-9999.0,-9999.0,-9999.0,13.28,39.35,37.32,10.35,5.0,2.0,38.22,12.0,877.7,0.0,50.8,2.46,48.5,829.9,-9999.0,-9999.0,-9999.0,-9999.0,-9999.0,-9999.0,-9999.0,0.0,0,1,"time.struct_time(tm_year=2022, tm_mon=9, tm_mday=7, tm_hour=18, tm_min=44, tm_sec=10, tm_wday=2, tm_yday=250, tm_isdst=-1)",2022-09-07,2022,9,250,7,44
2022-09-07 18:46:40,40.765907,-111.909485,1277.7,-9999.0,-9999.0,-9999.0,13.28,39.47,37.46,10.12,4.0,2.0,38.28,12.0,877.8,0.0,51.4,2.47,48.7,829.7,-9999.0,-9999.0,-9999.0,-9999.0,-9999.0,-9999.0,-9999.0,0.0,0,1,"time.struct_time(tm_year=2022, tm_mon=9, tm_mday=7, tm_hour=18, tm_min=46, tm_sec=40, tm_wday=2, tm_yday=250, tm_isdst=-1)",2022-09-07,2022,9,250,7,46
2022-09-07 18:49:10,40.765888,-111.9095,1278.6,-9999.0,-9999.0,-9999.0,13.29,39.58,37.59,10.77,5.0,2.0,38.39,12.0,877.7,0.0,48.8,2.49,48.8,829.7,-9999.0,-9999.0,-9999.0,-9999.0,-9999.0,-9999.0,-9999.0,0.0,0,1,"time.struct_time(tm_year=2022, tm_mon=9, tm_mday=7, tm_hour=18, tm_min=49, tm_sec=10, tm_wday=2, tm_yday=250, tm_isdst=-1)",2022-09-07,2022,9,250,7,49
2022-09-07 18:51:40,40.765793,-111.909607,1282.6,-9999.0,-9999.0,-9999.0,13.28,39.7,37.67,10.06,4.0,2.0,38.61,12.0,877.7,0.0,53.7,2.46,49.0,829.8,-9999.0,-9999.0,-9999.0,-9999.0,-9999.0,-9999.0,-9999.0,0.0,0,1,"time.struct_time(tm_year=2022, tm_mon=9, tm_mday=7, tm_hour=18, tm_min=51, tm_sec=40, tm_wday=2, tm_yday=250, tm_isdst=-1)",2022-09-07,2022,9,250,7,51
2022-09-07 18:54:10,40.765827,-111.909668,1289.1,-9999.0,-9999.0,-9999.0,13.28,39.81,37.26,10.63,5.0,2.0,38.72,11.0,877.8,0.0,59.9,2.49,49.1,829.7,-9999.0,-9999.0,-9999.0,-9999.0,-9999.0,-9999.0,-9999.0,0.0,0,1,"time.struct_time(tm_year=2022, tm_mon=9, tm_mday=7, tm_hour=18, tm_min=54, tm_sec=10, tm_wday=2, tm_yday=250, tm_isdst=-1)",2022-09-07,2022,9,250,7,54
2022-09-07 18:56:40,40.76593,-111.90963,1290.8,-9999.0,-9999.0,-9999.0,13.28,39.91,37.02,10.58,4.0,2.0,38.78,11.0,877.9,0.0,61.7,2.48,49.3,829.7,-9999.0,-9999.0,-9999.0,-9999.0,-9999.0,-9999.0,-9999.0,0.0,0,1,"time.struct_time(tm_year=2022, tm_mon=9, tm_mday=7, tm_hour=18, tm_min=56, tm_sec=40, tm_wday=2, tm_yday=250, tm_isdst=-1)",2022-09-07,2022,9,250,7,56
2022-09-07 18:59:10,40.765732,-111.909737,1277.0,-9999.0,-9999.0,-9999.0,13.28,40.01,37.26,10.99,5.0,2.0,38.89,12.0,877.7,0.0,51.9,2.48,49.4,829.4,-9999.0,-9999.0,-9999.0,-9999.0,-9999.0,-9999.0,-9999.0,0.0,0,1,"time.struct_time(tm_year=2022, tm_mon=9, tm_mday=7, tm_hour=18, tm_min=59, tm_sec=10, tm_wday=2, tm_yday=250, tm_isdst=-1)",2022-09-07,2022,9,250,7,59
2022-09-07 19:01:40,40.765743,-111.909645,1270.1,-9999.0,-9999.0,-9999.0,13.28,40.1,37.22,10.12,5.0,2.0,39.0,11.0,877.6,0.0,54.8,2.5,49.5,829.5,-9999.0,-9999.0,-9999.0,-9999.0,-9999.0,-9999.0,-9999.0,0.0,0,1,"time.struct_time(tm_year=2022, tm_mon=9, tm_mday=7, tm_hour=19, tm_min=1, tm_sec=40, tm_wday=2, tm_yday=250, tm_isdst=-1)",2022-09-07,2022,9,250,7,1
2022-09-07 19:04:10,40.765736,-111.909729,1271.2,-9999.0,-9999.0,-9999.0,13.29,40.18,37.08,10.44,5.0,2.0,39.11,11.0,877.5,0.0,6.2,2.46,49.7,829.6,-9999.0,-9999.0,-9999.0,-9999.0,-9999.0,-9999.0,-9999.0,0.0,0,1,"time.struct_time(tm_year=2022, tm_mon=9, tm_mday=7, tm_hour=19, tm_min=4, tm_sec=10, tm_wday=2, tm_yday=250, tm_isdst=-1)",2022-09-07,2022,9,250,7,4
2022-09-07 19:06:40,40.765701,-111.909721,1267.5,-9999.0,-9999.0,-9999.0,13.29,40.26,37.27,10.05,6.0,2.0,39.22,11.0,877.8,0.0,49.8,2.47,49.8,829.5,-9999.0,-9999.0,-9999.0,-9999.0,-9999.0,-9999.0,-9999.0,0.0,0,1,"time.struct_time(tm_year=2022, tm_mon=9, tm_mday=7, tm_hour=19, tm_min=6, tm_sec=40, tm_wday=2, tm_yday=250, tm_isdst=-1)",2022-09-07,2022,9,250,7,6
2022-09-07 19:09:10,40.765839,-111.909698,1264.4,-9999.0,-9999.0,-9999.0,13.29,40.33,36.83,10.05,5.0,2.0,39.28,11.0,877.5,0.0,55.5,2.47,49.9,829.4,-9999.0,-9999.0,-9999.0,-9999.0,-9999.0,-9999.0,-9999.0,0.0,0,1,"time.struct_time(tm_year=2022, tm_mon=9, tm_mday=7, tm_hour=19, tm_min=9, tm_sec=10, tm_wday=2, tm_yday=250, tm_isdst=-1)",2022-09-07,2022,9,250,7,9
2022-09-07 19:11:40,40.765957,-111.909607,1268.0,-9999.0,-9999.0,-9999.0,13.29,40.39,36.7,10.16,5.0,2.0,39.28,11.0,877.6,0.0,60.8,2.48,50.0,829.2,-9999.0,-9999.0,-9999.0,-9999.0,-9999.0,-9999.0,-9999.0,0.0,0,1,"time.struct_time(tm_year=2022, tm_mon=9, tm_mday=7, tm_hour=19, tm_min=11, tm_sec=40, tm_wday=2, tm_yday=250, tm_isdst=-1)",2022-09-07,2022,9,250,7,11
2022-09-07 19:14:10,40.765614,-111.909737,1265.0,-9999.0,-9999.0,-9999.0,13.29,40.45,36.65,10.09,4.0,2.0,39.39,10.0,877.5,0.0,60.1,2.49,50.1,829.5,-9999.0,-9999.0,-9999.0,-9999.0,-9999.0,-9999.0,-9999.0,0.0,1,1,"time.struct_time(tm_year=2022, tm_mon=9, tm_mday=7, tm_hour=19, tm_min=14, tm_sec=10, tm_wday=2, tm_yday=250, tm_isdst=-1)",2022-09-07,2022,9,250,7,14
2022-09-07 19:17:45,40.765766,-111.90966,1261.1,-9999.0,-9999.0,-9999.0,13.28,40.51,36.7,10.22,4.0,2.0,39.5,10.0,877.6,0.0,63.2,2.5,50.2,829.4,-9999.0,-9999.0,-9999.0,-9999.0,-9999.0,-9999.0,-9999.0,0.0,1,1,"time.struct_time(tm_year=2022, tm_mon=9, tm_mday=7, tm_hour=19, tm_min=17, tm_sec=45, tm_wday=2, tm_yday=250, tm_isdst=-1)",2022-09-07,2022,9,250,7,17
2022-09-07 19:20:15,40.765743,-111.909615,1270.3,-9999.0,-9999.0,-9999.0,13.29,40.54,36.88,9.92,5.0,2.0,39.5,10.0,877.7,0.0,61.4,2.47,50.3,829.2,-9999.0,-9999.0,-9999.0,-9999.0,-9999.0,-9999.0,-9999.0,0.0,1,1,"time.struct_time(tm_year=2022, tm_mon=9, tm_mday=7, tm_hour=19, tm_min=20, tm_sec=15, tm_wday=2, tm_yday=250, tm_isdst=-1)",2022-09-07,2022,9,250,7,20
2022-09-07 19:22:45,40.765797,-111.909828,1262.5,-9999.0,-9999.0,-9999.0,13.29,40.58,37.05,9.97,6.0,2.0,39.61,10.0,877.6,0.0,69.6,2.47,50.4,829.2,-9999.0,-9999.0,-9999.0,-9999.0,-9999.0,-9999.0,-9999.0,0.0,1,1,"time.struct_time(tm_year=2022, tm_mon=9, tm_mday=7, tm_hour=19, tm_min=22, tm_sec=45, tm_wday=2, tm_yday=250, tm_isdst=-1)",2022-09-07,2022,9,250,7,22
2022-09-07 19:25:15,40.765774,-111.909714,1256.0,-9999.0,-9999.0,-9999.0,13.29,40.61,37.12,10.14,4.0,2.0,39.61,10.0,877.4,0.0,65.8,2.48,50.5,829.2,-9999.0,-9999.0,-9999.0,-9999.0,-9999.0,-9999.0,-9999.0,0.0,1,1,"time.struct_time(tm_year=2022, tm_mon=9, tm_mday=7, tm_hour=19, tm_min=25, tm_sec=15, tm_wday=2, tm_yday=250, tm_isdst=-1)",2022-09-07,2022,9,250,7,25
2022-09-07 19:27:45,40.765739,-111.909714,1263.9,-9999.0,-9999.0,-9999.0,13.29,40.64,37.14,10.2,5.0,2.0,39.72,10.0,877.5,0.0,63.9,2.48,50.6,829.2,-9999.0,-9999.0,-9999.0,-9999.0,-9999.0,-9999.0,-9999.0,0.0,1,1,"time.struct_time(tm_year=2022, tm_mon=9, tm_mday=7, tm_hour=19, tm_min=27, tm_sec=45, tm_wday=2, tm_yday=250, tm_isdst=-1)",2022-09-07,2022,9,250,7,27
2022-09-07 19:30:15,40.765766,-111.909706,1261.5,-9999.0,-9999.0,-9999.0,13.28,40.68,37.24,10.29,6.0,2.0,39.72,10.0,877.3,0.0,73.1,2.45,50.7,829.0,-9999.0,-9999.0,-9999.0,-9999.0,-9999.0,-9999.0,-9999.0,0.0,1,1,"time.struct_time(tm_year=2022, tm_mon=9, tm_mday=7, tm_hour=19, tm_min=30, tm_sec=15, tm_wday=2, tm_yday=250, tm_isdst=-1)",2022-09-07,2022,9,250,7,30
2022-09-07 19:32:45,40.765804,-111.909645,1255.3,-9999.0,-9999.0,-9999.0,13.29,40.71,37.12,10.24,5.0,2.0,39.78,10.0,877.2,0.0,45.3,2.48,50.7,829.1,-9999.0,-9999.0,-9999.0,-9999.0,-9999.0,-9999.0,-9999.0,0.0,1,1,"time.struct_time(tm_year=2022, tm_mon=9, tm_mday=7, tm_hour=19, tm_min=32, tm_sec=45, tm_wday=2, tm_yday=250, tm_isdst=-1)",2022-09-07,2022,9,250,7,32
2022-09-07 19:35:15,40.765713,-111.90966,1260.9,-9999.0,-9999.0,-9999.0,13.29,40.74,37.02,9.76,5.0,2.0,39.78,10.0,877.3,0.0,62.8,2.46,50.8,829.1,-9999.0,-9999.0,-9999.0,-9999.0,-9999.0,-9999.0,-9999.0,0.0,1,1,"time.struct_time(tm_year=2022, tm_mon=9, tm_mday=7, tm_hour=19, tm_min=35, tm_sec=15, tm_wday=2, tm_yday=250, tm_isdst=-1)",2022-09-07,2022,9,250,7,35
2022-09-07 19:37:45,40.7658,-111.909698,1261.3,-9999.0,-9999.0,-9999.0,13.29,40.76,37.0,9.34,6.0,2.0,39.89,10.0,877.4,0.0,61.8,2.48,50.9,828.9,-9999.0,-9999.0,-9999.0,-9999.0,-9999.0,-9999.0,-9999.0,0.0,1,1,"time.struct_time(tm_year=2022, tm_mon=9, tm_mday=7, tm_hour=19, tm_min=37, tm_sec=45, tm_wday=2, tm_yday=250, tm_isdst=-1)",2022-09-07,2022,9,250,7,37
2022-09-07 19:40:15,40.765808,-111.90966,1257.3,-9999.0,-9999.0,-9999.0,13.29,40.79,37.18,9.29,5.0,2.0,39.89,9.0,877.4,0.0,64.6,2.5,50.9,828.9,-9999.0,-9999.0,-9999.0,-9999.0,-9999.0,-9999.0,-9999.0,0.0,1,1,"time.struct_time(tm_year=2022, tm_mon=9, tm_mday=7, tm_hour=19, tm_min=40, tm_sec=15, tm_wday=2, tm_yday=250, tm_isdst=-1)",2022-09-07,2022,9,250,7,40
2022-09-07 19:42:45,40.765869,-111.909645,1265.9,-9999.0,-9999.0,-9999.0,13.28,40.82,37.37,9.31,5.0,2.0,39.89,9.0,877.2,0.0,66.0,2.47,51.0,828.7,-9999.0,-9999.0,-9999.0,-9999.0,-9999.0,-9999.0,-9999.0,0.0,1,1,"time.struct_time(tm_year=2022, tm_mon=9, tm_mday=7, tm_hour=19, tm_min=42, tm_sec=45, tm_wday=2, tm_yday=250, tm_isdst=-1)",2022-09-07,2022,9,250,7,42
2022-09-07 19:45:15,40.765766,-111.909752,1259.8,-9999.0,-9999.0,-9999.0,13.28,40.87,37.66,9.5,5.0,2.0,40.0,10.0,877.3,0.0,63.0,2.47,51.0,828.8,-9999.0,-9999.0,-9999.0,-9999.0,-9999.0,-9999.0,-9999.0,0.0,1,1,"time.struct_time(tm_year=2022, tm_mon=9, tm_mday=7, tm_hour=19, tm_min=45, tm_sec=15, tm_wday=2, tm_yday=250, tm_isdst=-1)",2022-09-07,2022,9,250,7,45
2022-09-07 19:47:45,40.765732,-111.909706,1247.4,-9999.0,-9999.0,-9999.0,13.29,40.92,37.87,9.52,5.0,2.0,40.11,10.0,877.3,0.0,65.5,2.51,51.1,828.8,-9999.0,-9999.0,-9999.0,-9999.0,-9999.0,-9999.0,-9999.0,0.0,1,1,"time.struct_time(tm_year=2022, tm_mon=9, tm_mday=7, tm_hour=19, tm_min=47, tm_sec=45, tm_wday=2, tm_yday=250, tm_isdst=-1)",2022-09-07,2022,9,250,7,47
2022-09-07 19:50:15,40.765842,-111.909698,1251.1,-9999.0,-9999.0,-9999.0,13.29,40.99,38.57,9.02,6.0,2.0,40.22,10.0,877.0,0.0,59.8,2.49,51.2,828.6,-9999.0,-9999.0,-9999.0,-9999.0,-9999.0,-9999.0,-9999.0,0.0,1,1,"time.struct_time(tm_year=2022, tm_mon=9, tm_mday=7, tm_hour=19, tm_min=50, tm_sec=15, tm_wday=2, tm_yday=250, tm_isdst=-1)",2022-09-07,2022,9,250,7,50
2022-09-07 19:52:45,40.765751,-111.909683,1239.1,-9999.0,-9999.0,-9999.0,13.28,41.06,39.01,8.88,6.0,2.0,40.28,10.0,877.2,0.0,44.4,2.47,51.2,828.7,-9999.0,-9999.0,-9999.0,-9999.0,-9999.0,-9999.0,-9999.0,0.0,1,1,"time.struct_time(tm_year=2022, tm_mon=9, tm_mday=7, tm_hour=19, tm_min=52, tm_sec=45, tm_wday=2, tm_yday=250, tm_isdst=-1)",2022-09-07,2022,9,250,7,52
2022-09-07 19:55:15,40.765839,-111.909683,1284.6,-9999.0,-9999.0,-9999.0,13.28,41.14,38.95,9.11,6.0,2.0,40.39,9.0,876.9,0.0,63.7,2.48,51.3,828.6,-9999.0,-9999.0,-9999.0,-9999.0,-9999.0,-9999.0,-9999.0,0.0,1,1,"time.struct_time(tm_year=2022, tm_mon=9, tm_mday=7, tm_hour=19, tm_min=55, tm_sec=15, tm_wday=2, tm_yday=250, tm_isdst=-1)",2022-09-07,2022,9,250,7,55
2022-09-07 19:57:45,40.765739,-111.909691,1293.3,-9999.0,-9999.0,-9999.0,13.28,41.21,38.99,8.81,7.0,2.0,40.5,9.0,877.2,0.0,50.5,2.48,51.3,828.7,-9999.0,-9999.0,-9999.0,-9999.0,-9999.0,-9999.0,-9999.0,0.0,1,1,"time.struct_time(tm_year=2022, tm_mon=9, tm_mday=7, tm_hour=19, tm_min=57, tm_sec=45, tm_wday=2, tm_yday=250, tm_isdst=-1)",2022-09-07,2022,9,250,7,57
2022-09-07 20:00:15,40.765842,-111.909805,1271.4,-9999.0,-9999.0,-9999.0,13.29,41.28,39.17,8.41,5.0,2.0,40.61,9.0,876.9,0.0,62.4,2.5,51.4,828.6,-9999.0,-9999.0,-9999.0,-9999.0,-9999.0,-9999.0,-9999.0,0.0,1,1,"time.struct_time(tm_year=2022, tm_mon=9, tm_mday=7, tm_hour=20, tm_min=0, tm_sec=15, tm_wday=2, tm_yday=250, tm_isdst=-1)",2022-09-07,2022,9,250,7,0
2022-09-07 20:02:45,40.765793,-111.90979,1288.7,-9999.0,-9999.0,-9999.0,13.28,41.35,39.03,8.91,6.0,2.0,40.61,9.0,876.9,0.0,62.1,2.48,51.4,828.4,-9999.0,-9999.0,-9999.0,-9999.0,-9999.0,-9999.0,-9999.0,0.0,1,1,"time.struct_time(tm_year=2022, tm_mon=9, tm_mday=7, tm_hour=20, tm_min=2, tm_sec=45, tm_wday=2, tm_yday=250, tm_isdst=-1)",2022-09-07,2022,9,250,7,2
2022-09-07 20:05:15,40.765717,-111.909943,1250.1,-9999.0,-9999.0,-9999.0,13.29,41.42,39.11,8.42,6.0,2.0,40.72,9.0,877.0,0.0,62.1,2.5,51.5,828.4,-9999.0,-9999.0,-9999.0,-9999.0,-9999.0,-9999.0,-9999.0,0.0,1,1,"time.struct_time(tm_year=2022, tm_mon=9, tm_mday=7, tm_hour=20, tm_min=5, tm_sec=15, tm_wday=2, tm_yday=250, tm_isdst=-1)",2022-09-07,2022,9,250,7,5
2022-09-07 20:07:45,40.765728,-111.909683,1234.8,-9999.0,-9999.0,-9999.0,13.29,41.49,39.38,8.4,5.0,2.0,40.78,9.0,876.7,0.0,66.0,2.51,51.6,828.3,-9999.0,-9999.0,-9999.0,-9999.0,-9999.0,-9999.0,-9999.0,0.0,1,1,"time.struct_time(tm_year=2022, tm_mon=9, tm_mday=7, tm_hour=20, tm_min=7, tm_sec=45, tm_wday=2, tm_yday=250, tm_isdst=-1)",2022-09-07,2022,9,250,7,7
2022-09-07 20:10:15,40.765701,-111.909775,1274.2,-9999.0,-9999.0,-9999.0,13.25,41.56,39.6,8.48,5.0,2.0,40.89,9.0,877.0,0.0,63.7,2.48,51.6,828.4,-9999.0,-9999.0,-9999.0,-9999.0,-9999.0,-9999.0,-9999.0,0.0,1,1,"time.struct_time(tm_year=2022, tm_mon=9, tm_mday=7, tm_hour=20, tm_min=10, tm_sec=15, tm_wday=2, tm_yday=250, tm_isdst=-1)",2022-09-07,2022,9,250,7,10
2022-09-07 20:12:45,40.765846,-111.909958,1247.4,-9999.0,-9999.0,-9999.0,13.25,41.63,39.34,7.69,6.0,2.0,41.0,9.0,876.7,0.0,62.0,2.51,51.7,828.3,-9999.0,-9999.0,-9999.0,-9999.0,-9999.0,-9999.0,-9999.0,0.0,1,1,"time.struct_time(tm_year=2022, tm_mon=9, tm_mday=7, tm_hour=20, tm_min=12, tm_sec=45, tm_wday=2, tm_yday=250, tm_isdst=-1)",2022-09-07,2022,9,250,7,12
2022-09-07 20:15:15,40.765774,-111.909691,1252.6,-9999.0,-9999.0,-9999.0,13.25,41.7,39.19,8.14,10.0,2.0,41.11,9.0,877.0,0.0,63.1,2.51,51.8,828.2,-9999.0,-9999.0,-9999.0,-9999.0,-9999.0,-9999.0,-9999.0,0.0,1,1,"time.struct_time(tm_year=2022, tm_mon=9, tm_mday=7, tm_hour=20, tm_min=15, tm_sec=15, tm_wday=2, tm_yday=250, tm_isdst=-1)",2022-09-07,2022,9,250,7,15
2022-09-07 20:18:50,40.765728,-111.909714,1210.2,-9999.0,-9999.0,-9999.0,13.25,41.8,39.11,7.91,5.0,2.0,41.22,9.0,876.8,0.0,58.7,2.49,51.8,828.2,-9999.0,-9999.0,-9999.0,-9999.0,-9999.0,-9999.0,-9999.0,0.0,1,1,"time.struct_time(tm_year=2022, tm_mon=9, tm_mday=7, tm_hour=20, tm_min=18, tm_sec=50, tm_wday=2, tm_yday=250, tm_isdst=-1)",2022-09-07,2022,9,250,7,18
2022-09-07 20:21:20,40.765678,-111.909714,1255.4,-9999.0,-9999.0,-9999.0,13.25,41.86,39.17,8.24,4.0,2.0,41.22,9.0,876.6,0.0,61.6,2.49,51.9,828.3,-9999.0,-9999.0,-9999.0,-9999.0,-9999.0,-9999.0,-9999.0,0.0,1,1,"time.struct_time(tm_year=2022, tm_mon=9, tm_mday=7, tm_hour=20, tm_min=21, tm_sec=20, tm_wday=2, tm_yday=250, tm_isdst=-1)",2022-09-07,2022,9,250,7,21
2022-09-07 20:23:50,40.765736,-111.909714,1271.4,-9999.0,-9999.0,-9999.0,13.25,41.93,39.25,7.68,4.0,2.0,41.28,9.0,876.8,0.0,36.5,2.5,52.0,828.2,-9999.0,-9999.0,-9999.0,-9999.0,-9999.0,-9999.0,-9999.0,0.0,1,1,"time.struct_time(tm_year=2022, tm_mon=9, tm_mday=7, tm_hour=20, tm_min=23, tm_sec=50, tm_wday=2, tm_yday=250, tm_isdst=-1)",2022-09-07,2022,9,250,7,23
2022-09-07 20:26:20,40.765774,-111.909813,1208.8,-9999.0,-9999.0,-9999.0,13.25,41.99,39.11,7.62,3.0,2.0,41.39,8.0,876.8,0.0,62.2,2.48,52.0,828.2,-9999.0,-9999.0,-9999.0,-9999.0,-9999.0,-9999.0,-9999.0,0.0,1,1,"time.struct_time(tm_year=2022, tm_mon=9, tm_mday=7, tm_hour=20, tm_min=26, tm_sec=20, tm_wday=2, tm_yday=250, tm_isdst=-1)",2022-09-07,2022,9,250,7,26
2022-09-07 20:28:50,40.765778,-111.909744,1260.7,-9999.0,-9999.0,-9999.0,13.25,42.04,39.27,7.5,3.0,2.0,41.39,8.0,876.6,0.0,58.6,2.48,52.1,828.1,-9999.0,-9999.0,-9999.0,-9999.0,-9999.0,-9999.0,-9999.0,0.0,1,1,"time.struct_time(tm_year=2022, tm_mon=9, tm_mday=7, tm_hour=20, tm_min=28, tm_sec=50, tm_wday=2, tm_yday=250, tm_isdst=-1)",2022-09-07,2022,9,250,7,28
2022-09-07 20:31:20,40.765778,-111.909767,1302.1,-9999.0,-9999.0,-9999.0,13.25,42.1,39.17,7.69,3.0,2.0,41.5,8.0,876.6,0.0,72.7,2.5,52.2,828.1,-9999.0,-9999.0,-9999.0,-9999.0,-9999.0,-9999.0,-9999.0,0.0,1,1,"time.struct_time(tm_year=2022, tm_mon=9, tm_mday=7, tm_hour=20, tm_min=31, tm_sec=20, tm_wday=2, tm_yday=250, tm_isdst=-1)",2022-09-07,2022,9,250,7,31
2022-09-07 20:33:50,40.765839,-111.909698,1273.4,-9999.0,-9999.0,-9999.0,13.25,42.15,39.24,7.46,3.0,2.0,41.61,8.0,876.6,0.0,68.8,2.51,52.2,828.2,-9999.0,-9999.0,-9999.0,-9999.0,-9999.0,-9999.0,-9999.0,0.0,1,1,"time.struct_time(tm_year=2022, tm_mon=9, tm_mday=7, tm_hour=20, tm_min=33, tm_sec=50, tm_wday=2, tm_yday=250, tm_isdst=-1)",2022-09-07,2022,9,250,7,33
2022-09-07 20:36:20,40.765839,-111.909752,1256.1,-9999.0,-9999.0,-9999.0,13.25,42.2,39.25,8.08,3.0,2.0,41.61,8.0,876.6,0.0,68.1,2.52,52.3,828.1,-9999.0,-9999.0,-9999.0,-9999.0,-9999.0,-9999.0,-9999.0,0.0,1,1,"time.struct_time(tm_year=2022, tm_mon=9, tm_mday=7, tm_hour=20, tm_min=36, tm_sec=20, tm_wday=2, tm_yday=250, tm_isdst=-1)",2022-09-07,2022,9,250,7,36
2022-09-07 20:38:50,40.765789,-111.909683,1265.6,-9999.0,-9999.0,-9999.0,13.25,42.25,39.51,7.86,3.0,2.0,41.61,8.0,876.6,0.0,69.9,2.49,52.3,828.1,-9999.0,-9999.0,-9999.0,-9999.0,-9999.0,-9999.0,-9999.0,0.0,1,1,"time.struct_time(tm_year=2022, tm_mon=9, tm_mday=7, tm_hour=20, tm_min=38, tm_sec=50, tm_wday=2, tm_yday=250, tm_isdst=-1)",2022-09-07,2022,9,250,7,38
2022-09-07 20:41:20,40.765781,-111.909744,1272.6,-9999.0,-9999.0,-9999.0,13.25,42.3,39.11,7.68,3.0,2.0,41.72,8.0,876.5,0.0,75.9,2.51,52.4,828.0,-9999.0,-9999.0,-9999.0,-9999.0,-9999.0,-9999.0,-9999.0,0.0,1,1,"time.struct_time(tm_year=2022, tm_mon=9, tm_mday=7, tm_hour=20, tm_min=41, tm_sec=20, tm_wday=2, tm_yday=250, tm_isdst=-1)",2022-09-07,2022,9,250,7,41
2022-09-07 20:43:50,40.765739,-111.909767,1283.7,-9999.0,-9999.0,-9999.0,13.25,42.34,38.95,7.44,4.0,2.0,41.78,8.0,876.6,0.0,66.8,2.51,52.4,827.9,-9999.0,-9999.0,-9999.0,-9999.0,-9999.0,-9999.0,-9999.0,0.0,1,1,"time.struct_time(tm_year=2022, tm_mon=9, tm_mday=7, tm_hour=20, tm_min=43, tm_sec=50, tm_wday=2, tm_yday=250, tm_isdst=-1)",2022-09-07,2022,9,250,7,43
2022-09-07 20:46:20,40.765816,-111.909668,1291.5,-9999.0,-9999.0,-9999.0,13.25,42.38,38.95,7.3,3.0,2.0,41.78,8.0,876.4,0.0,62.2,2.51,52.5,827.9,-9999.0,-9999.0,-9999.0,-9999.0,-9999.0,-9999.0,-9999.0,0.0,1,1,"time.struct_time(tm_year=2022, tm_mon=9, tm_mday=7, tm_hour=20, tm_min=46, tm_sec=20, tm_wday=2, tm_yday=250, tm_isdst=-1)",2022-09-07,2022,9,250,7,46
2022-09-07 20:48:50,40.765839,-111.909714,1290.2,-9999.0,-9999.0,-9999.0,13.25,42.41,39.17,7.33,3.0,2.0,41.78,8.0,876.4,0.0,56.7,2.49,52.5,827.9,-9999.0,-9999.0,-9999.0,-9999.0,-9999.0,-9999.0,-9999.0,0.0,1,1,"time.struct_time(tm_year=2022, tm_mon=9, tm_mday=7, tm_hour=20, tm_min=48, tm_sec=50, tm_wday=2, tm_yday=250, tm_isdst=-1)",2022-09-07,2022,9,250,7,48
2022-09-07 20:51:20,40.765636,-111.909691,1267.8,-9999.0,-9999.0,-9999.0,13.25,42.45,39.53,7.64,3.0,2.0,41.89,8.0,876.3,0.0,55.5,2.52,52.6,827.8,-9999.0,-9999.0,-9999.0,-9999.0,-9999.0,-9999.0,-9999.0,0.0,1,1,"time.struct_time(tm_year=2022, tm_mon=9, tm_mday=7, tm_hour=20, tm_min=51, tm_sec=20, tm_wday=2, tm_yday=250, tm_isdst=-1)",2022-09-07,2022,9,250,7,51
2022-09-07 20:53:50,40.765785,-111.909637,1278.9,-9999.0,-9999.0,-9999.0,13.25,42.5,39.87,7.03,3.0,2.0,42.0,8.0,876.4,0.0,43.6,2.5,52.6,827.7,-9999.0,-9999.0,-9999.0,-9999.0,-9999.0,-9999.0,-9999.0,0.0,1,1,"time.struct_time(tm_year=2022, tm_mon=9, tm_mday=7, tm_hour=20, tm_min=53, tm_sec=50, tm_wday=2, tm_yday=250, tm_isdst=-1)",2022-09-07,2022,9,250,7,53
2022-09-07 20:56:20,40.765884,-111.909813,1283.7,-9999.0,-9999.0,-9999.0,13.25,42.55,40.11,6.16,2.0,2.0,42.0,7.0,876.4,0.0,63.2,2.51,52.7,827.7,-9999.0,-9999.0,-9999.0,-9999.0,-9999.0,-9999.0,-9999.0,0.0,1,1,"time.struct_time(tm_year=2022, tm_mon=9, tm_mday=7, tm_hour=20, tm_min=56, tm_sec=20, tm_wday=2, tm_yday=250, tm_isdst=-1)",2022-09-07,2022,9,250,7,56
2022-09-07 20:58:50,40.765667,-111.909706,1289.1,-9999.0,-9999.0,-9999.0,13.25,42.59,39.66,6.84,2.0,2.0,42.0,7.0,876.4,0.0,58.9,2.51,52.7,827.8,-9999.0,-9999.0,-9999.0,-9999.0,-9999.0,-9999.0,-9999.0,0.0,1,1,"time.struct_time(tm_year=2022, tm_mon=9, tm_mday=7, tm_hour=20, tm_min=58, tm_sec=50, tm_wday=2, tm_yday=250, tm_isdst=-1)",2022-09-07,2022,9,250,7,58
2022-09-07 21:01:20,40.765675,-111.909737,1282.3,-9999.0,-9999.0,-9999.0,13.25,42.62,39.43,7.18,4.0,2.0,42.11,7.0,876.2,0.0,54.7,2.49,52.8,827.6,-9999.0,-9999.0,-9999.0,-9999.0,-9999.0,-9999.0,-9999.0,0.0,1,1,"time.struct_time(tm_year=2022, tm_mon=9, tm_mday=7, tm_hour=21, tm_min=1, tm_sec=20, tm_wday=2, tm_yday=250, tm_isdst=-1)",2022-09-07,2022,9,250,7,1
2022-09-07 21:03:50,40.765648,-111.909714,1262.9,-9999.0,-9999.0,-9999.0,13.25,42.65,39.51,7.06,3.0,2.0,42.11,7.0,876.2,0.0,58.6,2.5,52.8,827.7,-9999.0,-9999.0,-9999.0,-9999.0,-9999.0,-9999.0,-9999.0,0.0,1,1,"time.struct_time(tm_year=2022, tm_mon=9, tm_mday=7, tm_hour=21, tm_min=3, tm_sec=50, tm_wday=2, tm_yday=250, tm_isdst=-1)",2022-09-07,2022,9,250,7,3
2022-09-07 21:06:20,40.765759,-111.909622,1269.7,-9999.0,-9999.0,-9999.0,13.25,42.68,39.38,6.9,3.0,2.0,42.22,7.0,876.1,0.0,60.5,2.5,52.9,827.6,-9999.0,-9999.0,-9999.0,-9999.0,-9999.0,-9999.0,-9999.0,0.0,1,1,"time.struct_time(tm_year=2022, tm_mon=9, tm_mday=7, tm_hour=21, tm_min=6, tm_sec=20, tm_wday=2, tm_yday=250, tm_isdst=-1)",2022-09-07,2022,9,250,7,6
2022-09-07 21:08:50,40.765831,-111.909569,1284.9,-9999.0,-9999.0,-9999.0,13.25,42.71,39.22,6.94,4.0,2.0,42.22,7.0,876.2,0.0,29.3,2.5,52.9,827.5,-9999.0,-9999.0,-9999.0,-9999.0,-9999.0,-9999.0,-9999.0,0.0,1,1,"time.struct_time(tm_year=2022, tm_mon=9, tm_mday=7, tm_hour=21, tm_min=8, tm_sec=50, tm_wday=2, tm_yday=250, tm_isdst=-1)",2022-09-07,2022,9,250,7,8
2022-09-07 21:11:20,40.765648,-111.909592,1273.1,-9999.0,-9999.0,-9999.0,13.25,42.73,39.55,7.67,4.0,2.0,42.22,7.0,876.1,0.0,15.4,2.51,53.0,827.5,-9999.0,-9999.0,-9999.0,-9999.0,-9999.0,-9999.0,-9999.0,0.0,1,1,"time.struct_time(tm_year=2022, tm_mon=9, tm_mday=7, tm_hour=21, tm_min=11, tm_sec=20, tm_wday=2, tm_yday=250, tm_isdst=-1)",2022-09-07,2022,9,250,7,11
2022-09-07 21:13:50,40.765747,-111.909576,1264.1,-9999.0,-9999.0,-9999.0,13.25,42.77,39.94,6.92,4.0,2.0,42.28,7.0,876.1,0.0,13.4,2.49,53.0,827.5,-9999.0,-9999.0,-9999.0,-9999.0,-9999.0,-9999.0,-9999.0,0.0,1,1,"time.struct_time(tm_year=2022, tm_mon=9, tm_mday=7, tm_hour=21, tm_min=13, tm_sec=50, tm_wday=2, tm_yday=250, tm_isdst=-1)",2022-09-07,2022,9,250,7,13
2022-09-07 21:16:20,40.765846,-111.909554,1275.0,-9999.0,-9999.0,-9999.0,13.25,42.81,40.14,6.86,4.0,2.0,42.28,7.0,875.9,0.0,37.9,2.47,53.1,827.4,-9999.0,-9999.0,-9999.0,-9999.0,-9999.0,-9999.0,-9999.0,0.0,1,1,"time.struct_time(tm_year=2022, tm_mon=9, tm_mday=7, tm_hour=21, tm_min=16, tm_sec=20, tm_wday=2, tm_yday=250, tm_isdst=-1)",2022-09-07,2022,9,250,7,16
2022-09-07 21:20:00,40.765747,-111.909615,1264.5,-9999.0,-9999.0,-9999.0,13.25,42.88,40.01,6.33,3.0,2.0,42.39,7.0,875.8,0.0,33.5,2.51,53.1,827.4,-9999.0,-9999.0,-9999.0,-9999.0,-9999.0,-9999.0,-9999.0,0.0,1,1,"time.struct_time(tm_year=2022, tm_mon=9, tm_mday=7, tm_hour=21, tm_min=20, tm_sec=0, tm_wday=2, tm_yday=250, tm_isdst=-1)",2022-09-07,2022,9,250,7,20
2022-09-07 21:22:30,40.765911,-111.909569,1287.0,-9999.0,-9999.0,-9999.0,13.25,42.91,39.78,7.12,4.0,2.0,42.39,7.0,875.9,0.0,61.2,2.52,53.2,827.4,-9999.0,-9999.0,-9999.0,-9999.0,-9999.0,-9999.0,-9999.0,0.0,1,1,"time.struct_time(tm_year=2022, tm_mon=9, tm_mday=7, tm_hour=21, tm_min=22, tm_sec=30, tm_wday=2, tm_yday=250, tm_isdst=-1)",2022-09-07,2022,9,250,7,22
2022-09-07 21:25:00,40.765705,-111.909821,1342.2,-9999.0,-9999.0,-9999.0,13.25,42.94,39.4,6.32,3.0,2.0,42.39,7.0,875.9,0.0,64.3,2.49,53.2,827.4,-9999.0,-9999.0,-9999.0,-9999.0,-9999.0,-9999.0,-9999.0,0.0,1,1,"time.struct_time(tm_year=2022, tm_mon=9, tm_mday=7, tm_hour=21, tm_min=25, tm_sec=0, tm_wday=2, tm_yday=250, tm_isdst=-1)",2022-09-07,2022,9,250,7,25
2022-09-07 21:27:30,40.765903,-111.909477,1309.2,-9999.0,-9999.0,-9999.0,13.25,42.95,38.83,6.35,3.0,2.0,42.39,7.0,875.8,0.0,62.4,2.51,53.2,827.3,-9999.0,-9999.0,-9999.0,-9999.0,-9999.0,-9999.0,-9999.0,0.0,1,1,"time.struct_time(tm_year=2022, tm_mon=9, tm_mday=7, tm_hour=21, tm_min=27, tm_sec=30, tm_wday=2, tm_yday=250, tm_isdst=-1)",2022-09-07,2022,9,250,7,27
2022-09-07 21:30:00,40.765945,-111.909531,1261.6,-9999.0,-9999.0,-9999.0,13.25,42.95,38.81,6.78,3.0,2.0,42.39,7.0,875.9,0.0,58.9,2.49,53.3,827.3,-9999.0,-9999.0,-9999.0,-9999.0,-9999.0,-9999.0,-9999.0,0.0,1,1,"time.struct_time(tm_year=2022, tm_mon=9, tm_mday=7, tm_hour=21, tm_min=30, tm_sec=0, tm_wday=2, tm_yday=250, tm_isdst=-1)",2022-09-07,2022,9,250,7,30
2022-09-07 21:32:30,40.765839,-111.909676,1294.0,-9999.0,-9999.0,-9999.0,13.25,42.95,38.79,6.7,2.0,2.0,42.39,7.0,875.7,0.0,66.7,2.51,53.3,827.1,-9999.0,-9999.0,-9999.0,-9999.0,-9999.0,-9999.0,-9999.0,0.0,1,1,"time.struct_time(tm_year=2022, tm_mon=9, tm_mday=7, tm_hour=21, tm_min=32, tm_sec=30, tm_wday=2, tm_yday=250, tm_isdst=-1)",2022-09-07,2022,9,250,7,32
2022-09-07 21:35:00,40.765766,-111.909477,1323.5,-9999.0,-9999.0,-9999.0,13.25,42.95,38.81,6.34,3.0,2.0,42.39,7.0,875.7,0.0,69.2,2.52,53.3,827.2,-9999.0,-9999.0,-9999.0,-9999.0,-9999.0,-9999.0,-9999.0,0.0,1,1,"time.struct_time(tm_year=2022, tm_mon=9, tm_mday=7, tm_hour=21, tm_min=35, tm_sec=0, tm_wday=2, tm_yday=250, tm_isdst=-1)",2022-09-07,2022,9,250,7,35
2022-09-07 21:37:30,40.765789,-111.909668,1304.0,-9999.0,-9999.0,-9999.0,13.25,42.95,38.77,6.36,3.0,2.0,42.39,6.0,875.7,0.0,64.4,2.48,53.4,827.1,-9999.0,-9999.0,-9999.0,-9999.0,-9999.0,-9999.0,-9999.0,0.0,1,1,"time.struct_time(tm_year=2022, tm_mon=9, tm_mday=7, tm_hour=21, tm_min=37, tm_sec=30, tm_wday=2, tm_yday=250, tm_isdst=-1)",2022-09-07,2022,9,250,7,37
2022-09-07 21:40:00,40.765781,-111.909828,1299.9,-9999.0,-9999.0,-9999.0,13.25,42.95,38.79,6.4,2.0,2.0,42.39,6.0,875.5,0.0,65.3,2.49,53.4,827.1,-9999.0,-9999.0,-9999.0,-9999.0,-9999.0,-9999.0,-9999.0,0.0,1,1,"time.struct_time(tm_year=2022, tm_mon=9, tm_mday=7, tm_hour=21, tm_min=40, tm_sec=0, tm_wday=2, tm_yday=250, tm_isdst=-1)",2022-09-07,2022,9,250,7,40
2022-09-07 21:42:30,40.765713,-111.909576,1304.5,-9999.0,-9999.0,-9999.0,13.25,42.93,38.75,6.4,3.0,2.0,42.28,7.0,875.7,0.0,66.1,2.5,53.4,827.1,-9999.0,-9999.0,-9999.0,-9999.0,-9999.0,-9999.0,-9999.0,0.0,1,1,"time.struct_time(tm_year=2022, tm_mon=9, tm_mday=7, tm_hour=21, tm_min=42, tm_sec=30, tm_wday=2, tm_yday=250, tm_isdst=-1)",2022-09-07,2022,9,250,7,42
2022-09-07 21:45:00,40.765598,-111.909691,1295.7,-9999.0,-9999.0,-9999.0,13.25,42.92,38.85,6.47,3.0,2.0,42.28,6.0,875.6,0.0,65.2,2.5,53.4,827.0,-9999.0,-9999.0,-9999.0,-9999.0,-9999.0,-9999.0,-9999.0,0.0,1,1,"time.struct_time(tm_year=2022, tm_mon=9, tm_mday=7, tm_hour=21, tm_min=45, tm_sec=0, tm_wday=2, tm_yday=250, tm_isdst=-1)",2022-09-07,2022,9,250,7,45
2022-09-07 21:47:30,40.765614,-111.909615,1283.2,-9999.0,-9999.0,-9999.0,13.25,42.9,39.15,6.66,2.0,2.0,42.28,7.0,875.6,0.0,61.2,2.51,53.4,827.1,-9999.0,-9999.0,-9999.0,-9999.0,-9999.0,-9999.0,-9999.0,0.0,1,1,"time.struct_time(tm_year=2022, tm_mon=9, tm_mday=7, tm_hour=21, tm_min=47, tm_sec=30, tm_wday=2, tm_yday=250, tm_isdst=-1)",2022-09-07,2022,9,250,7,47
2022-09-07 21:50:00,40.765339,-111.909607,1270.6,-9999.0,-9999.0,-9999.0,13.25,42.9,39.61,6.12,3.0,2.0,42.39,6.0,875.3,0.0,67.5,2.49,53.5,827.0,-9999.0,-9999.0,-9999.0,-9999.0,-9999.0,-9999.0,-9999.0,0.0,1,1,"time.struct_time(tm_year=2022, tm_mon=9, tm_mday=7, tm_hour=21, tm_min=50, tm_sec=0, tm_wday=2, tm_yday=250, tm_isdst=-1)",2022-09-07,2022,9,250,7,50
2022-09-07 21:52:30,40.765583,-111.909729,1260.0,-9999.0,-9999.0,-9999.0,13.25,42.91,39.87,6.1,3.0,2.0,42.39,6.0,875.5,0.0,69.3,2.49,53.5,826.7,-9999.0,-9999.0,-9999.0,-9999.0,-9999.0,-9999.0,-9999.0,0.0,1,1,"time.struct_time(tm_year=2022, tm_mon=9, tm_mday=7, tm_hour=21, tm_min=52, tm_sec=30, tm_wday=2, tm_yday=250, tm_isdst=-1)",2022-09-07,2022,9,250,7,52
2022-09-07 21:55:00,40.765278,-111.909843,1258.0,-9999.0,-9999.0,-9999.0,13.25,42.93,39.88,6.36,3.0,2.0,42.39,6.0,875.3,0.0,66.9,2.54,53.5,826.8,-9999.0,-9999.0,-9999.0,-9999.0,-9999.0,-9999.0,-9999.0,0.0,1,1,"time.struct_time(tm_year=2022, tm_mon=9, tm_mday=7, tm_hour=21, tm_min=55, tm_sec=0, tm_wday=2, tm_yday=250, tm_isdst=-1)",2022-09-07,2022,9,250,7,55
2022-09-07 21:57:30,40.765461,-111.909912,1268.1,-9999.0,-9999.0,-9999.0,13.25,42.94,39.83,6.32,3.0,2.0,42.39,7.0,875.4,0.0,58.6,2.5,53.5,826.7,-9999.0,-9999.0,-9999.0,-9999.0,-9999.0,-9999.0,-9999.0,0.0,1,1,"time.struct_time(tm_year=2022, tm_mon=9, tm_mday=7, tm_hour=21, tm_min=57, tm_sec=30, tm_wday=2, tm_yday=250, tm_isdst=-1)",2022-09-07,2022,9,250,7,57
2022-09-07 22:00:00,40.76572,-111.90966,1277.7,-9999.0,-9999.0,-9999.0,13.25,42.96,39.8,6.72,6.0,2.0,42.5,7.0,875.4,0.0,15.6,2.5,53.5,826.9,-9999.0,-9999.0,-9999.0,-9999.0,-9999.0,-9999.0,-9999.0,0.0,1,1,"time.struct_time(tm_year=2022, tm_mon=9, tm_mday=7, tm_hour=22, tm_min=0, tm_sec=0, tm_wday=2, tm_yday=250, tm_isdst=-1)",2022-09-07,2022,9,250,7,0
2022-09-07 22:02:30,40.76585,-111.909615,1272.0,-9999.0,-9999.0,-9999.0,13.25,42.96,39.62,6.64,4.0,2.0,42.5,7.0,875.3,0.0,59.7,2.54,53.5,826.8,-9999.0,-9999.0,-9999.0,-9999.0,-9999.0,-9999.0,-9999.0,0.0,1,1,"time.struct_time(tm_year=2022, tm_mon=9, tm_mday=7, tm_hour=22, tm_min=2, tm_sec=30, tm_wday=2, tm_yday=250, tm_isdst=-1)",2022-09-07,2022,9,250,7,2
2022-09-07 22:05:00,40.765575,-111.90976,1250.2,-9999.0,-9999.0,-9999.0,13.25,42.97,39.37,6.8,5.0,2.0,42.5,7.0,875.2,0.0,60.4,2.52,53.6,826.7,-9999.0,-9999.0,-9999.0,-9999.0,-9999.0,-9999.0,-9999.0,0.0,1,1,"time.struct_time(tm_year=2022, tm_mon=9, tm_mday=7, tm_hour=22, tm_min=5, tm_sec=0, tm_wday=2, tm_yday=250, tm_isdst=-1)",2022-09-07,2022,9,250,7,5
2022-09-07 22:07:30,40.765678,-111.909691,1255.5,-9999.0,-9999.0,-9999.0,13.25,42.96,39.32,6.94,4.0,2.0,42.5,7.0,875.4,0.0,64.7,2.5,53.6,826.8,-9999.0,-9999.0,-9999.0,-9999.0,-9999.0,-9999.0,-9999.0,0.0,1,1,"time.struct_time(tm_year=2022, tm_mon=9, tm_mday=7, tm_hour=22, tm_min=7, tm_sec=30, tm_wday=2, tm_yday=250, tm_isdst=-1)",2022-09-07,2022,9,250,7,7
2022-09-07 22:10:00,40.765919,-111.909691,1262.4,-9999.0,-9999.0,-9999.0,13.25,42.94,39.15,6.68,5.0,2.0,42.39,7.0,875.2,0.0,41.1,2.52,53.6,826.6,-9999.0,-9999.0,-9999.0,-9999.0,-9999.0,-9999.0,-9999.0,0.0,1,1,"time.struct_time(tm_year=2022, tm_mon=9, tm_mday=7, tm_hour=22, tm_min=10, tm_sec=0, tm_wday=2, tm_yday=250, tm_isdst=-1)",2022-09-07,2022,9,250,7,10
2022-09-07 22:12:30,40.765785,-111.909721,1252.0,-9999.0,-9999.0,-9999.0,13.25,42.92,39.04,6.72,4.0,2.0,42.39,7.0,875.4,0.0,64.5,2.52,53.6,826.7,-9999.0,-9999.0,-9999.0,-9999.0,-9999.0,-9999.0,-9999.0,0.0,1,1,"time.struct_time(tm_year=2022, tm_mon=9, tm_mday=7, tm_hour=22, tm_min=12, tm_sec=30, tm_wday=2, tm_yday=250, tm_isdst=-1)",2022-09-07,2022,9,250,7,12
2022-09-07 22:15:00,40.765976,-111.909798,1246.5,-9999.0,-9999.0,-9999.0,13.25,42.9,39.27,7.1,7.0,2.0,42.39,7.0,875.2,0.0,50.1,2.5,53.6,826.6,-9999.0,-9999.0,-9999.0,-9999.0,-9999.0,-9999.0,-9999.0,0.0,1,1,"time.struct_time(tm_year=2022, tm_mon=9, tm_mday=7, tm_hour=22, tm_min=15, tm_sec=0, tm_wday=2, tm_yday=250, tm_isdst=-1)",2022-09-07,2022,9,250,7,15
2022-09-07 22:17:30,40.765793,-111.909668,1272.3,-9999.0,-9999.0,-9999.0,13.25,42.88,39.52,6.54,4.0,2.0,42.39,7.0,875.2,0.0,38.8,2.51,53.6,826.5,-9999.0,-9999.0,-9999.0,-9999.0,-9999.0,-9999.0,-9999.0,0.0,1,1,"time.struct_time(tm_year=2022, tm_mon=9, tm_mday=7, tm_hour=22, tm_min=17, tm_sec=30, tm_wday=2, tm_yday=250, tm_isdst=-1)",2022-09-07,2022,9,250,7,17
2022-09-07 22:21:05,40.765743,-111.909744,1284.2,-9999.0,-9999.0,-9999.0,13.25,42.88,39.41,6.43,3.0,2.0,42.39,7.0,875.2,0.0,70.7,2.5,53.6,826.6,-9999.0,-9999.0,-9999.0,-9999.0,-9999.0,-9999.0,-9999.0,0.0,1,1,"time.struct_time(tm_year=2022, tm_mon=9, tm_mday=7, tm_hour=22, tm_min=21, tm_sec=5, tm_wday=2, tm_yday=250, tm_isdst=-1)",2022-09-07,2022,9,250,7,21
2022-09-07 22:23:35,40.765652,-111.909767,1278.8,-9999.0,-9999.0,-9999.0,13.25,42.88,39.38,6.44,4.0,2.0,42.39,7.0,875.1,0.0,61.2,2.52,53.6,826.5,-9999.0,-9999.0,-9999.0,-9999.0,-9999.0,-9999.0,-9999.0,0.0,1,1,"time.struct_time(tm_year=2022, tm_mon=9, tm_mday=7, tm_hour=22, tm_min=23, tm_sec=35, tm_wday=2, tm_yday=250, tm_isdst=-1)",2022-09-07,2022,9,250,7,23
2022-09-07 22:26:05,40.765701,-111.909691,1274.2,-9999.0,-9999.0,-9999.0,13.24,42.87,39.58,6.83,4.0,2.0,42.39,7.0,875.1,0.0,58.8,2.52,53.6,826.5,-9999.0,-9999.0,-9999.0,-9999.0,-9999.0,-9999.0,-9999.0,0.0,1,1,"time.struct_time(tm_year=2022, tm_mon=9, tm_mday=7, tm_hour=22, tm_min=26, tm_sec=5, tm_wday=2, tm_yday=250, tm_isdst=-1)",2022-09-07,2022,9,250,7,26
2022-09-07 22:28:35,40.766014,-111.909782,1277.7,-9999.0,-9999.0,-9999.0,13.25,42.87,39.76,6.36,4.0,2.0,42.39,7.0,875.1,0.0,72.5,2.5,53.6,826.4,-9999.0,-9999.0,-9999.0,-9999.0,-9999.0,-9999.0,-9999.0,0.0,1,1,"time.struct_time(tm_year=2022, tm_mon=9, tm_mday=7, tm_hour=22, tm_min=28, tm_sec=35, tm_wday=2, tm_yday=250, tm_isdst=-1)",2022-09-07,2022,9,250,7,28
2022-09-07 22:31:05,40.765678,-111.90976,1278.9,-9999.0,-9999.0,-9999.0,13.25,42.87,39.54,7.07,3.0,2.0,42.39,7.0,874.9,0.0,76.5,2.5,53.7,826.5,-9999.0,-9999.0,-9999.0,-9999.0,-9999.0,-9999.0,-9999.0,0.0,1,1,"time.struct_time(tm_year=2022, tm_mon=9, tm_mday=7, tm_hour=22, tm_min=31, tm_sec=5, tm_wday=2, tm_yday=250, tm_isdst=-1)",2022-09-07,2022,9,250,7,31
2022-09-07 22:33:35,40.765678,-111.909782,1273.6,-9999.0,-9999.0,-9999.0,13.25,42.87,39.24,7.24,3.0,2.0,42.39,7.0,875.0,0.0,70.4,2.51,53.7,826.3,-9999.0,-9999.0,-9999.0,-9999.0,-9999.0,-9999.0,-9999.0,0.0,1,1,"time.struct_time(tm_year=2022, tm_mon=9, tm_mday=7, tm_hour=22, tm_min=33, tm_sec=35, tm_wday=2, tm_yday=250, tm_isdst=-1)",2022-09-07,2022,9,250,7,33
2022-09-07 22:36:05,40.765774,-111.909637,1278.9,-9999.0,-9999.0,-9999.0,13.25,42.86,39.26,7.26,4.0,2.0,42.39,7.0,875.1,0.0,71.6,2.5,53.7,826.4,-9999.0,-9999.0,-9999.0,-9999.0,-9999.0,-9999.0,-9999.0,0.0,1,1,"time.struct_time(tm_year=2022, tm_mon=9, tm_mday=7, tm_hour=22, tm_min=36, tm_sec=5, tm_wday=2, tm_yday=250, tm_isdst=-1)",2022-09-07,2022,9,250,7,36
2022-09-07 22:38:35,40.765709,-111.909782,1254.5,-9999.0,-9999.0,-9999.0,13.25,42.85,39.32,7.01,3.0,2.0,42.39,7.0,874.9,0.0,76.1,2.51,53.7,826.4,-9999.0,-9999.0,-9999.0,-9999.0,-9999.0,-9999.0,-9999.0,0.0,1,1,"time.struct_time(tm_year=2022, tm_mon=9, tm_mday=7, tm_hour=22, tm_min=38, tm_sec=35, tm_wday=2, tm_yday=250, tm_isdst=-1)",2022-09-07,2022,9,250,7,38
2022-09-07 22:41:05,40.765625,-111.909729,1255.5,-9999.0,-9999.0,-9999.0,13.24,42.85,39.26,7.04,3.0,2.0,42.39,7.0,875.0,0.0,79.2,2.52,53.7,826.4,-9999.0,-9999.0,-9999.0,-9999.0,-9999.0,-9999.0,-9999.0,0.0,1,1,"time.struct_time(tm_year=2022, tm_mon=9, tm_mday=7, tm_hour=22, tm_min=41, tm_sec=5, tm_wday=2, tm_yday=250, tm_isdst=-1)",2022-09-07,2022,9,250,7,41
2022-09-07 22:43:35,40.765751,-111.90976,1267.7,-9999.0,-9999.0,-9999.0,13.25,42.84,39.2,7.2,3.0,2.0,42.39,7.0,874.8,0.0,71.5,2.51,53.7,826.3,-9999.0,-9999.0,-9999.0,-9999.0,-9999.0,-9999.0,-9999.0,0.0,1,1,"time.struct_time(tm_year=2022, tm_mon=9, tm_mday=7, tm_hour=22, tm_min=43, tm_sec=35, tm_wday=2, tm_yday=250, tm_isdst=-1)",2022-09-07,2022,9,250,7,43
2022-09-07 22:46:05,40.765629,-111.909859,1281.0,-9999.0,-9999.0,-9999.0,13.25,42.84,39.42,6.76,4.0,2.0,42.39,7.0,874.8,0.0,48.7,2.5,53.7,826.3,-9999.0,-9999.0,-9999.0,-9999.0,-9999.0,-9999.0,-9999.0,0.0,1,1,"time.struct_time(tm_year=2022, tm_mon=9, tm_mday=7, tm_hour=22, tm_min=46, tm_sec=5, tm_wday=2, tm_yday=250, tm_isdst=-1)",2022-09-07,2022,9,250,7,46
2022-09-07 22:48:35,40.766132,-111.909615,1290.5,-9999.0,-9999.0,-9999.0,13.25,42.84,39.4,6.9,3.0,2.0,42.39,7.0,875.0,0.0,70.8,2.51,53.7,826.2,-9999.0,-9999.0,-9999.0,-9999.0,-9999.0,-9999.0,-9999.0,0.0,1,1,"time.struct_time(tm_year=2022, tm_mon=9, tm_mday=7, tm_hour=22, tm_min=48, tm_sec=35, tm_wday=2, tm_yday=250, tm_isdst=-1)",2022-09-07,2022,9,250,7,48
2022-09-07 22:51:05,40.765835,-111.909584,1292.4,-9999.0,-9999.0,-9999.0,13.25,42.83,39.38,6.96,4.0,2.0,42.39,7.0,874.7,0.0,69.6,2.51,53.7,826.3,-9999.0,-9999.0,-9999.0,-9999.0,-9999.0,-9999.0,-9999.0,0.0,1,1,"time.struct_time(tm_year=2022, tm_mon=9, tm_mday=7, tm_hour=22, tm_min=51, tm_sec=5, tm_wday=2, tm_yday=250, tm_isdst=-1)",2022-09-07,2022,9,250,7,51
2022-09-07 22:53:35,40.765682,-111.909637,1296.2,-9999.0,-9999.0,-9999.0,13.25,42.83,39.32,7.39,4.0,2.0,42.39,7.0,874.9,0.0,63.9,2.5,53.7,826.0,-9999.0,-9999.0,-9999.0,-9999.0,-9999.0,-9999.0,-9999.0,0.0,1,1,"time.struct_time(tm_year=2022, tm_mon=9, tm_mday=7, tm_hour=22, tm_min=53, tm_sec=35, tm_wday=2, tm_yday=250, tm_isdst=-1)",2022-09-07,2022,9,250,7,53
2022-09-07 22:56:05,40.765469,-111.909538,1300.7,-9999.0,-9999.0,-9999.0,13.25,42.82,39.1,7.6,4.0,2.0,42.28,7.0,874.7,0.0,67.5,2.5,53.7,826.0,-9999.0,-9999.0,-9999.0,-9999.0,-9999.0,-9999.0,-9999.0,0.0,1,1,"time.struct_time(tm_year=2022, tm_mon=9, tm_mday=7, tm_hour=22, tm_min=56, tm_sec=5, tm_wday=2, tm_yday=250, tm_isdst=-1)",2022-09-07,2022,9,250,7,56
2022-09-07 22:58:35,40.765656,-111.909737,1301.3,-9999.0,-9999.0,-9999.0,13.25,42.8,39.04,7.46,3.0,2.0,42.39,7.0,874.8,0.0,67.3,2.5,53.7,826.1,-9999.0,-9999.0,-9999.0,-9999.0,-9999.0,-9999.0,-9999.0,0.0,1,1,"time.struct_time(tm_year=2022, tm_mon=9, tm_mday=7, tm_hour=22, tm_min=58, tm_sec=35, tm_wday=2, tm_yday=250, tm_isdst=-1)",2022-09-07,2022,9,250,7,58
2022-09-07 23:01:05,40.765743,-111.909698,1297.0,-9999.0,-9999.0,-9999.0,13.25,42.79,39.04,7.32,4.0,2.0,42.28,7.0,874.9,0.0,58.6,2.51,53.7,826.0,-9999.0,-9999.0,-9999.0,-9999.0,-9999.0,-9999.0,-9999.0,0.0,1,1,"time.struct_time(tm_year=2022, tm_mon=9, tm_mday=7, tm_hour=23, tm_min=1, tm_sec=5, tm_wday=2, tm_yday=250, tm_isdst=-1)",2022-09-07,2022,9,250,7,1
2022-09-07 23:03:35,40.765846,-111.909744,1277.8,-9999.0,-9999.0,-9999.0,13.25,42.77,39.08,7.38,5.0,2.0,42.28,7.0,874.6,0.0,57.7,2.51,53.6,826.0,-9999.0,-9999.0,-9999.0,-9999.0,-9999.0,-9999.0,-9999.0,0.0,1,1,"time.struct_time(tm_year=2022, tm_mon=9, tm_mday=7, tm_hour=23, tm_min=3, tm_sec=35, tm_wday=2, tm_yday=250, tm_isdst=-1)",2022-09-07,2022,9,250,7,3
2022-09-07 23:06:05,40.765583,-111.90963,1282.0,-9999.0,-9999.0,-9999.0,13.25,42.76,39.13,6.96,4.0,2.0,42.28,7.0,874.7,0.0,66.8,2.54,53.6,826.0,-9999.0,-9999.0,-9999.0,-9999.0,-9999.0,-9999.0,-9999.0,0.0,1,1,"time.struct_time(tm_year=2022, tm_mon=9, tm_mday=7, tm_hour=23, tm_min=6, tm_sec=5, tm_wday=2, tm_yday=250, tm_isdst=-1)",2022-09-07,2022,9,250,7,6
2022-09-07 23:08:35,40.765823,-111.909607,1273.0,-9999.0,-9999.0,-9999.0,13.25,42.75,39.14,6.65,3.0,2.0,42.28,7.0,874.5,0.0,72.1,2.52,53.6,825.8,-9999.0,-9999.0,-9999.0,-9999.0,-9999.0,-9999.0,-9999.0,0.0,1,1,"time.struct_time(tm_year=2022, tm_mon=9, tm_mday=7, tm_hour=23, tm_min=8, tm_sec=35, tm_wday=2, tm_yday=250, tm_isdst=-1)",2022-09-07,2022,9,250,7,8
2022-09-07 23:11:05,40.765678,-111.909546,1278.3,-9999.0,-9999.0,-9999.0,13.25,42.74,38.72,6.9,3.0,2.0,42.28,7.0,874.7,0.0,73.9,2.51,53.6,826.0,-9999.0,-9999.0,-9999.0,-9999.0,-9999.0,-9999.0,-9999.0,0.0,1,1,"time.struct_time(tm_year=2022, tm_mon=9, tm_mday=7, tm_hour=23, tm_min=11, tm_sec=5, tm_wday=2, tm_yday=250, tm_isdst=-1)",2022-09-07,2022,9,250,7,11
2022-09-07 23:13:35,40.765892,-111.909889,1269.9,-9999.0,-9999.0,-9999.0,13.24,42.72,38.27,7.12,3.0,2.0,42.22,6.0,874.4,0.0,81.1,2.51,53.6,825.9,-9999.0,-9999.0,-9999.0,-9999.0,-9999.0,-9999.0,-9999.0,0.0,1,1,"time.struct_time(tm_year=2022, tm_mon=9, tm_mday=7, tm_hour=23, tm_min=13, tm_sec=35, tm_wday=2, tm_yday=250, tm_isdst=-1)",2022-09-07,2022,9,250,7,13
2022-09-07 23:16:05,40.765923,-111.909836,1272.7,-9999.0,-9999.0,-9999.0,13.24,42.69,38.07,7.1,4.0,2.0,42.22,6.0,874.5,0.0,77.1,2.51,53.6,825.8,-9999.0,-9999.0,-9999.0,-9999.0,-9999.0,-9999.0,-9999.0,0.0,1,1,"time.struct_time(tm_year=2022, tm_mon=9, tm_mday=7, tm_hour=23, tm_min=16, tm_sec=5, tm_wday=2, tm_yday=250, tm_isdst=-1)",2022-09-07,2022,9,250,7,16
2022-09-07 23:18:35,40.765774,-111.909744,1278.2,-9999.0,-9999.0,-9999.0,13.25,42.66,38.09,7.24,3.0,2.0,42.11,6.0,874.5,0.0,77.0,2.52,53.6,825.9,-9999.0,-9999.0,-9999.0,-9999.0,-9999.0,-9999.0,-9999.0,0.0,1,1,"time.struct_time(tm_year=2022, tm_mon=9, tm_mday=7, tm_hour=23, tm_min=18, tm_sec=35, tm_wday=2, tm_yday=250, tm_isdst=-1)",2022-09-07,2022,9,250,7,18
2022-09-07 23:21:05,40.765675,-111.909714,1286.2,-9999.0,-9999.0,-9999.0,13.24,42.61,38.11,7.41,4.0,2.0,42.11,7.0,874.4,0.0,65.3,2.51,53.6,825.8,-9999.0,-9999.0,-9999.0,-9999.0,-9999.0,-9999.0,-9999.0,0.0,1,1,"time.struct_time(tm_year=2022, tm_mon=9, tm_mday=7, tm_hour=23, tm_min=21, tm_sec=5, tm_wday=2, tm_yday=250, tm_isdst=-1)",2022-09-07,2022,9,250,7,21
2022-09-07 23:24:40,40.765537,-111.909271,1291.4,-9999.0,-9999.0,-9999.0,13.25,42.56,38.35,7.3,4.0,2.0,42.0,7.0,874.4,0.0,84.3,2.51,53.6,825.8,-9999.0,-9999.0,-9999.0,-9999.0,-9999.0,-9999.0,-9999.0,0.0,1,1,"time.struct_time(tm_year=2022, tm_mon=9, tm_mday=7, tm_hour=23, tm_min=24, tm_sec=40, tm_wday=2, tm_yday=250, tm_isdst=-1)",2022-09-07,2022,9,250,7,24
2022-09-07 23:27:10,40.765858,-111.909767,1285.7,-9999.0,-9999.0,-9999.0,13.25,42.53,38.31,8.65,4.0,2.0,42.0,7.0,874.5,0.0,76.0,2.49,53.6,825.6,-9999.0,-9999.0,-9999.0,-9999.0,-9999.0,-9999.0,-9999.0,0.0,1,1,"time.struct_time(tm_year=2022, tm_mon=9, tm_mday=7, tm_hour=23, tm_min=27, tm_sec=10, tm_wday=2, tm_yday=250, tm_isdst=-1)",2022-09-07,2022,9,250,7,27
2022-09-07 23:29:40,40.765919,-111.909744,1281.8,-9999.0,-9999.0,-9999.0,13.25,42.51,38.44,7.6,3.0,2.0,42.0,7.0,874.4,0.0,64.3,2.51,53.5,825.8,-9999.0,-9999.0,-9999.0,-9999.0,-9999.0,-9999.0,-9999.0,0.0,1,1,"time.struct_time(tm_year=2022, tm_mon=9, tm_mday=7, tm_hour=23, tm_min=29, tm_sec=40, tm_wday=2, tm_yday=250, tm_isdst=-1)",2022-09-07,2022,9,250,7,29
2022-09-07 23:32:10,40.765778,-111.909477,1299.1,-9999.0,-9999.0,-9999.0,13.25,42.49,38.51,7.27,3.0,2.0,42.0,7.0,874.5,0.0,64.5,2.52,53.5,825.7,-9999.0,-9999.0,-9999.0,-9999.0,-9999.0,-9999.0,-9999.0,0.0,1,1,"time.struct_time(tm_year=2022, tm_mon=9, tm_mday=7, tm_hour=23, tm_min=32, tm_sec=10, tm_wday=2, tm_yday=250, tm_isdst=-1)",2022-09-07,2022,9,250,7,32
2022-09-07 23:34:40,40.765697,-111.909538,1299.0,-9999.0,-9999.0,-9999.0,13.25,42.48,38.69,7.29,3.0,2.0,41.89,7.0,874.3,0.0,62.6,2.5,53.5,825.7,-9999.0,-9999.0,-9999.0,-9999.0,-9999.0,-9999.0,-9999.0,0.0,1,1,"time.struct_time(tm_year=2022, tm_mon=9, tm_mday=7, tm_hour=23, tm_min=34, tm_sec=40, tm_wday=2, tm_yday=250, tm_isdst=-1)",2022-09-07,2022,9,250,7,34
2022-09-07 23:37:10,40.765701,-111.909592,1298.8,-9999.0,-9999.0,-9999.0,13.24,42.47,38.82,7.16,3.0,2.0,41.89,7.0,874.3,0.0,66.3,2.53,53.5,825.7,-9999.0,-9999.0,-9999.0,-9999.0,-9999.0,-9999.0,-9999.0,0.0,1,1,"time.struct_time(tm_year=2022, tm_mon=9, tm_mday=7, tm_hour=23, tm_min=37, tm_sec=10, tm_wday=2, tm_yday=250, tm_isdst=-1)",2022-09-07,2022,9,250,7,37
2022-09-07 23:39:40,40.765743,-111.909538,1285.9,-9999.0,-9999.0,-9999.0,13.24,42.47,38.81,7.36,9.0,2.0,41.89,7.0,874.5,0.0,68.3,2.53,53.5,825.7,-9999.0,-9999.0,-9999.0,-9999.0,-9999.0,-9999.0,-9999.0,0.0,1,1,"time.struct_time(tm_year=2022, tm_mon=9, tm_mday=7, tm_hour=23, tm_min=39, tm_sec=40, tm_wday=2, tm_yday=250, tm_isdst=-1)",2022-09-07,2022,9,250,7,39
2022-09-07 23:42:10,40.765942,-111.909859,1279.2,-9999.0,-9999.0,-9999.0,13.25,42.47,38.81,7.1,4.0,2.0,41.89,7.0,874.4,0.0,61.1,2.52,53.5,825.5,-9999.0,-9999.0,-9999.0,-9999.0,-9999.0,-9999.0,-9999.0,0.0,1,1,"time.struct_time(tm_year=2022, tm_mon=9, tm_mday=7, tm_hour=23, tm_min=42, tm_sec=10, tm_wday=2, tm_yday=250, tm_isdst=-1)",2022-09-07,2022,9,250,7,42
2022-09-07 23:44:40,40.765759,-111.909569,1312.4,-9999.0,-9999.0,-9999.0,13.24,42.47,38.8,6.91,3.0,2.0,41.89,7.0,874.2,0.0,78.0,2.52,53.4,825.6,-9999.0,-9999.0,-9999.0,-9999.0,-9999.0,-9999.0,-9999.0,0.0,1,1,"time.struct_time(tm_year=2022, tm_mon=9, tm_mday=7, tm_hour=23, tm_min=44, tm_sec=40, tm_wday=2, tm_yday=250, tm_isdst=-1)",2022-09-07,2022,9,250,7,44
2022-09-07 23:47:10,40.765873,-111.909698,1315.6,-9999.0,-9999.0,-9999.0,13.25,42.46,38.71,7.0,3.0,2.0,41.89,7.0,874.3,0.0,69.2,2.52,53.4,825.6,-9999.0,-9999.0,-9999.0,-9999.0,-9999.0,-9999.0,-9999.0,0.0,1,1,"time.struct_time(tm_year=2022, tm_mon=9, tm_mday=7, tm_hour=23, tm_min=47, tm_sec=10, tm_wday=2, tm_yday=250, tm_isdst=-1)",2022-09-07,2022,9,250,7,47
2022-09-07 23:49:40,40.76561,-111.909477,1302.2,-9999.0,-9999.0,-9999.0,13.25,42.46,38.65,7.44,5.0,2.0,41.89,7.0,874.1,0.0,68.0,2.5,53.4,825.6,-9999.0,-9999.0,-9999.0,-9999.0,-9999.0,-9999.0,-9999.0,0.0,1,1,"time.struct_time(tm_year=2022, tm_mon=9, tm_mday=7, tm_hour=23, tm_min=49, tm_sec=40, tm_wday=2, tm_yday=250, tm_isdst=-1)",2022-09-07,2022,9,250,7,49
2022-09-07 23:52:10,40.765701,-111.909554,1301.6,-9999.0,-9999.0,-9999.0,13.25,42.45,38.67,7.48,15.0,2.0,41.89,7.0,874.3,0.0,59.2,2.52,53.4,825.5,-9999.0,-9999.0,-9999.0,-9999.0,-9999.0,-9999.0,-9999.0,0.0,1,1,"time.struct_time(tm_year=2022, tm_mon=9, tm_mday=7, tm_hour=23, tm_min=52, tm_sec=10, tm_wday=2, tm_yday=250, tm_isdst=-1)",2022-09-07,2022,9,250,7,52
2022-09-07 23:54:40,40.76585,-111.909691,1277.4,-9999.0,-9999.0,-9999.0,13.24,42.45,38.61,7.3,10.0,2.0,41.78,7.0,874.1,0.0,66.3,2.51,53.4,825.4,-9999.0,-9999.0,-9999.0,-9999.0,-9999.0,-9999.0,-9999.0,0.0,1,1,"time.struct_time(tm_year=2022, tm_mon=9, tm_mday=7, tm_hour=23, tm_min=54, tm_sec=40, tm_wday=2, tm_yday=250, tm_isdst=-1)",2022-09-07,2022,9,250,7,54
2022-09-07 23:57:10,40.765697,-111.90966,1287.4,-9999.0,-9999.0,-9999.0,13.25,42.45,38.51,7.2,4.0,2.0,41.78,7.0,874.0,0.0,69.0,2.53,53.4,825.2,-9999.0,-9999.0,-9999.0,-9999.0,-9999.0,-9999.0,-9999.0,0.0,1,1,"time.struct_time(tm_year=2022, tm_mon=9, tm_mday=7, tm_hour=23, tm_min=57, tm_sec=10, tm_wday=2, tm_yday=250, tm_isdst=-1)",2022-09-07,2022,9,250,7,57
2022-09-07 23:59:40,40.765835,-111.909683,1261.4,-9999.0,-9999.0,-9999.0,13.25,42.45,38.37,7.21,3.0,2.0,41.78,7.0,874.1,0.0,78.3,2.48,53.4,825.5,-9999.0,-9999.0,-9999.0,-9999.0,-9999.0,-9999.0,-9999.0,0.0,1,1,"time.struct_time(tm_year=2022, tm_mon=9, tm_mday=7, tm_hour=23, tm_min=59, tm_sec=40, tm_wday=2, tm_yday=250, tm_isdst=-1)",2022-09-07,2022,9,250,7,59
2022-09-08 00:02:10,40.76569,-111.909698,1270.0,-9999.0,-9999.0,-9999.0,13.25,42.43,38.33,7.17,3.0,2.0,41.72,7.0,874.2,0.0,77.8,2.48,53.4,825.5,-9999.0,-9999.0,-9999.0,-9999.0,-9999.0,-9999.0,-9999.0,0.0,1,1,"time.struct_time(tm_year=2022, tm_mon=9, tm_mday=8, tm_hour=0, tm_min=2, tm_sec=10, tm_wday=3, tm_yday=251, tm_isdst=-1)",2022-09-08,2022,9,251,8,2
2022-09-08 00:04:40,40.765732,-111.909691,1275.4,-9999.0,-9999.0,-9999.0,13.24,42.42,38.31,7.16,3.0,2.0,41.72,7.0,874.1,0.0,78.4,2.52,53.4,825.3,-9999.0,-9999.0,-9999.0,-9999.0,-9999.0,-9999.0,-9999.0,0.0,1,1,"time.struct_time(tm_year=2022, tm_mon=9, tm_mday=8, tm_hour=0, tm_min=4, tm_sec=40, tm_wday=3, tm_yday=251, tm_isdst=-1)",2022-09-08,2022,9,251,8,4
2022-09-08 00:07:10,40.765736,-111.909546,1287.7,-9999.0,-9999.0,-9999.0,13.25,42.42,38.23,7.43,3.0,2.0,41.72,7.0,874.0,0.0,66.3,2.51,53.4,825.4,-9999.0,-9999.0,-9999.0,-9999.0,-9999.0,-9999.0,-9999.0,0.0,1,1,"time.struct_time(tm_year=2022, tm_mon=9, tm_mday=8, tm_hour=0, tm_min=7, tm_sec=10, tm_wday=3, tm_yday=251, tm_isdst=-1)",2022-09-08,2022,9,251,8,7
2022-09-08 00:09:40,40.765827,-111.909599,1280.4,-9999.0,-9999.0,-9999.0,13.25,42.41,38.15,7.36,2.0,2.0,41.72,7.0,874.1,0.0,63.7,2.52,53.4,825.4,-9999.0,-9999.0,-9999.0,-9999.0,-9999.0,-9999.0,-9999.0,0.0,1,1,"time.struct_time(tm_year=2022, tm_mon=9, tm_mday=8, tm_hour=0, tm_min=9, tm_sec=40, tm_wday=3, tm_yday=251, tm_isdst=-1)",2022-09-08,2022,9,251,8,9
2022-09-08 00:12:10,40.765732,-111.909622,1278.3,-9999.0,-9999.0,-9999.0,13.24,42.41,38.13,6.97,2.0,2.0,41.72,7.0,874.1,0.0,66.3,2.53,53.4,825.5,-9999.0,-9999.0,-9999.0,-9999.0,-9999.0,-9999.0,-9999.0,0.0,1,1,"time.struct_time(tm_year=2022, tm_mon=9, tm_mday=8, tm_hour=0, tm_min=12, tm_sec=10, tm_wday=3, tm_yday=251, tm_isdst=-1)",2022-09-08,2022,9,251,8,12
2022-09-08 00:14:40,40.765755,-111.90976,1293.5,-9999.0,-9999.0,-9999.0,13.25,42.4,38.15,7.33,4.0,2.0,41.61,7.0,874.0,0.0,66.3,2.51,53.3,825.4,-9999.0,-9999.0,-9999.0,-9999.0,-9999.0,-9999.0,-9999.0,0.0,1,1,"time.struct_time(tm_year=2022, tm_mon=9, tm_mday=8, tm_hour=0, tm_min=14, tm_sec=40, tm_wday=3, tm_yday=251, tm_isdst=-1)",2022-09-08,2022,9,251,8,14
2022-09-08 00:17:10,40.765747,-111.909599,1278.8,-9999.0,-9999.0,-9999.0,13.25,42.39,38.11,7.31,3.0,2.0,41.61,7.0,874.1,0.0,67.1,2.52,53.3,825.5,-9999.0,-9999.0,-9999.0,-9999.0,-9999.0,-9999.0,-9999.0,0.0,1,1,"time.struct_time(tm_year=2022, tm_mon=9, tm_mday=8, tm_hour=0, tm_min=17, tm_sec=10, tm_wday=3, tm_yday=251, tm_isdst=-1)",2022-09-08,2022,9,251,8,17
2022-09-08 00:19:40,40.765846,-111.909592,1264.8,-9999.0,-9999.0,-9999.0,13.25,42.39,37.99,7.4,3.0,2.0,41.61,7.0,874.0,0.0,63.1,2.51,53.3,825.5,-9999.0,-9999.0,-9999.0,-9999.0,-9999.0,-9999.0,-9999.0,0.0,1,1,"time.struct_time(tm_year=2022, tm_mon=9, tm_mday=8, tm_hour=0, tm_min=19, tm_sec=40, tm_wday=3, tm_yday=251, tm_isdst=-1)",2022-09-08,2022,9,251,8,19
2022-09-08 00:22:10,40.765743,-111.909592,1271.1,-9999.0,-9999.0,-9999.0,13.25,42.38,38.01,7.34,2.0,2.0,41.61,7.0,874.0,0.0,58.1,2.49,53.3,825.4,-9999.0,-9999.0,-9999.0,-9999.0,-9999.0,-9999.0,-9999.0,0.0,1,1,"time.struct_time(tm_year=2022, tm_mon=9, tm_mday=8, tm_hour=0, tm_min=22, tm_sec=10, tm_wday=3, tm_yday=251, tm_isdst=-1)",2022-09-08,2022,9,251,8,22
2022-09-08 00:25:45,40.765625,-111.909645,1269.5,-9999.0,-9999.0,-9999.0,13.24,42.36,37.99,7.62,2.0,2.0,41.5,7.0,873.9,0.0,53.6,2.53,53.3,825.3,-9999.0,-9999.0,-9999.0,-9999.0,-9999.0,-9999.0,-9999.0,0.0,1,1,"time.struct_time(tm_year=2022, tm_mon=9, tm_mday=8, tm_hour=0, tm_min=25, tm_sec=45, tm_wday=3, tm_yday=251, tm_isdst=-1)",2022-09-08,2022,9,251,8,25
2022-09-08 00:28:15,40.765697,-111.909584,1279.0,-9999.0,-9999.0,-9999.0,13.24,42.35,37.97,7.7,4.0,2.0,41.5,7.0,873.9,0.0,64.6,2.5,53.3,825.3,-9999.0,-9999.0,-9999.0,-9999.0,-9999.0,-9999.0,-9999.0,0.0,1,1,"time.struct_time(tm_year=2022, tm_mon=9, tm_mday=8, tm_hour=0, tm_min=28, tm_sec=15, tm_wday=3, tm_yday=251, tm_isdst=-1)",2022-09-08,2022,9,251,8,28
2022-09-08 00:30:45,40.765686,-111.909409,1282.3,-9999.0,-9999.0,-9999.0,13.25,42.34,37.95,7.78,3.0,2.0,41.5,7.0,874.1,0.0,59.0,2.54,53.3,825.5,-9999.0,-9999.0,-9999.0,-9999.0,-9999.0,-9999.0,-9999.0,0.0,1,1,"time.struct_time(tm_year=2022, tm_mon=9, tm_mday=8, tm_hour=0, tm_min=30, tm_sec=45, tm_wday=3, tm_yday=251, tm_isdst=-1)",2022-09-08,2022,9,251,8,30
2022-09-08 00:33:15,40.765717,-111.9095,1295.2,-9999.0,-9999.0,-9999.0,13.24,42.34,37.91,7.72,3.0,2.0,41.39,7.0,874.2,0.0,58.4,2.5,53.3,825.5,-9999.0,-9999.0,-9999.0,-9999.0,-9999.0,-9999.0,-9999.0,0.0,1,1,"time.struct_time(tm_year=2022, tm_mon=9, tm_mday=8, tm_hour=0, tm_min=33, tm_sec=15, tm_wday=3, tm_yday=251, tm_isdst=-1)",2022-09-08,2022,9,251,8,33
2022-09-08 00:35:45,40.765793,-111.909599,1282.9,-9999.0,-9999.0,-9999.0,13.25,42.32,37.89,7.58,3.0,2.0,41.39,7.0,873.9,0.0,49.2,2.53,53.3,825.4,-9999.0,-9999.0,-9999.0,-9999.0,-9999.0,-9999.0,-9999.0,0.0,1,1,"time.struct_time(tm_year=2022, tm_mon=9, tm_mday=8, tm_hour=0, tm_min=35, tm_sec=45, tm_wday=3, tm_yday=251, tm_isdst=-1)",2022-09-08,2022,9,251,8,35
2022-09-08 00:38:15,40.765713,-111.909668,1284.0,-9999.0,-9999.0,-9999.0,13.25,42.31,37.85,7.56,2.0,2.0,41.39,7.0,873.9,0.0,56.2,2.52,53.3,825.4,-9999.0,-9999.0,-9999.0,-9999.0,-9999.0,-9999.0,-9999.0,0.0,1,1,"time.struct_time(tm_year=2022, tm_mon=9, tm_mday=8, tm_hour=0, tm_min=38, tm_sec=15, tm_wday=3, tm_yday=251, tm_isdst=-1)",2022-09-08,2022,9,251,8,38
2022-09-08 00:40:45,40.765732,-111.90966,1284.0,-9999.0,-9999.0,-9999.0,13.25,42.29,37.85,7.6,3.0,2.0,41.39,7.0,874.0,0.0,54.6,2.53,53.3,825.4,-9999.0,-9999.0,-9999.0,-9999.0,-9999.0,-9999.0,-9999.0,0.0,1,1,"time.struct_time(tm_year=2022, tm_mon=9, tm_mday=8, tm_hour=0, tm_min=40, tm_sec=45, tm_wday=3, tm_yday=251, tm_isdst=-1)",2022-09-08,2022,9,251,8,40
2022-09-08 00:43:15,40.765743,-111.909477,1274.1,-9999.0,-9999.0,-9999.0,13.25,42.28,37.8,7.86,2.0,2.0,41.28,7.0,874.0,0.0,53.9,2.52,53.3,825.4,-9999.0,-9999.0,-9999.0,-9999.0,-9999.0,-9999.0,-9999.0,0.0,1,1,"time.struct_time(tm_year=2022, tm_mon=9, tm_mday=8, tm_hour=0, tm_min=43, tm_sec=15, tm_wday=3, tm_yday=251, tm_isdst=-1)",2022-09-08,2022,9,251,8,43
2022-09-08 00:45:45,40.765717,-111.909584,1279.7,-9999.0,-9999.0,-9999.0,13.25,42.26,37.73,8.0,2.0,2.0,41.28,7.0,874.2,0.0,44.7,2.5,53.3,825.0,-9999.0,-9999.0,-9999.0,-9999.0,-9999.0,-9999.0,-9999.0,0.0,1,1,"time.struct_time(tm_year=2022, tm_mon=9, tm_mday=8, tm_hour=0, tm_min=45, tm_sec=45, tm_wday=3, tm_yday=251, tm_isdst=-1)",2022-09-08,2022,9,251,8,45
2022-09-08 00:48:15,40.765717,-111.909851,1293.2,-9999.0,-9999.0,-9999.0,13.25,42.24,37.76,8.07,3.0,2.0,41.28,7.0,874.1,0.0,44.1,2.51,53.3,825.5,-9999.0,-9999.0,-9999.0,-9999.0,-9999.0,-9999.0,-9999.0,0.0,1,1,"time.struct_time(tm_year=2022, tm_mon=9, tm_mday=8, tm_hour=0, tm_min=48, tm_sec=15, tm_wday=3, tm_yday=251, tm_isdst=-1)",2022-09-08,2022,9,251,8,48
2022-09-08 00:50:45,40.765686,-111.909653,1254.2,-9999.0,-9999.0,-9999.0,13.24,42.22,37.68,8.19,3.0,2.0,41.22,7.0,874.0,0.0,46.5,2.52,53.3,825.5,-9999.0,-9999.0,-9999.0,-9999.0,-9999.0,-9999.0,-9999.0,0.0,1,1,"time.struct_time(tm_year=2022, tm_mon=9, tm_mday=8, tm_hour=0, tm_min=50, tm_sec=45, tm_wday=3, tm_yday=251, tm_isdst=-1)",2022-09-08,2022,9,251,8,50
2022-09-08 00:53:15,40.765987,-111.909714,1265.8,-9999.0,-9999.0,-9999.0,13.25,42.21,37.66,8.41,2.0,2.0,41.22,7.0,874.0,0.0,45.0,2.52,53.3,825.3,-9999.0,-9999.0,-9999.0,-9999.0,-9999.0,-9999.0,-9999.0,0.0,1,1,"time.struct_time(tm_year=2022, tm_mon=9, tm_mday=8, tm_hour=0, tm_min=53, tm_sec=15, tm_wday=3, tm_yday=251, tm_isdst=-1)",2022-09-08,2022,9,251,8,53
2022-09-08 00:55:45,40.765945,-111.909714,1235.9,-9999.0,-9999.0,-9999.0,13.25,42.19,37.65,8.31,3.0,2.0,41.22,7.0,874.1,0.0,38.5,2.51,53.3,825.4,-9999.0,-9999.0,-9999.0,-9999.0,-9999.0,-9999.0,-9999.0,0.0,1,1,"time.struct_time(tm_year=2022, tm_mon=9, tm_mday=8, tm_hour=0, tm_min=55, tm_sec=45, tm_wday=3, tm_yday=251, tm_isdst=-1)",2022-09-08,2022,9,251,8,55
2022-09-08 00:58:15,40.765759,-111.909798,1256.1,-9999.0,-9999.0,-9999.0,13.25,42.17,37.64,8.51,3.0,2.0,41.22,7.0,873.9,0.0,39.0,2.51,53.2,825.4,-9999.0,-9999.0,-9999.0,-9999.0,-9999.0,-9999.0,-9999.0,0.0,1,1,"time.struct_time(tm_year=2022, tm_mon=9, tm_mday=8, tm_hour=0, tm_min=58, tm_sec=15, tm_wday=3, tm_yday=251, tm_isdst=-1)",2022-09-08,2022,9,251,8,58
2022-09-08 01:00:45,40.765694,-111.909851,1278.5,-9999.0,-9999.0,-9999.0,13.25,42.15,37.65,8.18,3.0,2.0,41.11,7.0,873.9,0.0,44.2,2.51,53.2,825.4,-9999.0,-9999.0,-9999.0,-9999.0,-9999.0,-9999.0,-9999.0,0.0,1,1,"time.struct_time(tm_year=2022, tm_mon=9, tm_mday=8, tm_hour=1, tm_min=0, tm_sec=45, tm_wday=3, tm_yday=251, tm_isdst=-1)",2022-09-08,2022,9,251,8,0
2022-09-08 01:03:15,40.765614,-111.909821,1280.7,-9999.0,-9999.0,-9999.0,13.25,42.13,37.6,8.04,3.0,2.0,41.11,7.0,874.0,0.0,36.8,2.52,53.2,825.3,-9999.0,-9999.0,-9999.0,-9999.0,-9999.0,-9999.0,-9999.0,0.0,1,1,"time.struct_time(tm_year=2022, tm_mon=9, tm_mday=8, tm_hour=1, tm_min=3, tm_sec=15, tm_wday=3, tm_yday=251, tm_isdst=-1)",2022-09-08,2022,9,251,8,3
2022-09-08 01:05:45,40.765934,-111.909813,1309.1,-9999.0,-9999.0,-9999.0,13.24,42.11,37.59,8.22,3.0,2.0,41.0,7.0,873.9,0.0,38.9,2.53,53.2,825.4,-9999.0,-9999.0,-9999.0,-9999.0,-9999.0,-9999.0,-9999.0,0.0,1,1,"time.struct_time(tm_year=2022, tm_mon=9, tm_mday=8, tm_hour=1, tm_min=5, tm_sec=45, tm_wday=3, tm_yday=251, tm_isdst=-1)",2022-09-08,2022,9,251,8,5
2022-09-08 01:08:15,40.765823,-111.909645,1304.5,-9999.0,-9999.0,-9999.0,13.25,42.09,37.57,8.21,2.0,2.0,41.0,7.0,873.9,0.0,39.3,2.53,53.2,825.3,-9999.0,-9999.0,-9999.0,-9999.0,-9999.0,-9999.0,-9999.0,0.0,1,1,"time.struct_time(tm_year=2022, tm_mon=9, tm_mday=8, tm_hour=1, tm_min=8, tm_sec=15, tm_wday=3, tm_yday=251, tm_isdst=-1)",2022-09-08,2022,9,251,8,8
2022-09-08 01:10:45,40.765789,-111.909714,1298.0,-9999.0,-9999.0,-9999.0,13.25,42.07,37.32,8.34,2.0,2.0,41.0,7.0,873.9,0.0,39.8,2.5,53.2,825.3,-9999.0,-9999.0,-9999.0,-9999.0,-9999.0,-9999.0,-9999.0,0.0,1,1,"time.struct_time(tm_year=2022, tm_mon=9, tm_mday=8, tm_hour=1, tm_min=10, tm_sec=45, tm_wday=3, tm_yday=251, tm_isdst=-1)",2022-09-08,2022,9,251,8,10
2022-09-08 01:13:15,40.765778,-111.909714,1278.4,-9999.0,-9999.0,-9999.0,13.25,42.04,37.14,8.54,2.0,2.0,40.89,7.0,874.0,0.0,37.6,2.52,53.2,825.1,-9999.0,-9999.0,-9999.0,-9999.0,-9999.0,-9999.0,-9999.0,0.0,1,1,"time.struct_time(tm_year=2022, tm_mon=9, tm_mday=8, tm_hour=1, tm_min=13, tm_sec=15, tm_wday=3, tm_yday=251, tm_isdst=-1)",2022-09-08,2022,9,251,8,13
2022-09-08 01:15:45,40.765915,-111.909767,1301.8,-9999.0,-9999.0,-9999.0,13.24,42.01,37.1,8.84,3.0,2.0,40.89,7.0,874.0,0.0,31.3,2.52,53.2,825.2,-9999.0,-9999.0,-9999.0,-9999.0,-9999.0,-9999.0,-9999.0,0.0,1,1,"time.struct_time(tm_year=2022, tm_mon=9, tm_mday=8, tm_hour=1, tm_min=15, tm_sec=45, tm_wday=3, tm_yday=251, tm_isdst=-1)",2022-09-08,2022,9,251,8,15
2022-09-08 01:18:15,40.765987,-111.909599,1294.7,-9999.0,-9999.0,-9999.0,13.25,41.97,36.93,8.76,2.0,2.0,40.78,7.0,873.8,0.0,37.8,2.52,53.1,825.2,-9999.0,-9999.0,-9999.0,-9999.0,-9999.0,-9999.0,-9999.0,0.0,1,1,"time.struct_time(tm_year=2022, tm_mon=9, tm_mday=8, tm_hour=1, tm_min=18, tm_sec=15, tm_wday=3, tm_yday=251, tm_isdst=-1)",2022-09-08,2022,9,251,8,18
2022-09-08 01:20:45,40.765907,-111.909714,1282.5,-9999.0,-9999.0,-9999.0,13.25,41.93,36.79,8.83,3.0,2.0,40.72,7.0,873.8,0.0,38.3,2.51,53.1,825.1,-9999.0,-9999.0,-9999.0,-9999.0,-9999.0,-9999.0,-9999.0,0.0,1,1,"time.struct_time(tm_year=2022, tm_mon=9, tm_mday=8, tm_hour=1, tm_min=20, tm_sec=45, tm_wday=3, tm_yday=251, tm_isdst=-1)",2022-09-08,2022,9,251,8,20
2022-09-08 01:23:15,40.766018,-111.909576,1274.0,-9999.0,-9999.0,-9999.0,13.25,41.89,36.74,8.99,4.0,2.0,40.72,7.0,874.0,0.0,31.6,2.51,53.1,825.2,-9999.0,-9999.0,-9999.0,-9999.0,-9999.0,-9999.0,-9999.0,0.0,1,1,"time.struct_time(tm_year=2022, tm_mon=9, tm_mday=8, tm_hour=1, tm_min=23, tm_sec=15, tm_wday=3, tm_yday=251, tm_isdst=-1)",2022-09-08,2022,9,251,8,23
2022-09-08 01:26:50,40.765774,-111.90966,1272.1,-9999.0,-9999.0,-9999.0,13.25,41.83,36.73,9.61,3.0,2.0,40.61,7.0,873.7,0.0,36.0,2.53,53.1,825.1,-9999.0,-9999.0,-9999.0,-9999.0,-9999.0,-9999.0,-9999.0,0.0,1,1,"time.struct_time(tm_year=2022, tm_mon=9, tm_mday=8, tm_hour=1, tm_min=26, tm_sec=50, tm_wday=3, tm_yday=251, tm_isdst=-1)",2022-09-08,2022,9,251,8,26
2022-09-08 01:29:20,40.765797,-111.909607,1257.6,-9999.0,-9999.0,-9999.0,13.25,41.78,36.46,9.14,3.0,2.0,40.5,7.0,873.9,0.0,39.9,2.51,53.0,825.0,-9999.0,-9999.0,-9999.0,-9999.0,-9999.0,-9999.0,-9999.0,0.0,1,1,"time.struct_time(tm_year=2022, tm_mon=9, tm_mday=8, tm_hour=1, tm_min=29, tm_sec=20, tm_wday=3, tm_yday=251, tm_isdst=-1)",2022-09-08,2022,9,251,8,29
2022-09-08 01:31:50,40.765659,-111.909729,1249.3,-9999.0,-9999.0,-9999.0,13.25,41.74,36.38,8.88,4.0,2.0,40.5,7.0,873.8,0.0,27.1,2.55,53.0,824.9,-9999.0,-9999.0,-9999.0,-9999.0,-9999.0,-9999.0,-9999.0,0.0,1,1,"time.struct_time(tm_year=2022, tm_mon=9, tm_mday=8, tm_hour=1, tm_min=31, tm_sec=50, tm_wday=3, tm_yday=251, tm_isdst=-1)",2022-09-08,2022,9,251,8,31
2022-09-08 01:34:20,40.765839,-111.90963,1231.0,-9999.0,-9999.0,-9999.0,13.25,41.69,36.28,9.22,4.0,2.0,40.39,7.0,873.8,0.0,33.7,2.53,53.0,823.5,-9999.0,-9999.0,-9999.0,-9999.0,-9999.0,-9999.0,-9999.0,0.0,1,1,"time.struct_time(tm_year=2022, tm_mon=9, tm_mday=8, tm_hour=1, tm_min=34, tm_sec=20, tm_wday=3, tm_yday=251, tm_isdst=-1)",2022-09-08,2022,9,251,8,34
2022-09-08 01:36:50,40.765602,-111.909767,1259.4,-9999.0,-9999.0,-9999.0,13.25,41.63,36.06,9.18,4.0,2.0,40.28,7.0,873.7,0.0,28.1,2.55,52.9,823.3,-9999.0,-9999.0,-9999.0,-9999.0,-9999.0,-9999.0,-9999.0,0.0,1,1,"time.struct_time(tm_year=2022, tm_mon=9, tm_mday=8, tm_hour=1, tm_min=36, tm_sec=50, tm_wday=3, tm_yday=251, tm_isdst=-1)",2022-09-08,2022,9,251,8,36
2022-09-08 01:39:20,40.765949,-111.909859,1284.1,-9999.0,-9999.0,-9999.0,13.25,41.57,35.95,9.44,3.0,2.0,40.28,8.0,873.7,0.0,28.8,2.54,52.9,822.9,-9999.0,-9999.0,-9999.0,-9999.0,-9999.0,-9999.0,-9999.0,0.0,1,1,"time.struct_time(tm_year=2022, tm_mon=9, tm_mday=8, tm_hour=1, tm_min=39, tm_sec=20, tm_wday=3, tm_yday=251, tm_isdst=-1)",2022-09-08,2022,9,251,8,39
2022-09-08 01:41:50,40.765694,-111.909821,1274.0,-9999.0,-9999.0,-9999.0,13.25,41.52,35.86,9.56,4.0,2.0,40.22,8.0,873.7,0.0,33.1,2.52,52.8,823.0,-9999.0,-9999.0,-9999.0,-9999.0,-9999.0,-9999.0,-9999.0,0.0,1,1,"time.struct_time(tm_year=2022, tm_mon=9, tm_mday=8, tm_hour=1, tm_min=41, tm_sec=50, tm_wday=3, tm_yday=251, tm_isdst=-1)",2022-09-08,2022,9,251,8,41
2022-09-08 01:44:20,40.765686,-111.909592,1265.3,-9999.0,-9999.0,-9999.0,13.25,41.45,35.74,9.64,4.0,2.0,40.11,8.0,873.7,0.0,29.4,2.54,52.7,823.1,-9999.0,-9999.0,-9999.0,-9999.0,-9999.0,-9999.0,-9999.0,0.0,1,1,"time.struct_time(tm_year=2022, tm_mon=9, tm_mday=8, tm_hour=1, tm_min=44, tm_sec=20, tm_wday=3, tm_yday=251, tm_isdst=-1)",2022-09-08,2022,9,251,8,44
2022-09-08 01:46:50,40.765476,-111.909744,1261.1,-9999.0,-9999.0,-9999.0,13.25,41.38,35.59,9.72,3.0,2.0,40.11,8.0,873.7,0.0,32.5,2.54,52.6,822.9,-9999.0,-9999.0,-9999.0,-9999.0,-9999.0,-9999.0,-9999.0,0.0,1,1,"time.struct_time(tm_year=2022, tm_mon=9, tm_mday=8, tm_hour=1, tm_min=46, tm_sec=50, tm_wday=3, tm_yday=251, tm_isdst=-1)",2022-09-08,2022,9,251,8,46
