Timestamp_UTC,Latitude_ddeg,Longitude_ddeg,Elevation_m,GPS_Speed_m/s,GPS_Direction_deg,GPS_RMC_Valid_binary,Battery_Voltage_volts,Bus_Box_Temperature_degC,Bus_Top_Temperature_degC,Bus_Top_Relative_Humidity_%,ES642_PM2.5_Concentration_ug/m3,ES642_Air_Flow_Rate_L/min,ES642_Internal_Air_Temperature_degC,ES642_Internal_Relative_Humidity_%,ES642_Internal_Air_Pressure_hpa,ES642_Error_Code_code,2B_Ozone_Concentration_ppbv,2B_Air_Flow_Rate_L/min,2B_Internal_Air_Temperature_degC,2B_Internal_Air_Pressure_hpa,2B405_NO_Concentration_ppbv,2B405_NO2_Concentration_ppbv,2B405_NOX_Concentration_ppbv,2B405_Internal_Air_Temperature_degC,2B405_Internal_Air_Pressure_hpa,2B405_Air_Flow_Rate_L/min,2B405_Cell_O3_Flow_Rate_mL/min,PM2.5_Data_Flagged_binary,Ozone_Data_Flagged_binary,GPS_Data_Flagged_binary,Time_Tuple,Date,Year,Month,Day_of_Year,Day_of_Month,Minute,Hour,Transit_ID
2023-04-06 17:03:05,40.765678,-111.909714,1276.9,-9999.0,-9999.0,-9999.0,13.98,6.64,4.49,27.8,2.0,2.0,5.89,25.0,881.8,0.0,16.6,2.3,13.4,830.5,85.3,48.7,134.0,8.3,810.3,2.01,133.9,0.0,0,0,"time.struct_time(tm_year=2023, tm_mon=4, tm_mday=6, tm_hour=17, tm_min=3, tm_sec=5, tm_wday=3, tm_yday=96, tm_isdst=-1)",2023-04-06,2023,4,96,6,3,17,BUS03
2023-04-06 17:05:35,40.765888,-111.909676,1273.5,-9999.0,-9999.0,-9999.0,13.98,6.78,4.5,30.55,1.0,2.0,6.5,25.0,881.8,0.0,12.9,2.31,14.2,830.4,101.6,48.9,150.6,8.5,810.1,2.01,134.2,0.0,0,0,"time.struct_time(tm_year=2023, tm_mon=4, tm_mday=6, tm_hour=17, tm_min=5, tm_sec=35, tm_wday=3, tm_yday=96, tm_isdst=-1)",2023-04-06,2023,4,96,6,5,17,BUS03
2023-04-06 17:08:05,40.765858,-111.909637,1275.6,-9999.0,-9999.0,-9999.0,13.98,6.95,4.63,27.51,2.0,2.0,6.78,24.0,881.8,0.0,12.9,2.31,14.8,830.5,12.4,40.6,53.0,8.7,810.1,2.01,134.2,0.0,0,0,"time.struct_time(tm_year=2023, tm_mon=4, tm_mday=6, tm_hour=17, tm_min=8, tm_sec=5, tm_wday=3, tm_yday=96, tm_isdst=-1)",2023-04-06,2023,4,96,6,8,17,BUS03
2023-04-06 17:10:35,40.765728,-111.909286,1274.1,-9999.0,-9999.0,-9999.0,13.98,7.11,4.66,27.18,9.0,2.0,7.11,23.0,882.0,0.0,11.3,2.33,15.4,830.4,10.9,19.9,30.8,8.8,810.0,2.01,134.2,0.0,0,0,"time.struct_time(tm_year=2023, tm_mon=4, tm_mday=6, tm_hour=17, tm_min=10, tm_sec=35, tm_wday=3, tm_yday=96, tm_isdst=-1)",2023-04-06,2023,4,96,6,10,17,BUS03
2023-04-06 17:13:10,40.765808,-111.909622,1274.5,-9999.0,-9999.0,-9999.0,13.98,7.26,4.88,25.76,3.0,2.0,7.28,23.0,881.8,0.0,26.6,2.32,16.0,830.5,32.3,27.9,60.2,9.0,810.1,2.01,135.7,0.0,0,0,"time.struct_time(tm_year=2023, tm_mon=4, tm_mday=6, tm_hour=17, tm_min=13, tm_sec=10, tm_wday=3, tm_yday=96, tm_isdst=-1)",2023-04-06,2023,4,96,6,13,17,BUS03
2023-04-06 17:15:40,40.765732,-111.909554,1273.6,-9999.0,-9999.0,-9999.0,13.98,7.4,4.91,25.06,3.0,2.0,7.5,22.0,882.0,0.0,23.2,2.33,16.5,831.0,29.2,30.6,59.8,9.2,810.0,2.01,135.8,0.0,0,0,"time.struct_time(tm_year=2023, tm_mon=4, tm_mday=6, tm_hour=17, tm_min=15, tm_sec=40, tm_wday=3, tm_yday=96, tm_isdst=-1)",2023-04-06,2023,4,96,6,15,17,BUS03
2023-04-06 17:18:10,40.76564,-111.909454,1267.0,-9999.0,-9999.0,-9999.0,13.98,7.54,5.01,26.03,2.0,2.0,7.61,22.0,881.8,0.0,12.3,2.33,16.9,830.5,60.4,35.6,96.0,9.4,809.9,2.02,135.7,0.0,0,0,"time.struct_time(tm_year=2023, tm_mon=4, tm_mday=6, tm_hour=17, tm_min=18, tm_sec=10, tm_wday=3, tm_yday=96, tm_isdst=-1)",2023-04-06,2023,4,96,6,18,17,BUS03
2023-04-06 17:20:40,40.765839,-111.909683,1266.2,-9999.0,-9999.0,-9999.0,13.98,7.67,5.15,26.56,3.0,2.0,7.72,22.0,881.8,0.0,4.4,2.35,17.3,831.0,94.7,39.0,133.8,9.6,809.9,2.02,136.0,0.0,0,0,"time.struct_time(tm_year=2023, tm_mon=4, tm_mday=6, tm_hour=17, tm_min=20, tm_sec=40, tm_wday=3, tm_yday=96, tm_isdst=-1)",2023-04-06,2023,4,96,6,20,17,BUS03
2023-04-06 17:23:10,40.765823,-111.909904,1268.1,-9999.0,-9999.0,-9999.0,13.98,7.81,5.21,25.58,2.0,2.0,7.78,22.0,881.9,0.0,20.2,2.34,17.7,830.5,42.3,32.3,74.6,9.7,809.9,2.02,135.9,0.0,0,0,"time.struct_time(tm_year=2023, tm_mon=4, tm_mday=6, tm_hour=17, tm_min=23, tm_sec=10, tm_wday=3, tm_yday=96, tm_isdst=-1)",2023-04-06,2023,4,96,6,23,17,BUS03
2023-04-06 17:25:40,40.765652,-111.909676,1269.9,-9999.0,-9999.0,-9999.0,13.98,7.93,5.38,24.95,1.0,2.0,8.0,22.0,881.8,0.0,24.9,2.35,18.1,831.0,52.7,32.3,85.1,9.9,809.9,2.02,135.8,0.0,0,0,"time.struct_time(tm_year=2023, tm_mon=4, tm_mday=6, tm_hour=17, tm_min=25, tm_sec=40, tm_wday=3, tm_yday=96, tm_isdst=-1)",2023-04-06,2023,4,96,6,25,17,BUS03
2023-04-06 17:28:10,40.765751,-111.909721,1270.3,-9999.0,-9999.0,-9999.0,13.98,8.06,5.46,24.53,2.0,2.0,8.11,22.0,881.7,0.0,20.3,2.34,18.4,830.5,17.5,25.9,43.4,10.1,809.8,2.02,136.1,0.0,0,0,"time.struct_time(tm_year=2023, tm_mon=4, tm_mday=6, tm_hour=17, tm_min=28, tm_sec=10, tm_wday=3, tm_yday=96, tm_isdst=-1)",2023-04-06,2023,4,96,6,28,17,BUS03
2023-04-06 17:30:40,40.765923,-111.909843,1269.2,-9999.0,-9999.0,-9999.0,13.98,8.18,5.46,25.05,3.0,2.0,8.22,21.0,881.7,0.0,9.5,2.34,18.7,831.0,34.7,26.3,61.0,10.3,809.8,2.02,135.9,0.0,0,0,"time.struct_time(tm_year=2023, tm_mon=4, tm_mday=6, tm_hour=17, tm_min=30, tm_sec=40, tm_wday=3, tm_yday=96, tm_isdst=-1)",2023-04-06,2023,4,96,6,30,17,BUS03
2023-04-06 17:34:15,40.765694,-111.909698,1268.3,-9999.0,-9999.0,-9999.0,13.98,8.35,5.58,25.17,2.0,2.0,8.28,21.0,881.9,0.0,14.5,2.34,19.1,831.1,40.6,48.7,89.3,10.5,809.8,2.04,135.9,0.0,0,0,"time.struct_time(tm_year=2023, tm_mon=4, tm_mday=6, tm_hour=17, tm_min=34, tm_sec=15, tm_wday=3, tm_yday=96, tm_isdst=-1)",2023-04-06,2023,4,96,6,34,17,BUS03
2023-04-06 17:36:45,40.765774,-111.909698,1267.7,-9999.0,-9999.0,-9999.0,13.94,8.47,5.72,25.42,2.0,2.0,8.39,21.0,881.7,0.0,11.1,2.37,19.4,830.5,34.0,28.8,62.8,10.7,809.8,2.04,136.0,0.0,0,0,"time.struct_time(tm_year=2023, tm_mon=4, tm_mday=6, tm_hour=17, tm_min=36, tm_sec=45, tm_wday=3, tm_yday=96, tm_isdst=-1)",2023-04-06,2023,4,96,6,36,17,BUS03
2023-04-06 17:39:15,40.765564,-111.909691,1276.9,-9999.0,-9999.0,-9999.0,13.94,8.58,5.68,24.84,2.0,2.0,8.5,21.0,881.9,0.0,11.7,2.36,19.6,831.0,33.7,25.7,59.4,10.3,809.7,2.04,135.8,0.0,0,0,"time.struct_time(tm_year=2023, tm_mon=4, tm_mday=6, tm_hour=17, tm_min=39, tm_sec=15, tm_wday=3, tm_yday=96, tm_isdst=-1)",2023-04-06,2023,4,96,6,39,17,BUS03
2023-04-06 17:41:45,40.765717,-111.909744,1281.8,-9999.0,-9999.0,-9999.0,13.94,8.69,5.59,23.85,1.0,2.0,8.61,21.0,882.0,0.0,31.3,2.35,19.8,830.5,45.7,29.5,75.2,10.5,809.6,2.04,135.8,0.0,0,0,"time.struct_time(tm_year=2023, tm_mon=4, tm_mday=6, tm_hour=17, tm_min=41, tm_sec=45, tm_wday=3, tm_yday=96, tm_isdst=-1)",2023-04-06,2023,4,96,6,41,17,BUS03
2023-04-06 17:44:15,40.765789,-111.909698,1282.6,-9999.0,-9999.0,-9999.0,13.94,8.79,5.32,23.78,2.0,2.0,8.61,21.0,881.9,0.0,35.0,2.37,20.0,831.0,5.2,6.6,11.8,10.6,809.6,2.04,135.9,0.0,0,0,"time.struct_time(tm_year=2023, tm_mon=4, tm_mday=6, tm_hour=17, tm_min=44, tm_sec=15, tm_wday=3, tm_yday=96, tm_isdst=-1)",2023-04-06,2023,4,96,6,44,17,BUS03
2023-04-06 17:46:45,40.765682,-111.909645,1284.6,-9999.0,-9999.0,-9999.0,13.94,8.88,5.22,23.81,2.0,2.0,8.72,20.0,881.8,0.0,38.6,2.35,20.3,830.6,4.0,7.3,11.3,10.8,809.7,2.04,135.8,0.0,0,0,"time.struct_time(tm_year=2023, tm_mon=4, tm_mday=6, tm_hour=17, tm_min=46, tm_sec=45, tm_wday=3, tm_yday=96, tm_isdst=-1)",2023-04-06,2023,4,96,6,46,17,BUS03
2023-04-06 17:49:15,40.7659,-111.909676,1287.5,-9999.0,-9999.0,-9999.0,13.94,8.96,5.05,23.88,2.0,2.0,8.72,20.0,881.8,0.0,26.1,2.35,20.4,831.0,17.1,12.0,29.2,11.0,809.6,2.04,135.9,0.0,0,0,"time.struct_time(tm_year=2023, tm_mon=4, tm_mday=6, tm_hour=17, tm_min=49, tm_sec=15, tm_wday=3, tm_yday=96, tm_isdst=-1)",2023-04-06,2023,4,96,6,49,17,BUS03
2023-04-06 17:51:45,40.765724,-111.909698,1285.2,-9999.0,-9999.0,-9999.0,13.94,9.04,5.0,24.01,1.0,2.0,8.72,20.0,881.7,0.0,35.9,2.36,20.6,830.5,9.3,12.2,21.6,11.1,809.4,2.04,136.0,0.0,0,0,"time.struct_time(tm_year=2023, tm_mon=4, tm_mday=6, tm_hour=17, tm_min=51, tm_sec=45, tm_wday=3, tm_yday=96, tm_isdst=-1)",2023-04-06,2023,4,96,6,51,17,BUS03
2023-04-06 17:54:15,40.765911,-111.909569,1281.6,-9999.0,-9999.0,-9999.0,13.94,9.11,4.94,24.53,2.0,2.0,8.78,20.0,881.6,0.0,34.9,2.35,20.8,831.0,2.2,10.0,12.2,11.3,809.4,2.04,136.0,0.0,0,0,"time.struct_time(tm_year=2023, tm_mon=4, tm_mday=6, tm_hour=17, tm_min=54, tm_sec=15, tm_wday=3, tm_yday=96, tm_isdst=-1)",2023-04-06,2023,4,96,6,54,17,BUS03
2023-04-06 17:56:45,40.765884,-111.909645,1283.5,-9999.0,-9999.0,-9999.0,13.94,9.17,4.69,24.01,1.0,2.0,8.78,19.0,881.8,0.0,39.4,2.36,20.9,830.5,4.9,8.1,13.0,11.4,809.4,2.05,136.1,0.0,0,0,"time.struct_time(tm_year=2023, tm_mon=4, tm_mday=6, tm_hour=17, tm_min=56, tm_sec=45, tm_wday=3, tm_yday=96, tm_isdst=-1)",2023-04-06,2023,4,96,6,56,17,BUS03
2023-04-06 17:59:15,40.765759,-111.909737,1280.0,-9999.0,-9999.0,-9999.0,13.94,9.23,4.67,25.2,1.0,2.0,8.89,19.0,881.8,0.0,34.4,2.37,21.1,830.9,3.7,8.1,11.8,11.5,809.3,2.05,136.1,0.0,0,0,"time.struct_time(tm_year=2023, tm_mon=4, tm_mday=6, tm_hour=17, tm_min=59, tm_sec=15, tm_wday=3, tm_yday=96, tm_isdst=-1)",2023-04-06,2023,4,96,6,59,17,BUS03
2023-04-06 18:01:45,40.7658,-111.90963,1274.0,-9999.0,-9999.0,-9999.0,13.94,9.29,4.72,25.13,2.0,2.0,8.89,19.0,881.6,0.0,29.4,2.37,21.2,830.5,4.9,15.0,19.9,11.7,809.3,2.05,136.1,0.0,0,0,"time.struct_time(tm_year=2023, tm_mon=4, tm_mday=6, tm_hour=18, tm_min=1, tm_sec=45, tm_wday=3, tm_yday=96, tm_isdst=-1)",2023-04-06,2023,4,96,6,1,18,BUS03
2023-04-06 18:04:15,40.765835,-111.909798,1272.7,-9999.0,-9999.0,-9999.0,13.94,9.35,4.71,25.01,2.0,2.0,9.0,19.0,881.5,0.0,36.0,2.37,21.3,830.8,3.8,10.8,14.6,11.8,809.3,2.05,136.1,0.0,0,0,"time.struct_time(tm_year=2023, tm_mon=4, tm_mday=6, tm_hour=18, tm_min=4, tm_sec=15, tm_wday=3, tm_yday=96, tm_isdst=-1)",2023-04-06,2023,4,96,6,4,18,BUS03
2023-04-06 18:06:45,40.765678,-111.909752,1277.0,-9999.0,-9999.0,-9999.0,13.94,9.39,4.51,25.74,2.0,2.0,9.0,19.0,881.8,0.0,33.5,2.38,21.4,830.4,3.2,8.0,11.2,12.0,809.3,2.05,136.0,0.0,0,0,"time.struct_time(tm_year=2023, tm_mon=4, tm_mday=6, tm_hour=18, tm_min=6, tm_sec=45, tm_wday=3, tm_yday=96, tm_isdst=-1)",2023-04-06,2023,4,96,6,6,18,BUS03
2023-04-06 18:09:15,40.765968,-111.909912,1274.2,-9999.0,-9999.0,-9999.0,13.94,9.44,4.51,26.92,2.0,2.0,9.0,19.0,881.5,0.0,30.7,2.37,21.5,830.9,6.6,14.0,20.6,12.1,809.3,2.05,136.2,0.0,0,0,"time.struct_time(tm_year=2023, tm_mon=4, tm_mday=6, tm_hour=18, tm_min=9, tm_sec=15, tm_wday=3, tm_yday=96, tm_isdst=-1)",2023-04-06,2023,4,96,6,9,18,BUS03
2023-04-06 18:11:45,40.765759,-111.90979,1273.9,-9999.0,-9999.0,-9999.0,13.94,9.49,4.57,27.46,3.0,2.0,9.11,19.0,881.5,0.0,29.2,2.38,21.6,830.4,4.3,15.9,20.2,12.2,809.2,2.05,136.3,0.0,0,0,"time.struct_time(tm_year=2023, tm_mon=4, tm_mday=6, tm_hour=18, tm_min=11, tm_sec=45, tm_wday=3, tm_yday=96, tm_isdst=-1)",2023-04-06,2023,4,96,6,11,18,BUS03
2023-04-06 18:14:15,40.765598,-111.909683,1276.0,-9999.0,-9999.0,-9999.0,13.94,9.54,4.59,27.8,3.0,2.0,9.11,20.0,881.7,0.0,40.8,2.37,21.7,830.8,2.6,12.3,14.9,12.3,809.2,2.05,136.3,0.0,0,0,"time.struct_time(tm_year=2023, tm_mon=4, tm_mday=6, tm_hour=18, tm_min=14, tm_sec=15, tm_wday=3, tm_yday=96, tm_isdst=-1)",2023-04-06,2023,4,96,6,14,18,BUS03
2023-04-06 18:16:45,40.765743,-111.909714,1270.7,-9999.0,-9999.0,-9999.0,13.94,9.58,4.57,25.68,3.0,2.0,9.22,19.0,881.6,0.0,35.7,2.36,21.8,830.4,2.0,12.0,14.0,12.5,809.2,2.05,136.3,0.0,0,0,"time.struct_time(tm_year=2023, tm_mon=4, tm_mday=6, tm_hour=18, tm_min=16, tm_sec=45, tm_wday=3, tm_yday=96, tm_isdst=-1)",2023-04-06,2023,4,96,6,16,18,BUS03
2023-04-06 18:19:15,40.765781,-111.909828,1269.0,-9999.0,-9999.0,-9999.0,13.94,9.61,4.52,25.8,2.0,2.0,9.22,19.0,881.5,0.0,36.0,2.38,21.9,830.8,2.1,11.0,13.1,12.6,809.2,2.05,136.2,0.0,0,0,"time.struct_time(tm_year=2023, tm_mon=4, tm_mday=6, tm_hour=18, tm_min=19, tm_sec=15, tm_wday=3, tm_yday=96, tm_isdst=-1)",2023-04-06,2023,4,96,6,19,18,BUS03
2023-04-06 18:21:45,40.765816,-111.90979,1270.8,-9999.0,-9999.0,-9999.0,13.94,9.64,4.52,23.48,2.0,2.0,9.22,18.0,881.5,0.0,40.4,2.36,21.9,830.4,1.8,7.0,8.8,12.7,809.2,2.05,136.2,0.0,0,0,"time.struct_time(tm_year=2023, tm_mon=4, tm_mday=6, tm_hour=18, tm_min=21, tm_sec=45, tm_wday=3, tm_yday=96, tm_isdst=-1)",2023-04-06,2023,4,96,6,21,18,BUS03
2023-04-06 18:24:15,40.765717,-111.909523,1267.9,-9999.0,-9999.0,-9999.0,13.94,9.67,4.51,24.6,2.0,2.0,9.28,18.0,881.8,0.0,40.1,2.37,22.0,830.8,1.8,5.3,7.1,12.8,809.1,2.05,136.3,0.0,0,0,"time.struct_time(tm_year=2023, tm_mon=4, tm_mday=6, tm_hour=18, tm_min=24, tm_sec=15, tm_wday=3, tm_yday=96, tm_isdst=-1)",2023-04-06,2023,4,96,6,24,18,BUS03
2023-04-06 18:26:45,40.765724,-111.909645,1268.5,-9999.0,-9999.0,-9999.0,13.94,9.7,4.63,25.15,1.0,2.0,9.28,18.0,881.5,0.0,36.2,2.38,22.1,830.4,2.1,7.9,10.0,12.9,809.1,2.05,136.2,0.0,0,0,"time.struct_time(tm_year=2023, tm_mon=4, tm_mday=6, tm_hour=18, tm_min=26, tm_sec=45, tm_wday=3, tm_yday=96, tm_isdst=-1)",2023-04-06,2023,4,96,6,26,18,BUS03
2023-04-06 18:29:15,40.765732,-111.909752,1274.1,-9999.0,-9999.0,-9999.0,13.94,9.74,4.71,24.73,2.0,2.0,9.39,18.0,881.5,0.0,33.7,2.4,22.1,830.8,1.6,7.6,9.3,13.1,809.1,2.05,136.4,0.0,0,0,"time.struct_time(tm_year=2023, tm_mon=4, tm_mday=6, tm_hour=18, tm_min=29, tm_sec=15, tm_wday=3, tm_yday=96, tm_isdst=-1)",2023-04-06,2023,4,96,6,29,18,BUS03
2023-04-06 18:31:45,40.765743,-111.909782,1275.2,-9999.0,-9999.0,-9999.0,13.94,9.77,4.83,23.93,3.0,2.0,9.39,18.0,881.7,0.0,28.4,2.36,22.2,830.3,2.3,11.0,13.3,13.2,809.2,2.05,136.3,0.0,0,0,"time.struct_time(tm_year=2023, tm_mon=4, tm_mday=6, tm_hour=18, tm_min=31, tm_sec=45, tm_wday=3, tm_yday=96, tm_isdst=-1)",2023-04-06,2023,4,96,6,31,18,BUS03
2023-04-06 18:35:20,40.765701,-111.909645,1273.9,-9999.0,-9999.0,-9999.0,13.94,9.81,4.79,24.15,2.0,2.0,9.39,18.0,881.7,0.0,25.9,2.37,22.2,830.8,7.8,13.6,21.4,13.3,809.1,2.03,134.9,0.0,0,0,"time.struct_time(tm_year=2023, tm_mon=4, tm_mday=6, tm_hour=18, tm_min=35, tm_sec=20, tm_wday=3, tm_yday=96, tm_isdst=-1)",2023-04-06,2023,4,96,6,35,18,BUS03
2023-04-06 18:37:50,40.765705,-111.909637,1277.6,-9999.0,-9999.0,-9999.0,13.94,9.84,4.83,26.15,2.0,2.0,9.5,18.0,881.3,0.0,32.0,2.37,22.3,830.3,6.4,15.6,22.0,13.4,809.0,2.03,135.0,0.0,0,0,"time.struct_time(tm_year=2023, tm_mon=4, tm_mday=6, tm_hour=18, tm_min=37, tm_sec=50, tm_wday=3, tm_yday=96, tm_isdst=-1)",2023-04-06,2023,4,96,6,37,18,BUS03
2023-04-06 18:40:20,40.765781,-111.909737,1277.2,-9999.0,-9999.0,-9999.0,13.94,9.87,4.91,26.25,2.0,2.0,9.5,18.0,881.4,0.0,29.3,2.37,22.3,830.6,1.6,11.2,12.8,13.5,809.0,2.03,135.0,0.0,0,0,"time.struct_time(tm_year=2023, tm_mon=4, tm_mday=6, tm_hour=18, tm_min=40, tm_sec=20, tm_wday=3, tm_yday=96, tm_isdst=-1)",2023-04-06,2023,4,96,6,40,18,BUS03
2023-04-06 18:42:50,40.765842,-111.909561,1276.5,-9999.0,-9999.0,-9999.0,13.94,9.9,4.94,27.59,2.0,2.0,9.61,18.0,881.4,0.0,33.8,2.37,22.4,830.3,6.1,12.1,18.2,13.6,808.9,2.03,135.2,0.0,0,0,"time.struct_time(tm_year=2023, tm_mon=4, tm_mday=6, tm_hour=18, tm_min=42, tm_sec=50, tm_wday=3, tm_yday=96, tm_isdst=-1)",2023-04-06,2023,4,96,6,42,18,BUS03
2023-04-06 18:45:20,40.765774,-111.909599,1278.6,-9999.0,-9999.0,-9999.0,13.94,9.93,5.01,26.87,2.0,2.0,9.61,19.0,881.4,0.0,35.6,2.38,22.4,830.7,3.9,12.1,16.0,13.7,808.8,2.03,135.2,0.0,0,0,"time.struct_time(tm_year=2023, tm_mon=4, tm_mday=6, tm_hour=18, tm_min=45, tm_sec=20, tm_wday=3, tm_yday=96, tm_isdst=-1)",2023-04-06,2023,4,96,6,45,18,BUS03
2023-04-06 18:47:50,40.76569,-111.909439,1276.6,-9999.0,-9999.0,-9999.0,13.94,9.95,5.02,26.92,2.0,2.0,9.61,19.0,881.4,0.0,33.8,2.38,22.4,830.2,5.6,8.1,13.7,13.8,808.9,2.03,135.2,0.0,0,0,"time.struct_time(tm_year=2023, tm_mon=4, tm_mday=6, tm_hour=18, tm_min=47, tm_sec=50, tm_wday=3, tm_yday=96, tm_isdst=-1)",2023-04-06,2023,4,96,6,47,18,BUS03
2023-04-06 18:50:20,40.765701,-111.90963,1277.0,-9999.0,-9999.0,-9999.0,13.94,9.98,4.87,26.87,2.0,2.0,9.61,19.0,881.3,0.0,41.7,2.38,22.5,830.6,6.5,11.1,17.6,13.9,808.8,2.03,135.1,0.0,0,0,"time.struct_time(tm_year=2023, tm_mon=4, tm_mday=6, tm_hour=18, tm_min=50, tm_sec=20, tm_wday=3, tm_yday=96, tm_isdst=-1)",2023-04-06,2023,4,96,6,50,18,BUS03
2023-04-06 18:53:45,40.765686,-111.909546,1278.4,-9999.0,-9999.0,-9999.0,13.94,10.0,4.85,26.86,2.0,2.0,9.72,19.0,881.3,0.0,36.3,2.38,22.5,830.2,1.9,6.0,8.0,14.0,808.9,2.06,136.6,0.0,0,0,"time.struct_time(tm_year=2023, tm_mon=4, tm_mday=6, tm_hour=18, tm_min=53, tm_sec=45, tm_wday=3, tm_yday=96, tm_isdst=-1)",2023-04-06,2023,4,96,6,53,18,BUS03
2023-04-06 18:56:15,40.765701,-111.909554,1282.2,-9999.0,-9999.0,-9999.0,13.94,10.02,4.93,25.91,2.0,2.0,9.72,18.0,881.3,0.0,35.6,2.38,22.6,830.5,3.1,8.3,11.4,14.1,808.9,2.06,136.5,0.0,0,0,"time.struct_time(tm_year=2023, tm_mon=4, tm_mday=6, tm_hour=18, tm_min=56, tm_sec=15, tm_wday=3, tm_yday=96, tm_isdst=-1)",2023-04-06,2023,4,96,6,56,18,BUS03
2023-04-06 18:58:45,40.765717,-111.909531,1285.0,-9999.0,-9999.0,-9999.0,13.94,10.04,5.0,27.75,2.0,2.0,9.78,18.0,881.5,0.0,36.4,2.39,22.6,830.1,3.8,5.3,9.1,14.2,808.7,2.06,136.7,0.0,0,0,"time.struct_time(tm_year=2023, tm_mon=4, tm_mday=6, tm_hour=18, tm_min=58, tm_sec=45, tm_wday=3, tm_yday=96, tm_isdst=-1)",2023-04-06,2023,4,96,6,58,18,BUS03
2023-04-06 19:01:15,40.765823,-111.90947,1284.7,-9999.0,-9999.0,-9999.0,13.94,10.07,5.03,26.06,2.0,2.0,9.78,18.0,881.3,0.0,40.1,2.38,22.6,830.3,2.1,6.0,8.1,14.3,808.8,2.06,136.6,0.0,0,0,"time.struct_time(tm_year=2023, tm_mon=4, tm_mday=6, tm_hour=19, tm_min=1, tm_sec=15, tm_wday=3, tm_yday=96, tm_isdst=-1)",2023-04-06,2023,4,96,6,1,19,BUS03
2023-04-06 19:03:45,40.765705,-111.909378,1286.7,-9999.0,-9999.0,-9999.0,13.94,10.09,5.06,27.44,2.0,2.0,9.78,18.0,881.2,0.0,26.5,2.38,22.6,830.1,4.3,10.1,14.5,14.4,808.7,2.06,136.6,0.0,0,0,"time.struct_time(tm_year=2023, tm_mon=4, tm_mday=6, tm_hour=19, tm_min=3, tm_sec=45, tm_wday=3, tm_yday=96, tm_isdst=-1)",2023-04-06,2023,4,96,6,3,19,BUS03
2023-04-06 19:06:15,40.765701,-111.909721,1283.8,-9999.0,-9999.0,-9999.0,13.94,10.11,5.15,25.51,2.0,2.0,9.89,18.0,881.2,0.0,39.4,2.38,22.7,830.3,5.9,10.0,15.9,14.5,808.6,2.06,136.6,0.0,0,0,"time.struct_time(tm_year=2023, tm_mon=4, tm_mday=6, tm_hour=19, tm_min=6, tm_sec=15, tm_wday=3, tm_yday=96, tm_isdst=-1)",2023-04-06,2023,4,96,6,6,19,BUS03
2023-04-06 19:08:45,40.765629,-111.909454,1283.3,-9999.0,-9999.0,-9999.0,13.94,10.12,5.07,23.62,1.0,2.0,9.89,18.0,881.3,0.0,42.7,2.37,22.7,830.0,1.4,8.3,9.7,14.5,808.6,2.06,136.5,0.0,0,0,"time.struct_time(tm_year=2023, tm_mon=4, tm_mday=6, tm_hour=19, tm_min=8, tm_sec=45, tm_wday=3, tm_yday=96, tm_isdst=-1)",2023-04-06,2023,4,96,6,8,19,BUS03
2023-04-06 19:11:15,40.765614,-111.909531,1283.5,-9999.0,-9999.0,-9999.0,13.94,10.14,4.82,24.82,2.0,2.0,9.89,18.0,881.2,0.0,44.8,2.38,22.7,830.4,2.1,5.1,7.2,14.6,808.6,2.06,136.5,0.0,0,0,"time.struct_time(tm_year=2023, tm_mon=4, tm_mday=6, tm_hour=19, tm_min=11, tm_sec=15, tm_wday=3, tm_yday=96, tm_isdst=-1)",2023-04-06,2023,4,96,6,11,19,BUS03
2023-04-06 19:13:45,40.765678,-111.909515,1275.3,-9999.0,-9999.0,-9999.0,13.94,10.14,4.7,25.84,1.0,2.0,9.89,17.0,881.2,0.0,40.8,2.38,22.7,829.9,2.2,4.0,6.1,14.7,808.4,2.06,136.9,0.0,0,0,"time.struct_time(tm_year=2023, tm_mon=4, tm_mday=6, tm_hour=19, tm_min=13, tm_sec=45, tm_wday=3, tm_yday=96, tm_isdst=-1)",2023-04-06,2023,4,96,6,13,19,BUS03
2023-04-06 19:16:15,40.765717,-111.909554,1274.7,-9999.0,-9999.0,-9999.0,13.94,10.15,4.74,27.29,1.0,2.0,9.89,18.0,881.2,0.0,38.6,2.38,22.8,830.3,4.2,6.9,11.1,14.8,808.5,2.06,136.8,0.0,0,0,"time.struct_time(tm_year=2023, tm_mon=4, tm_mday=6, tm_hour=19, tm_min=16, tm_sec=15, tm_wday=3, tm_yday=96, tm_isdst=-1)",2023-04-06,2023,4,96,6,16,19,BUS03
2023-04-06 19:18:45,40.765648,-111.909569,1276.0,-9999.0,-9999.0,-9999.0,13.94,10.16,4.81,27.31,2.0,2.0,9.89,18.0,881.0,0.0,34.3,2.39,22.8,829.9,2.6,10.5,13.0,14.9,808.5,2.06,136.7,0.0,0,0,"time.struct_time(tm_year=2023, tm_mon=4, tm_mday=6, tm_hour=19, tm_min=18, tm_sec=45, tm_wday=3, tm_yday=96, tm_isdst=-1)",2023-04-06,2023,4,96,6,18,19,BUS03
2023-04-06 19:21:15,40.765778,-111.909706,1275.1,-9999.0,-9999.0,-9999.0,13.94,10.17,4.8,27.32,1.0,2.0,9.89,18.0,881.0,0.0,38.0,2.37,22.8,830.3,3.4,5.3,8.7,14.9,808.4,2.06,136.8,0.0,0,0,"time.struct_time(tm_year=2023, tm_mon=4, tm_mday=6, tm_hour=19, tm_min=21, tm_sec=15, tm_wday=3, tm_yday=96, tm_isdst=-1)",2023-04-06,2023,4,96,6,21,19,BUS03
2023-04-06 19:23:45,40.765823,-111.909546,1279.4,-9999.0,-9999.0,-9999.0,13.94,10.17,4.91,26.55,1.0,2.0,9.89,18.0,881.1,0.0,36.8,2.39,22.8,829.9,1.5,8.2,9.7,15.0,808.4,2.06,136.9,0.0,0,0,"time.struct_time(tm_year=2023, tm_mon=4, tm_mday=6, tm_hour=19, tm_min=23, tm_sec=45, tm_wday=3, tm_yday=96, tm_isdst=-1)",2023-04-06,2023,4,96,6,23,19,BUS03
2023-04-06 19:26:15,40.765583,-111.909523,1283.8,-9999.0,-9999.0,-9999.0,13.94,10.18,5.01,25.88,1.0,2.0,10.0,18.0,881.2,0.0,36.8,2.37,22.8,830.3,-0.1,9.1,9.0,15.1,808.4,2.06,137.0,0.0,0,0,"time.struct_time(tm_year=2023, tm_mon=4, tm_mday=6, tm_hour=19, tm_min=26, tm_sec=15, tm_wday=3, tm_yday=96, tm_isdst=-1)",2023-04-06,2023,4,96,6,26,19,BUS03
2023-04-06 19:28:45,40.765678,-111.909599,1279.6,-9999.0,-9999.0,-9999.0,13.94,10.2,5.04,26.56,2.0,2.0,10.0,18.0,881.2,0.0,36.2,2.38,22.8,829.9,3.0,5.9,8.9,15.1,808.4,2.06,136.9,0.0,0,0,"time.struct_time(tm_year=2023, tm_mon=4, tm_mday=6, tm_hour=19, tm_min=28, tm_sec=45, tm_wday=3, tm_yday=96, tm_isdst=-1)",2023-04-06,2023,4,96,6,28,19,BUS03
2023-04-06 19:31:15,40.765888,-111.909599,1281.0,-9999.0,-9999.0,-9999.0,13.94,10.2,5.09,25.12,1.0,2.0,10.0,18.0,881.1,0.0,39.2,2.38,22.8,830.3,1.0,8.9,9.9,15.2,808.4,2.06,136.9,0.0,0,0,"time.struct_time(tm_year=2023, tm_mon=4, tm_mday=6, tm_hour=19, tm_min=31, tm_sec=15, tm_wday=3, tm_yday=96, tm_isdst=-1)",2023-04-06,2023,4,96,6,31,19,BUS03
2023-04-06 19:33:45,40.765789,-111.909523,1286.1,-9999.0,-9999.0,-9999.0,13.94,10.21,5.07,25.59,2.0,2.0,10.0,17.0,881.0,0.0,42.3,2.38,22.8,829.8,1.0,4.8,5.8,15.3,808.3,2.06,137.0,0.0,0,0,"time.struct_time(tm_year=2023, tm_mon=4, tm_mday=6, tm_hour=19, tm_min=33, tm_sec=45, tm_wday=3, tm_yday=96, tm_isdst=-1)",2023-04-06,2023,4,96,6,33,19,BUS03
2023-04-06 19:37:25,40.76577,-111.909592,1247.6,-9999.0,-9999.0,-9999.0,13.94,10.23,5.12,25.43,1.0,2.0,10.11,18.0,880.9,0.0,42.7,2.38,22.9,829.9,1.0,5.9,7.0,15.4,808.3,2.04,137.3,0.0,0,0,"time.struct_time(tm_year=2023, tm_mon=4, tm_mday=6, tm_hour=19, tm_min=37, tm_sec=25, tm_wday=3, tm_yday=96, tm_isdst=-1)",2023-04-06,2023,4,96,6,37,19,BUS03
2023-04-06 19:40:10,40.765865,-111.909691,1229.6,-9999.0,-9999.0,-9999.0,13.94,10.24,5.1,24.38,1.0,2.0,10.11,17.0,881.0,0.0,40.8,2.38,22.9,829.8,2.6,6.4,9.0,15.4,808.3,2.04,137.2,0.0,0,0,"time.struct_time(tm_year=2023, tm_mon=4, tm_mday=6, tm_hour=19, tm_min=40, tm_sec=10, tm_wday=3, tm_yday=96, tm_isdst=-1)",2023-04-06,2023,4,96,6,40,19,BUS03
2023-04-06 19:42:40,40.765636,-111.909622,1254.5,-9999.0,-9999.0,-9999.0,13.94,10.24,5.19,25.62,1.0,2.0,10.11,17.0,880.9,0.0,34.0,2.37,22.9,830.2,9.5,13.7,23.1,15.5,808.3,2.04,137.3,0.0,0,0,"time.struct_time(tm_year=2023, tm_mon=4, tm_mday=6, tm_hour=19, tm_min=42, tm_sec=40, tm_wday=3, tm_yday=96, tm_isdst=-1)",2023-04-06,2023,4,96,6,42,19,BUS03
2023-04-06 19:45:10,40.765709,-111.909622,1258.1,-9999.0,-9999.0,-9999.0,13.94,10.25,5.24,24.55,1.0,2.0,10.11,17.0,881.1,0.0,33.9,2.36,22.9,829.9,3.5,7.8,11.4,15.5,808.3,2.04,137.2,0.0,0,0,"time.struct_time(tm_year=2023, tm_mon=4, tm_mday=6, tm_hour=19, tm_min=45, tm_sec=10, tm_wday=3, tm_yday=96, tm_isdst=-1)",2023-04-06,2023,4,96,6,45,19,BUS03
2023-04-06 19:47:40,40.765759,-111.909691,1256.7,-9999.0,-9999.0,-9999.0,13.94,10.26,5.29,24.7,2.0,2.0,10.22,17.0,880.9,0.0,40.9,2.39,22.9,830.3,0.7,5.1,5.8,15.6,808.3,2.04,137.4,0.0,0,0,"time.struct_time(tm_year=2023, tm_mon=4, tm_mday=6, tm_hour=19, tm_min=47, tm_sec=40, tm_wday=3, tm_yday=96, tm_isdst=-1)",2023-04-06,2023,4,96,6,47,19,BUS03
2023-04-06 19:50:10,40.765652,-111.909767,1257.7,-9999.0,-9999.0,-9999.0,13.94,10.28,5.4,23.26,1.0,2.0,10.22,17.0,880.9,0.0,44.3,2.39,22.9,829.9,1.4,6.5,7.9,15.6,808.3,2.04,137.4,0.0,0,0,"time.struct_time(tm_year=2023, tm_mon=4, tm_mday=6, tm_hour=19, tm_min=50, tm_sec=10, tm_wday=3, tm_yday=96, tm_isdst=-1)",2023-04-06,2023,4,96,6,50,19,BUS03
2023-04-06 19:52:40,40.765778,-111.909691,1258.4,-9999.0,-9999.0,-9999.0,13.94,10.29,5.37,23.95,1.0,2.0,10.22,17.0,881.0,0.0,43.8,2.4,22.9,830.2,2.4,3.8,6.2,15.7,808.3,2.04,137.4,0.0,0,0,"time.struct_time(tm_year=2023, tm_mon=4, tm_mday=6, tm_hour=19, tm_min=52, tm_sec=40, tm_wday=3, tm_yday=96, tm_isdst=-1)",2023-04-06,2023,4,96,6,52,19,BUS03
2023-04-06 19:55:10,40.76577,-111.909691,1250.2,-9999.0,-9999.0,-9999.0,13.94,10.31,5.43,22.84,1.0,2.0,10.28,16.0,881.1,0.0,44.1,2.38,22.9,829.8,3.3,3.1,6.4,15.8,808.2,2.04,137.5,0.0,0,0,"time.struct_time(tm_year=2023, tm_mon=4, tm_mday=6, tm_hour=19, tm_min=55, tm_sec=10, tm_wday=3, tm_yday=96, tm_isdst=-1)",2023-04-06,2023,4,96,6,55,19,BUS03
2023-04-06 19:57:40,40.765747,-111.909653,1260.7,-9999.0,-9999.0,-9999.0,13.94,10.33,5.5,23.27,1.0,2.0,10.28,16.0,880.9,0.0,46.0,2.38,23.0,830.2,1.8,4.9,6.7,15.8,808.3,2.04,137.4,0.0,0,0,"time.struct_time(tm_year=2023, tm_mon=4, tm_mday=6, tm_hour=19, tm_min=57, tm_sec=40, tm_wday=3, tm_yday=96, tm_isdst=-1)",2023-04-06,2023,4,96,6,57,19,BUS03
2023-04-06 20:00:10,40.765656,-111.909744,1260.0,-9999.0,-9999.0,-9999.0,13.94,10.35,5.47,23.69,1.0,2.0,10.39,16.0,881.2,0.0,41.8,2.38,23.0,829.8,2.4,4.7,7.1,15.9,808.2,2.04,137.5,0.0,0,0,"time.struct_time(tm_year=2023, tm_mon=4, tm_mday=6, tm_hour=20, tm_min=0, tm_sec=10, tm_wday=3, tm_yday=96, tm_isdst=-1)",2023-04-06,2023,4,96,6,0,20,BUS03
2023-04-06 20:02:40,40.765575,-111.909592,1259.2,-9999.0,-9999.0,-9999.0,13.94,10.36,5.52,25.6,2.0,2.0,10.28,17.0,880.9,0.0,39.4,2.38,23.0,830.2,1.6,4.3,5.8,15.9,808.2,2.04,137.5,0.0,0,0,"time.struct_time(tm_year=2023, tm_mon=4, tm_mday=6, tm_hour=20, tm_min=2, tm_sec=40, tm_wday=3, tm_yday=96, tm_isdst=-1)",2023-04-06,2023,4,96,6,2,20,BUS03
2023-04-06 20:05:10,40.765583,-111.90966,1259.1,-9999.0,-9999.0,-9999.0,13.94,10.38,5.58,22.59,1.0,2.0,10.39,16.0,880.9,0.0,44.4,2.38,23.0,829.8,-0.3,5.5,5.2,16.0,808.2,2.04,137.6,0.0,0,0,"time.struct_time(tm_year=2023, tm_mon=4, tm_mday=6, tm_hour=20, tm_min=5, tm_sec=10, tm_wday=3, tm_yday=96, tm_isdst=-1)",2023-04-06,2023,4,96,6,5,20,BUS03
2023-04-06 20:07:40,40.765797,-111.909492,1273.5,-9999.0,-9999.0,-9999.0,13.94,10.4,5.65,22.48,1.0,2.0,10.39,16.0,880.9,0.0,38.7,2.39,23.0,830.1,-1.1,6.6,5.4,16.0,808.1,2.04,137.5,0.0,0,0,"time.struct_time(tm_year=2023, tm_mon=4, tm_mday=6, tm_hour=20, tm_min=7, tm_sec=40, tm_wday=3, tm_yday=96, tm_isdst=-1)",2023-04-06,2023,4,96,6,7,20,BUS03
2023-04-06 20:10:10,40.765644,-111.909592,1272.5,-9999.0,-9999.0,-9999.0,13.94,10.42,5.68,23.15,2.0,2.0,10.39,16.0,880.9,0.0,30.5,2.39,23.0,829.8,2.8,8.4,11.1,16.1,808.1,2.04,137.6,0.0,0,0,"time.struct_time(tm_year=2023, tm_mon=4, tm_mday=6, tm_hour=20, tm_min=10, tm_sec=10, tm_wday=3, tm_yday=96, tm_isdst=-1)",2023-04-06,2023,4,96,6,10,20,BUS03
2023-04-06 20:12:40,40.76572,-111.909782,1287.6,-9999.0,-9999.0,-9999.0,13.94,10.44,5.73,23.63,1.0,2.0,10.5,16.0,880.9,0.0,35.2,2.39,23.0,830.1,7.1,12.1,19.2,16.1,808.1,2.04,137.6,0.0,0,0,"time.struct_time(tm_year=2023, tm_mon=4, tm_mday=6, tm_hour=20, tm_min=12, tm_sec=40, tm_wday=3, tm_yday=96, tm_isdst=-1)",2023-04-06,2023,4,96,6,12,20,BUS03
2023-04-06 20:15:10,40.765804,-111.909645,1280.5,-9999.0,-9999.0,-9999.0,13.94,10.46,5.82,24.05,1.0,2.0,10.5,17.0,880.9,0.0,40.0,2.38,23.1,829.6,2.8,9.4,12.2,16.1,808.0,2.04,137.6,0.0,0,0,"time.struct_time(tm_year=2023, tm_mon=4, tm_mday=6, tm_hour=20, tm_min=15, tm_sec=10, tm_wday=3, tm_yday=96, tm_isdst=-1)",2023-04-06,2023,4,96,6,15,20,BUS03
2023-04-06 20:17:40,40.765877,-111.909531,1277.7,-9999.0,-9999.0,-9999.0,13.94,10.48,5.87,25.95,1.0,2.0,10.5,17.0,880.9,0.0,45.6,2.38,23.1,830.0,1.4,5.5,6.9,16.2,808.1,2.04,137.5,0.0,0,0,"time.struct_time(tm_year=2023, tm_mon=4, tm_mday=6, tm_hour=20, tm_min=17, tm_sec=40, tm_wday=3, tm_yday=96, tm_isdst=-1)",2023-04-06,2023,4,96,6,17,20,BUS03
2023-04-06 20:20:10,40.765514,-111.909439,1285.8,-9999.0,-9999.0,-9999.0,13.94,10.5,5.98,23.47,2.0,2.0,10.61,17.0,881.0,0.0,40.5,2.38,23.1,829.6,1.2,4.2,5.5,16.2,808.0,2.04,137.7,0.0,0,0,"time.struct_time(tm_year=2023, tm_mon=4, tm_mday=6, tm_hour=20, tm_min=20, tm_sec=10, tm_wday=3, tm_yday=96, tm_isdst=-1)",2023-04-06,2023,4,96,6,20,20,BUS03
2023-04-06 20:22:40,40.765648,-111.909561,1284.4,-9999.0,-9999.0,-9999.0,13.94,10.53,6.01,24.47,1.0,2.0,10.61,17.0,880.9,0.0,37.5,2.38,23.1,830.1,0.9,7.1,8.0,16.3,808.0,2.04,137.7,0.0,0,0,"time.struct_time(tm_year=2023, tm_mon=4, tm_mday=6, tm_hour=20, tm_min=22, tm_sec=40, tm_wday=3, tm_yday=96, tm_isdst=-1)",2023-04-06,2023,4,96,6,22,20,BUS03
2023-04-06 20:25:10,40.765751,-111.909569,1282.7,-9999.0,-9999.0,-9999.0,13.94,10.55,6.02,22.79,2.0,2.0,10.61,17.0,880.9,0.0,45.3,2.37,23.1,829.6,1.4,5.5,6.9,16.3,808.0,2.04,137.6,0.0,0,0,"time.struct_time(tm_year=2023, tm_mon=4, tm_mday=6, tm_hour=20, tm_min=25, tm_sec=10, tm_wday=3, tm_yday=96, tm_isdst=-1)",2023-04-06,2023,4,96,6,25,20,BUS03
2023-04-06 20:28:20,40.765606,-111.909065,1286.1,-9999.0,-9999.0,-9999.0,13.94,10.58,6.05,21.63,2.0,2.0,10.72,16.0,880.9,0.0,44.7,2.37,23.2,830.0,2.4,4.6,7.0,16.4,808.1,2.04,136.0,0.0,0,0,"time.struct_time(tm_year=2023, tm_mon=4, tm_mday=6, tm_hour=20, tm_min=28, tm_sec=20, tm_wday=3, tm_yday=96, tm_isdst=-1)",2023-04-06,2023,4,96,6,28,20,BUS03
2023-04-06 20:32:05,40.765427,-111.909164,1279.9,-9999.0,-9999.0,-9999.0,13.94,10.61,5.98,22.22,1.0,2.0,10.72,16.0,881.0,0.0,43.4,2.39,23.2,829.5,1.9,3.9,5.7,16.4,807.9,2.05,136.0,0.0,0,0,"time.struct_time(tm_year=2023, tm_mon=4, tm_mday=6, tm_hour=20, tm_min=32, tm_sec=5, tm_wday=3, tm_yday=96, tm_isdst=-1)",2023-04-06,2023,4,96,6,32,20,BUS03
2023-04-06 20:34:35,40.765575,-111.908966,1277.4,-9999.0,-9999.0,-9999.0,13.94,10.63,5.96,22.69,1.0,2.0,10.72,16.0,880.7,0.0,44.3,2.37,23.2,829.9,2.8,3.9,6.8,16.5,807.9,2.04,135.9,0.0,0,0,"time.struct_time(tm_year=2023, tm_mon=4, tm_mday=6, tm_hour=20, tm_min=34, tm_sec=35, tm_wday=3, tm_yday=96, tm_isdst=-1)",2023-04-06,2023,4,96,6,34,20,BUS03
2023-04-06 20:38:10,40.765865,-111.909775,1267.2,-9999.0,-9999.0,-9999.0,13.94,10.66,5.96,23.61,2.0,2.0,10.78,16.0,880.6,0.0,45.4,2.38,23.2,829.6,0.4,7.0,7.4,16.5,808.0,2.04,137.6,0.0,0,0,"time.struct_time(tm_year=2023, tm_mon=4, tm_mday=6, tm_hour=20, tm_min=38, tm_sec=10, tm_wday=3, tm_yday=96, tm_isdst=-1)",2023-04-06,2023,4,96,6,38,20,BUS03
2023-04-06 20:40:40,40.765911,-111.909645,1272.4,-9999.0,-9999.0,-9999.0,13.94,10.68,6.0,23.96,2.0,2.0,10.78,16.0,880.7,0.0,39.2,2.38,23.3,830.0,2.4,3.3,5.7,16.6,807.9,2.04,137.7,0.0,0,0,"time.struct_time(tm_year=2023, tm_mon=4, tm_mday=6, tm_hour=20, tm_min=40, tm_sec=40, tm_wday=3, tm_yday=96, tm_isdst=-1)",2023-04-06,2023,4,96,6,40,20,BUS03
2023-04-06 20:43:10,40.765945,-111.909737,1279.1,-9999.0,-9999.0,-9999.0,13.94,10.71,6.06,26.36,2.0,2.0,10.78,17.0,880.8,0.0,42.2,2.38,23.3,829.6,4.6,5.5,10.1,16.6,807.8,2.04,137.9,0.0,0,0,"time.struct_time(tm_year=2023, tm_mon=4, tm_mday=6, tm_hour=20, tm_min=43, tm_sec=10, tm_wday=3, tm_yday=96, tm_isdst=-1)",2023-04-06,2023,4,96,6,43,20,BUS03
2023-04-06 20:45:40,40.765591,-111.909424,1271.8,-9999.0,-9999.0,-9999.0,13.94,10.73,6.24,24.88,2.0,2.0,10.89,17.0,880.8,0.0,38.4,2.37,23.3,829.8,1.8,9.9,11.8,16.7,807.9,2.04,137.7,0.0,0,0,"time.struct_time(tm_year=2023, tm_mon=4, tm_mday=6, tm_hour=20, tm_min=45, tm_sec=40, tm_wday=3, tm_yday=96, tm_isdst=-1)",2023-04-06,2023,4,96,6,45,20,BUS03
2023-04-06 20:48:10,40.765537,-111.909622,1258.2,-9999.0,-9999.0,-9999.0,13.94,10.76,6.33,23.2,2.0,2.0,10.89,16.0,880.6,0.0,38.9,2.38,23.3,829.4,1.8,9.7,11.5,16.7,807.8,2.04,137.7,0.0,0,0,"time.struct_time(tm_year=2023, tm_mon=4, tm_mday=6, tm_hour=20, tm_min=48, tm_sec=10, tm_wday=3, tm_yday=96, tm_isdst=-1)",2023-04-06,2023,4,96,6,48,20,BUS03
2023-04-06 20:50:40,40.765602,-111.90966,1256.2,-9999.0,-9999.0,-9999.0,13.94,10.78,6.43,23.05,3.0,2.0,10.89,16.0,880.6,0.0,39.5,2.39,23.3,829.8,1.9,8.0,9.9,16.7,807.7,2.04,137.9,0.0,0,0,"time.struct_time(tm_year=2023, tm_mon=4, tm_mday=6, tm_hour=20, tm_min=50, tm_sec=40, tm_wday=3, tm_yday=96, tm_isdst=-1)",2023-04-06,2023,4,96,6,50,20,BUS03
2023-04-06 20:53:10,40.765522,-111.909538,1248.0,-9999.0,-9999.0,-9999.0,13.94,10.8,6.52,24.44,2.0,2.0,11.0,16.0,880.6,0.0,38.3,2.38,23.4,829.4,3.1,6.5,9.5,16.8,807.7,2.04,137.9,0.0,0,0,"time.struct_time(tm_year=2023, tm_mon=4, tm_mday=6, tm_hour=20, tm_min=53, tm_sec=10, tm_wday=3, tm_yday=96, tm_isdst=-1)",2023-04-06,2023,4,96,6,53,20,BUS03
2023-04-06 20:55:40,40.766472,-111.909546,1241.1,-9999.0,-9999.0,-9999.0,13.94,10.83,6.6,24.29,2.0,2.0,11.0,16.0,880.6,0.0,38.7,2.38,23.4,829.7,0.6,8.4,9.0,16.8,807.6,2.04,137.9,0.0,0,0,"time.struct_time(tm_year=2023, tm_mon=4, tm_mday=6, tm_hour=20, tm_min=55, tm_sec=40, tm_wday=3, tm_yday=96, tm_isdst=-1)",2023-04-06,2023,4,96,6,55,20,BUS03
2023-04-06 20:58:10,40.766212,-111.90979,1253.3,-9999.0,-9999.0,-9999.0,13.94,10.86,6.61,22.98,2.0,2.0,11.11,16.0,880.7,0.0,43.0,2.39,23.4,829.3,2.9,5.6,8.4,16.8,807.6,2.04,138.0,0.0,0,0,"time.struct_time(tm_year=2023, tm_mon=4, tm_mday=6, tm_hour=20, tm_min=58, tm_sec=10, tm_wday=3, tm_yday=96, tm_isdst=-1)",2023-04-06,2023,4,96,6,58,20,BUS03
2023-04-06 21:00:45,40.765945,-111.909592,1264.3,-9999.0,-9999.0,-9999.0,13.94,10.89,6.65,24.51,3.0,2.0,11.11,17.0,880.6,0.0,41.6,2.39,23.4,829.3,1.3,4.5,5.8,16.9,807.6,2.07,137.7,0.0,0,0,"time.struct_time(tm_year=2023, tm_mon=4, tm_mday=6, tm_hour=21, tm_min=0, tm_sec=45, tm_wday=3, tm_yday=96, tm_isdst=-1)",2023-04-06,2023,4,96,6,0,21,BUS03
2023-04-06 21:03:15,40.765789,-111.909561,1270.0,-9999.0,-9999.0,-9999.0,13.94,10.92,6.73,24.36,2.0,2.0,11.22,17.0,880.5,0.0,38.8,2.38,23.5,829.7,2.7,10.3,13.0,16.9,807.5,2.08,137.7,0.0,0,0,"time.struct_time(tm_year=2023, tm_mon=4, tm_mday=6, tm_hour=21, tm_min=3, tm_sec=15, tm_wday=3, tm_yday=96, tm_isdst=-1)",2023-04-06,2023,4,96,6,3,21,BUS03
2023-04-06 21:05:45,40.765862,-111.909668,1264.3,-9999.0,-9999.0,-9999.0,13.94,10.95,6.77,23.57,3.0,2.0,11.22,16.0,880.5,0.0,45.1,2.37,23.5,829.3,1.9,7.4,9.3,16.9,807.5,2.08,137.5,0.0,0,0,"time.struct_time(tm_year=2023, tm_mon=4, tm_mday=6, tm_hour=21, tm_min=5, tm_sec=45, tm_wday=3, tm_yday=96, tm_isdst=-1)",2023-04-06,2023,4,96,6,5,21,BUS03
2023-04-06 21:08:15,40.765762,-111.909523,1262.4,-9999.0,-9999.0,-9999.0,13.94,10.98,6.84,22.79,3.0,2.0,11.22,16.0,880.6,0.0,38.4,2.39,23.5,829.6,1.7,7.5,9.2,17.0,807.5,2.08,137.6,0.0,0,0,"time.struct_time(tm_year=2023, tm_mon=4, tm_mday=6, tm_hour=21, tm_min=8, tm_sec=15, tm_wday=3, tm_yday=96, tm_isdst=-1)",2023-04-06,2023,4,96,6,8,21,BUS03
2023-04-06 21:10:45,40.765621,-111.909622,1262.9,-9999.0,-9999.0,-9999.0,13.94,11.01,6.87,24.4,3.0,2.0,11.28,16.0,880.7,0.0,37.9,2.38,23.5,829.3,1.4,12.5,13.9,17.0,807.5,2.08,137.4,0.0,0,0,"time.struct_time(tm_year=2023, tm_mon=4, tm_mday=6, tm_hour=21, tm_min=10, tm_sec=45, tm_wday=3, tm_yday=96, tm_isdst=-1)",2023-04-06,2023,4,96,6,10,21,BUS03
2023-04-06 21:13:15,40.765755,-111.909607,1269.2,-9999.0,-9999.0,-9999.0,13.94,11.05,6.96,25.04,3.0,2.0,11.28,17.0,880.6,0.0,29.6,2.38,23.6,829.6,3.1,17.1,20.1,17.1,807.4,2.08,137.7,0.0,0,0,"time.struct_time(tm_year=2023, tm_mon=4, tm_mday=6, tm_hour=21, tm_min=13, tm_sec=15, tm_wday=3, tm_yday=96, tm_isdst=-1)",2023-04-06,2023,4,96,6,13,21,BUS03
2023-04-06 21:15:45,40.765427,-111.909645,1261.7,-9999.0,-9999.0,-9999.0,13.94,11.08,7.01,22.99,2.0,2.0,11.39,17.0,880.5,0.0,42.6,2.38,23.6,829.2,3.0,12.4,15.4,17.1,807.4,2.08,137.6,0.0,0,0,"time.struct_time(tm_year=2023, tm_mon=4, tm_mday=6, tm_hour=21, tm_min=15, tm_sec=45, tm_wday=3, tm_yday=96, tm_isdst=-1)",2023-04-06,2023,4,96,6,15,21,BUS03
2023-04-06 21:18:15,40.765678,-111.909393,1269.8,-9999.0,-9999.0,-9999.0,13.94,11.11,6.92,22.64,3.0,2.0,11.39,17.0,880.2,0.0,39.2,2.38,23.6,829.5,1.5,7.9,9.4,17.1,807.3,2.08,137.6,0.0,0,0,"time.struct_time(tm_year=2023, tm_mon=4, tm_mday=6, tm_hour=21, tm_min=18, tm_sec=15, tm_wday=3, tm_yday=96, tm_isdst=-1)",2023-04-06,2023,4,96,6,18,21,BUS03
2023-04-06 21:20:45,40.76556,-111.909286,1272.3,-9999.0,-9999.0,-9999.0,13.94,11.14,6.82,22.73,3.0,2.0,11.39,16.0,880.4,0.0,43.4,2.38,23.7,829.1,2.8,5.6,8.4,17.2,807.3,2.07,137.7,0.0,0,0,"time.struct_time(tm_year=2023, tm_mon=4, tm_mday=6, tm_hour=21, tm_min=20, tm_sec=45, tm_wday=3, tm_yday=96, tm_isdst=-1)",2023-04-06,2023,4,96,6,20,21,BUS03
2023-04-06 21:23:15,40.765549,-111.909554,1258.8,-9999.0,-9999.0,-9999.0,13.94,11.16,6.81,22.88,2.0,2.0,11.5,16.0,880.4,0.0,47.8,2.39,23.7,829.4,0.3,8.0,8.3,17.2,807.3,2.08,137.5,0.0,0,0,"time.struct_time(tm_year=2023, tm_mon=4, tm_mday=6, tm_hour=21, tm_min=23, tm_sec=15, tm_wday=3, tm_yday=96, tm_isdst=-1)",2023-04-06,2023,4,96,6,23,21,BUS03
2023-04-06 21:25:45,40.765713,-111.909431,1248.6,-9999.0,-9999.0,-9999.0,13.94,11.19,6.77,22.59,2.0,2.0,11.5,16.0,880.2,0.0,44.5,2.38,23.7,829.1,1.7,6.5,8.2,17.2,807.2,2.07,137.7,0.0,0,0,"time.struct_time(tm_year=2023, tm_mon=4, tm_mday=6, tm_hour=21, tm_min=25, tm_sec=45, tm_wday=3, tm_yday=96, tm_isdst=-1)",2023-04-06,2023,4,96,6,25,21,BUS03
2023-04-06 21:28:15,40.765701,-111.909485,1260.1,-9999.0,-9999.0,-9999.0,13.94,11.21,6.75,22.55,2.0,2.0,11.5,16.0,880.2,0.0,41.8,2.38,23.7,829.4,2.8,7.3,10.1,17.3,807.1,2.08,137.7,0.0,0,0,"time.struct_time(tm_year=2023, tm_mon=4, tm_mday=6, tm_hour=21, tm_min=28, tm_sec=15, tm_wday=3, tm_yday=96, tm_isdst=-1)",2023-04-06,2023,4,96,6,28,21,BUS03
2023-04-06 21:30:45,40.765743,-111.909348,1264.4,-9999.0,-9999.0,-9999.0,13.94,11.22,6.74,23.57,2.0,2.0,11.5,16.0,880.1,0.0,43.0,2.39,23.8,829.0,1.0,9.0,10.0,17.3,807.2,2.08,137.7,0.0,0,0,"time.struct_time(tm_year=2023, tm_mon=4, tm_mday=6, tm_hour=21, tm_min=30, tm_sec=45, tm_wday=3, tm_yday=96, tm_isdst=-1)",2023-04-06,2023,4,96,6,30,21,BUS03
2023-04-06 21:33:15,40.765659,-111.909515,1272.5,-9999.0,-9999.0,-9999.0,13.94,11.24,6.77,23.65,3.0,2.0,11.5,16.0,880.1,0.0,36.6,2.38,23.8,829.2,0.9,8.0,9.0,17.3,807.1,2.08,137.6,0.0,0,0,"time.struct_time(tm_year=2023, tm_mon=4, tm_mday=6, tm_hour=21, tm_min=33, tm_sec=15, tm_wday=3, tm_yday=96, tm_isdst=-1)",2023-04-06,2023,4,96,6,33,21,BUS03
2023-04-06 21:35:45,40.765617,-111.909241,1268.9,-9999.0,-9999.0,-9999.0,13.94,11.27,6.85,22.99,2.0,2.0,11.5,16.0,880.0,0.0,42.6,2.39,23.8,828.8,1.6,6.7,8.3,17.4,807.0,2.08,137.6,0.0,0,0,"time.struct_time(tm_year=2023, tm_mon=4, tm_mday=6, tm_hour=21, tm_min=35, tm_sec=45, tm_wday=3, tm_yday=96, tm_isdst=-1)",2023-04-06,2023,4,96,6,35,21,BUS03
2023-04-06 21:39:20,40.765713,-111.909515,1275.0,-9999.0,-9999.0,-9999.0,13.94,11.3,6.95,24.97,3.0,2.0,11.61,17.0,880.1,0.0,26.0,2.39,23.9,829.2,20.0,19.4,39.4,17.4,807.0,2.05,136.4,0.0,0,0,"time.struct_time(tm_year=2023, tm_mon=4, tm_mday=6, tm_hour=21, tm_min=39, tm_sec=20, tm_wday=3, tm_yday=96, tm_isdst=-1)",2023-04-06,2023,4,96,6,39,21,BUS03
2023-04-06 21:41:50,40.765755,-111.909637,1271.1,-9999.0,-9999.0,-9999.0,13.94,11.33,7.04,26.01,3.0,2.0,11.72,17.0,880.0,0.0,29.2,2.39,23.9,828.8,25.7,27.2,53.0,17.4,806.9,2.05,136.5,0.0,0,0,"time.struct_time(tm_year=2023, tm_mon=4, tm_mday=6, tm_hour=21, tm_min=41, tm_sec=50, tm_wday=3, tm_yday=96, tm_isdst=-1)",2023-04-06,2023,4,96,6,41,21,BUS03
2023-04-06 21:44:35,40.766006,-111.909821,1269.4,-9999.0,-9999.0,-9999.0,13.94,11.37,7.11,23.97,3.0,2.0,11.72,17.0,880.2,0.0,42.7,2.38,23.9,829.1,7.7,15.3,23.0,17.5,806.9,2.05,136.5,0.0,0,0,"time.struct_time(tm_year=2023, tm_mon=4, tm_mday=6, tm_hour=21, tm_min=44, tm_sec=35, tm_wday=3, tm_yday=96, tm_isdst=-1)",2023-04-06,2023,4,96,6,44,21,BUS03
2023-04-06 21:47:05,40.765789,-111.90966,1267.3,-9999.0,-9999.0,-9999.0,13.94,11.4,7.08,22.85,2.0,2.0,11.72,17.0,880.0,0.0,45.1,2.38,23.9,828.8,3.1,8.1,11.2,17.5,806.9,2.05,136.4,0.0,0,0,"time.struct_time(tm_year=2023, tm_mon=4, tm_mday=6, tm_hour=21, tm_min=47, tm_sec=5, tm_wday=3, tm_yday=96, tm_isdst=-1)",2023-04-06,2023,4,96,6,47,21,BUS03
2023-04-06 21:49:35,40.765858,-111.90979,1273.2,-9999.0,-9999.0,-9999.0,13.91,11.43,7.09,25.0,3.0,2.0,11.72,17.0,880.2,0.0,27.7,2.38,24.0,829.1,4.2,9.1,13.3,17.5,806.9,2.05,136.5,0.0,0,0,"time.struct_time(tm_year=2023, tm_mon=4, tm_mday=6, tm_hour=21, tm_min=49, tm_sec=35, tm_wday=3, tm_yday=96, tm_isdst=-1)",2023-04-06,2023,4,96,6,49,21,BUS03
2023-04-06 21:52:05,40.765743,-111.909653,1265.5,-9999.0,-9999.0,-9999.0,13.91,11.45,7.0,24.52,3.0,2.0,11.72,16.0,879.9,0.0,45.9,2.39,24.0,828.8,4.0,10.7,14.7,17.6,806.8,2.05,136.5,0.0,0,0,"time.struct_time(tm_year=2023, tm_mon=4, tm_mday=6, tm_hour=21, tm_min=52, tm_sec=5, tm_wday=3, tm_yday=96, tm_isdst=-1)",2023-04-06,2023,4,96,6,52,21,BUS03
2023-04-06 21:54:35,40.76577,-111.909714,1262.8,-9999.0,-9999.0,-9999.0,13.91,11.47,7.01,22.17,2.0,2.0,11.72,16.0,880.1,0.0,42.7,2.39,24.0,829.0,3.5,3.5,7.0,17.6,806.8,2.05,136.5,0.0,0,0,"time.struct_time(tm_year=2023, tm_mon=4, tm_mday=6, tm_hour=21, tm_min=54, tm_sec=35, tm_wday=3, tm_yday=96, tm_isdst=-1)",2023-04-06,2023,4,96,6,54,21,BUS03
2023-04-06 21:57:10,40.76577,-111.909698,1257.5,-9999.0,-9999.0,-9999.0,13.91,11.49,6.98,25.44,2.0,2.0,11.78,16.0,879.9,0.0,36.1,2.4,24.0,828.7,1.8,8.1,9.9,17.6,806.8,2.05,138.2,0.0,0,0,"time.struct_time(tm_year=2023, tm_mon=4, tm_mday=6, tm_hour=21, tm_min=57, tm_sec=10, tm_wday=3, tm_yday=96, tm_isdst=-1)",2023-04-06,2023,4,96,6,57,21,BUS03
2023-04-06 21:59:45,40.765854,-111.909706,1252.5,-9999.0,-9999.0,-9999.0,13.91,11.51,7.06,23.95,2.0,2.0,11.78,17.0,879.9,0.0,43.4,2.38,24.1,828.6,2.4,12.8,15.2,17.7,806.6,2.08,137.9,0.0,0,0,"time.struct_time(tm_year=2023, tm_mon=4, tm_mday=6, tm_hour=21, tm_min=59, tm_sec=45, tm_wday=3, tm_yday=96, tm_isdst=-1)",2023-04-06,2023,4,96,6,59,21,BUS03
2023-04-06 22:02:15,40.76585,-111.909653,1251.6,-9999.0,-9999.0,-9999.0,13.91,11.52,7.05,23.39,3.0,2.0,11.78,16.0,879.8,0.0,44.0,2.39,24.1,828.9,2.1,8.1,10.1,17.7,806.8,2.08,137.7,0.0,0,0,"time.struct_time(tm_year=2023, tm_mon=4, tm_mday=6, tm_hour=22, tm_min=2, tm_sec=15, tm_wday=3, tm_yday=96, tm_isdst=-1)",2023-04-06,2023,4,96,6,2,22,BUS03
2023-04-06 22:04:45,40.765686,-111.90979,1250.6,-9999.0,-9999.0,-9999.0,13.9,11.54,7.05,23.19,3.0,2.0,11.89,16.0,880.0,0.0,37.3,2.38,24.1,828.6,14.2,18.8,33.0,17.7,806.7,2.08,137.8,0.0,0,0,"time.struct_time(tm_year=2023, tm_mon=4, tm_mday=6, tm_hour=22, tm_min=4, tm_sec=45, tm_wday=3, tm_yday=96, tm_isdst=-1)",2023-04-06,2023,4,96,6,4,22,BUS03
2023-04-06 22:07:15,40.765747,-111.909454,1253.6,-9999.0,-9999.0,-9999.0,13.91,11.56,7.09,23.45,2.0,2.0,11.89,16.0,880.0,0.0,37.4,2.38,24.1,829.0,5.2,10.6,15.8,17.8,806.6,2.08,137.8,0.0,0,0,"time.struct_time(tm_year=2023, tm_mon=4, tm_mday=6, tm_hour=22, tm_min=7, tm_sec=15, tm_wday=3, tm_yday=96, tm_isdst=-1)",2023-04-06,2023,4,96,6,7,22,BUS03
2023-04-06 22:09:45,40.765812,-111.909683,1256.0,-9999.0,-9999.0,-9999.0,13.91,11.59,7.14,23.02,2.0,2.0,11.89,16.0,879.8,0.0,47.2,2.38,24.1,828.5,4.5,5.8,10.2,17.8,806.7,2.08,137.7,0.0,0,0,"time.struct_time(tm_year=2023, tm_mon=4, tm_mday=6, tm_hour=22, tm_min=9, tm_sec=45, tm_wday=3, tm_yday=96, tm_isdst=-1)",2023-04-06,2023,4,96,6,9,22,BUS03
2023-04-06 22:12:15,40.765583,-111.909637,1265.0,-9999.0,-9999.0,-9999.0,13.91,11.61,7.16,23.4,2.0,2.0,11.89,16.0,879.7,0.0,39.7,2.38,24.2,828.7,2.7,5.0,7.8,17.8,806.4,2.08,137.9,0.0,0,0,"time.struct_time(tm_year=2023, tm_mon=4, tm_mday=6, tm_hour=22, tm_min=12, tm_sec=15, tm_wday=3, tm_yday=96, tm_isdst=-1)",2023-04-06,2023,4,96,6,12,22,BUS03
2023-04-06 22:14:45,40.765518,-111.909637,1264.0,-9999.0,-9999.0,-9999.0,13.91,11.62,7.16,21.66,2.0,2.0,11.89,16.0,879.7,0.0,45.4,2.4,24.2,828.4,2.7,3.3,6.0,17.8,806.5,2.08,137.8,0.0,0,0,"time.struct_time(tm_year=2023, tm_mon=4, tm_mday=6, tm_hour=22, tm_min=14, tm_sec=45, tm_wday=3, tm_yday=96, tm_isdst=-1)",2023-04-06,2023,4,96,6,14,22,BUS03
2023-04-06 22:17:15,40.765541,-111.909676,1263.6,-9999.0,-9999.0,-9999.0,13.91,11.64,7.16,23.53,2.0,2.0,12.0,16.0,879.6,0.0,44.0,2.4,24.2,828.7,1.9,6.3,8.2,17.9,806.4,2.08,137.9,0.0,0,0,"time.struct_time(tm_year=2023, tm_mon=4, tm_mday=6, tm_hour=22, tm_min=17, tm_sec=15, tm_wday=3, tm_yday=96, tm_isdst=-1)",2023-04-06,2023,4,96,6,17,22,BUS03
2023-04-06 22:19:45,40.765636,-111.909668,1262.3,-9999.0,-9999.0,-9999.0,13.91,11.66,7.2,23.89,2.0,2.0,12.0,16.0,879.6,0.0,40.6,2.39,24.2,828.4,0.1,5.8,5.9,17.9,806.4,2.08,137.9,0.0,0,0,"time.struct_time(tm_year=2023, tm_mon=4, tm_mday=6, tm_hour=22, tm_min=19, tm_sec=45, tm_wday=3, tm_yday=96, tm_isdst=-1)",2023-04-06,2023,4,96,6,19,22,BUS03
2023-04-06 22:22:15,40.765732,-111.909492,1260.2,-9999.0,-9999.0,-9999.0,13.91,11.67,7.16,24.95,2.0,2.0,12.0,17.0,879.5,0.0,43.6,2.38,24.2,828.6,1.8,4.0,5.8,17.9,806.4,2.08,137.9,0.0,0,0,"time.struct_time(tm_year=2023, tm_mon=4, tm_mday=6, tm_hour=22, tm_min=22, tm_sec=15, tm_wday=3, tm_yday=96, tm_isdst=-1)",2023-04-06,2023,4,96,6,22,22,BUS03
2023-04-06 22:24:45,40.76561,-111.909737,1263.4,-9999.0,-9999.0,-9999.0,13.91,11.68,7.16,22.61,3.0,2.0,12.0,16.0,879.7,0.0,43.5,2.4,24.2,828.3,0.2,5.9,6.1,18.0,806.3,2.08,138.0,0.0,0,0,"time.struct_time(tm_year=2023, tm_mon=4, tm_mday=6, tm_hour=22, tm_min=24, tm_sec=45, tm_wday=3, tm_yday=96, tm_isdst=-1)",2023-04-06,2023,4,96,6,24,22,BUS03
2023-04-06 22:29:10,40.765892,-111.909592,1308.2,-9999.0,-9999.0,-9999.0,13.91,11.71,7.2,22.61,2.0,2.0,12.11,16.0,879.6,0.0,39.0,2.4,24.3,828.2,2.7,9.8,12.5,18.0,806.2,2.05,138.3,0.0,0,0,"time.struct_time(tm_year=2023, tm_mon=4, tm_mday=6, tm_hour=22, tm_min=29, tm_sec=10, tm_wday=3, tm_yday=96, tm_isdst=-1)",2023-04-06,2023,4,96,6,29,22,BUS03
2023-04-06 22:31:45,40.766201,-111.909431,1302.5,-9999.0,-9999.0,-9999.0,13.91,11.73,7.28,21.49,2.0,2.0,12.11,16.0,879.3,0.0,43.3,2.39,24.3,828.2,4.5,13.2,17.7,18.0,806.3,2.08,137.8,0.0,0,0,"time.struct_time(tm_year=2023, tm_mon=4, tm_mday=6, tm_hour=22, tm_min=31, tm_sec=45, tm_wday=3, tm_yday=96, tm_isdst=-1)",2023-04-06,2023,4,96,6,31,22,BUS03
2023-04-06 22:34:15,40.765686,-111.90966,1280.0,-9999.0,-9999.0,-9999.0,13.91,11.75,7.24,21.47,2.0,2.0,12.11,16.0,879.6,0.0,44.3,2.4,24.3,828.5,1.3,7.1,8.4,18.1,806.3,2.08,137.9,0.0,0,0,"time.struct_time(tm_year=2023, tm_mon=4, tm_mday=6, tm_hour=22, tm_min=34, tm_sec=15, tm_wday=3, tm_yday=96, tm_isdst=-1)",2023-04-06,2023,4,96,6,34,22,BUS03
2023-04-06 22:36:50,40.76553,-111.909706,1275.3,-9999.0,-9999.0,-9999.0,13.91,11.76,7.21,21.29,2.0,2.0,12.11,15.0,879.3,0.0,41.7,2.38,24.3,828.1,4.3,9.7,14.1,18.1,806.2,2.06,136.6,0.0,0,0,"time.struct_time(tm_year=2023, tm_mon=4, tm_mday=6, tm_hour=22, tm_min=36, tm_sec=50, tm_wday=3, tm_yday=96, tm_isdst=-1)",2023-04-06,2023,4,96,6,36,22,BUS03
2023-04-06 22:40:35,40.765598,-111.90979,1280.5,-9999.0,-9999.0,-9999.0,13.91,11.79,7.2,25.02,2.0,2.0,12.22,16.0,879.3,0.0,44.9,2.4,24.3,828.4,2.5,11.7,14.2,18.1,806.0,2.06,136.7,0.0,0,0,"time.struct_time(tm_year=2023, tm_mon=4, tm_mday=6, tm_hour=22, tm_min=40, tm_sec=35, tm_wday=3, tm_yday=96, tm_isdst=-1)",2023-04-06,2023,4,96,6,40,22,BUS03
2023-04-06 22:43:05,40.765602,-111.909706,1287.3,-9999.0,-9999.0,-9999.0,13.9,11.79,7.34,22.11,3.0,2.0,12.11,15.0,879.3,0.0,42.6,2.4,24.4,828.1,0.7,8.6,9.4,18.2,806.1,2.05,136.5,0.0,0,0,"time.struct_time(tm_year=2023, tm_mon=4, tm_mday=6, tm_hour=22, tm_min=43, tm_sec=5, tm_wday=3, tm_yday=96, tm_isdst=-1)",2023-04-06,2023,4,96,6,43,22,BUS03
2023-04-06 22:45:35,40.765663,-111.909744,1283.1,-9999.0,-9999.0,-9999.0,13.91,11.79,7.49,23.42,2.0,2.0,12.11,15.0,879.3,0.0,48.4,2.39,24.4,828.3,2.9,8.9,11.7,18.2,806.0,2.06,136.6,0.0,0,0,"time.struct_time(tm_year=2023, tm_mon=4, tm_mday=6, tm_hour=22, tm_min=45, tm_sec=35, tm_wday=3, tm_yday=96, tm_isdst=-1)",2023-04-06,2023,4,96,6,45,22,BUS03
2023-04-06 22:48:05,40.765621,-111.909866,1279.0,-9999.0,-9999.0,-9999.0,13.91,11.79,7.58,23.14,2.0,2.0,12.11,15.0,879.4,0.0,49.5,2.39,24.4,827.9,0.7,5.9,6.6,18.2,805.9,2.06,136.6,0.0,0,0,"time.struct_time(tm_year=2023, tm_mon=4, tm_mday=6, tm_hour=22, tm_min=48, tm_sec=5, tm_wday=3, tm_yday=96, tm_isdst=-1)",2023-04-06,2023,4,96,6,48,22,BUS03
2023-04-06 22:50:35,40.765656,-111.909698,1277.2,-9999.0,-9999.0,-9999.0,13.9,11.81,7.62,23.02,2.0,2.0,12.11,15.0,879.2,0.0,44.4,2.4,24.4,828.2,2.8,9.9,12.6,18.2,806.0,2.06,136.6,0.0,0,0,"time.struct_time(tm_year=2023, tm_mon=4, tm_mday=6, tm_hour=22, tm_min=50, tm_sec=35, tm_wday=3, tm_yday=96, tm_isdst=-1)",2023-04-06,2023,4,96,6,50,22,BUS03
2023-04-06 22:53:05,40.765877,-111.909615,1273.2,-9999.0,-9999.0,-9999.0,13.91,11.82,7.62,22.97,2.0,2.0,12.22,16.0,879.0,0.0,42.3,2.4,24.4,827.9,2.0,6.1,8.1,18.2,805.9,2.06,136.6,0.0,0,0,"time.struct_time(tm_year=2023, tm_mon=4, tm_mday=6, tm_hour=22, tm_min=53, tm_sec=5, tm_wday=3, tm_yday=96, tm_isdst=-1)",2023-04-06,2023,4,96,6,53,22,BUS03
2023-04-06 22:55:35,40.765553,-111.909637,1271.9,-9999.0,-9999.0,-9999.0,13.91,11.85,7.66,23.46,4.0,2.0,12.22,16.0,879.2,0.0,40.6,2.4,24.4,828.2,1.8,5.3,7.1,18.3,805.9,2.06,136.8,0.0,0,0,"time.struct_time(tm_year=2023, tm_mon=4, tm_mday=6, tm_hour=22, tm_min=55, tm_sec=35, tm_wday=3, tm_yday=96, tm_isdst=-1)",2023-04-06,2023,4,96,6,55,22,BUS03
2023-04-06 22:58:05,40.765591,-111.909592,1266.8,-9999.0,-9999.0,-9999.0,13.91,11.87,7.66,22.65,3.0,2.0,12.28,16.0,879.2,0.0,43.1,2.39,24.5,827.9,4.6,7.6,12.2,18.3,805.9,2.06,136.8,0.0,0,0,"time.struct_time(tm_year=2023, tm_mon=4, tm_mday=6, tm_hour=22, tm_min=58, tm_sec=5, tm_wday=3, tm_yday=96, tm_isdst=-1)",2023-04-06,2023,4,96,6,58,22,BUS03
2023-04-06 23:00:35,40.765579,-111.909714,1267.7,-9999.0,-9999.0,-9999.0,13.91,11.89,7.67,21.77,2.0,2.0,12.28,15.0,879.2,0.0,41.7,2.4,24.5,828.1,2.0,8.0,10.0,18.3,805.8,2.06,136.6,0.0,0,0,"time.struct_time(tm_year=2023, tm_mon=4, tm_mday=6, tm_hour=23, tm_min=0, tm_sec=35, tm_wday=3, tm_yday=96, tm_isdst=-1)",2023-04-06,2023,4,96,6,0,23,BUS03
2023-04-06 23:03:05,40.765839,-111.909737,1270.9,-9999.0,-9999.0,-9999.0,13.91,11.9,7.64,22.76,3.0,2.0,12.28,16.0,879.0,0.0,47.5,2.39,24.5,827.8,0.8,7.0,7.8,18.3,805.7,2.06,137.0,0.0,0,0,"time.struct_time(tm_year=2023, tm_mon=4, tm_mday=6, tm_hour=23, tm_min=3, tm_sec=5, tm_wday=3, tm_yday=96, tm_isdst=-1)",2023-04-06,2023,4,96,6,3,23,BUS03
2023-04-06 23:05:35,40.765717,-111.909569,1269.2,-9999.0,-9999.0,-9999.0,13.91,11.92,7.61,22.85,2.0,2.0,12.28,16.0,879.2,0.0,46.4,2.39,24.5,828.1,2.1,4.1,6.2,18.4,805.7,2.06,137.0,0.0,0,0,"time.struct_time(tm_year=2023, tm_mon=4, tm_mday=6, tm_hour=23, tm_min=5, tm_sec=35, tm_wday=3, tm_yday=96, tm_isdst=-1)",2023-04-06,2023,4,96,6,5,23,BUS03
2023-04-06 23:08:05,40.76577,-111.909569,1276.7,-9999.0,-9999.0,-9999.0,13.91,11.94,7.7,22.07,3.0,2.0,12.28,15.0,879.1,0.0,47.9,2.39,24.5,827.8,2.9,5.4,8.3,18.4,805.8,2.06,136.9,0.0,0,0,"time.struct_time(tm_year=2023, tm_mon=4, tm_mday=6, tm_hour=23, tm_min=8, tm_sec=5, tm_wday=3, tm_yday=96, tm_isdst=-1)",2023-04-06,2023,4,96,6,8,23,BUS03
2023-04-06 23:10:35,40.76556,-111.909645,1274.8,-9999.0,-9999.0,-9999.0,13.91,11.95,7.82,21.19,2.0,2.0,12.28,15.0,879.1,0.0,43.6,2.39,24.5,828.1,0.2,6.6,6.8,18.4,805.7,2.06,136.7,0.0,0,0,"time.struct_time(tm_year=2023, tm_mon=4, tm_mday=6, tm_hour=23, tm_min=10, tm_sec=35, tm_wday=3, tm_yday=96, tm_isdst=-1)",2023-04-06,2023,4,96,6,10,23,BUS03
2023-04-06 23:13:05,40.765793,-111.90966,1275.1,-9999.0,-9999.0,-9999.0,13.91,11.96,7.8,21.47,2.0,2.0,12.28,15.0,879.2,0.0,41.2,2.39,24.6,827.8,1.5,5.0,6.6,18.4,805.7,2.05,136.8,0.0,0,0,"time.struct_time(tm_year=2023, tm_mon=4, tm_mday=6, tm_hour=23, tm_min=13, tm_sec=5, tm_wday=3, tm_yday=96, tm_isdst=-1)",2023-04-06,2023,4,96,6,13,23,BUS03
2023-04-06 23:15:35,40.765823,-111.909554,1281.7,-9999.0,-9999.0,-9999.0,13.91,11.98,7.78,21.79,2.0,2.0,12.39,15.0,878.9,0.0,41.0,2.4,24.6,828.0,3.2,8.5,11.7,18.5,805.7,2.06,136.9,0.0,0,0,"time.struct_time(tm_year=2023, tm_mon=4, tm_mday=6, tm_hour=23, tm_min=15, tm_sec=35, tm_wday=3, tm_yday=96, tm_isdst=-1)",2023-04-06,2023,4,96,6,15,23,BUS03
2023-04-06 23:18:05,40.765659,-111.909683,1268.2,-9999.0,-9999.0,-9999.0,13.9,11.99,7.78,21.71,3.0,2.0,12.39,16.0,878.9,0.0,39.8,2.37,24.6,827.7,1.8,9.3,11.1,18.5,805.6,2.06,136.9,0.0,0,0,"time.struct_time(tm_year=2023, tm_mon=4, tm_mday=6, tm_hour=23, tm_min=18, tm_sec=5, tm_wday=3, tm_yday=96, tm_isdst=-1)",2023-04-06,2023,4,96,6,18,23,BUS03
2023-04-06 23:20:35,40.765667,-111.909691,1267.5,-9999.0,-9999.0,-9999.0,13.9,12.01,7.75,22.06,2.0,2.0,12.39,15.0,879.1,0.0,44.5,2.4,24.6,828.0,1.6,7.9,9.5,18.5,805.6,2.06,136.7,0.0,0,0,"time.struct_time(tm_year=2023, tm_mon=4, tm_mday=6, tm_hour=23, tm_min=20, tm_sec=35, tm_wday=3, tm_yday=96, tm_isdst=-1)",2023-04-06,2023,4,96,6,20,23,BUS03
2023-04-06 23:23:05,40.765621,-111.909691,1272.6,-9999.0,-9999.0,-9999.0,13.91,12.02,7.7,21.75,3.0,2.0,12.39,15.0,878.9,0.0,45.7,2.38,24.6,827.7,0.4,5.3,5.7,18.5,805.5,2.06,136.8,0.0,0,0,"time.struct_time(tm_year=2023, tm_mon=4, tm_mday=6, tm_hour=23, tm_min=23, tm_sec=5, tm_wday=3, tm_yday=96, tm_isdst=-1)",2023-04-06,2023,4,96,6,23,23,BUS03
2023-04-06 23:25:35,40.765678,-111.909683,1275.2,-9999.0,-9999.0,-9999.0,13.91,12.04,7.72,21.97,3.0,2.0,12.39,16.0,878.7,0.0,43.2,2.39,24.6,827.9,5.5,12.0,17.5,18.5,805.5,2.06,136.9,0.0,0,0,"time.struct_time(tm_year=2023, tm_mon=4, tm_mday=6, tm_hour=23, tm_min=25, tm_sec=35, tm_wday=3, tm_yday=96, tm_isdst=-1)",2023-04-06,2023,4,96,6,25,23,BUS03
2023-04-06 23:28:05,40.765381,-111.909409,1269.9,-9999.0,-9999.0,-9999.0,13.9,12.06,7.73,23.1,2.0,2.0,12.39,16.0,878.8,0.0,50.6,2.39,24.6,827.6,-0.0,8.9,8.9,18.6,805.5,2.06,136.9,0.0,0,0,"time.struct_time(tm_year=2023, tm_mon=4, tm_mday=6, tm_hour=23, tm_min=28, tm_sec=5, tm_wday=3, tm_yday=96, tm_isdst=-1)",2023-04-06,2023,4,96,6,28,23,BUS03
2023-04-06 23:30:35,40.765312,-111.909393,1268.7,-9999.0,-9999.0,-9999.0,13.91,12.07,7.7,23.51,2.0,2.0,12.5,16.0,878.7,0.0,46.1,2.4,24.6,827.8,-0.4,6.0,5.5,18.6,805.5,2.06,136.8,0.0,0,0,"time.struct_time(tm_year=2023, tm_mon=4, tm_mday=6, tm_hour=23, tm_min=30, tm_sec=35, tm_wday=3, tm_yday=96, tm_isdst=-1)",2023-04-06,2023,4,96,6,30,23,BUS03
2023-04-06 23:33:05,40.765602,-111.90963,1268.5,-9999.0,-9999.0,-9999.0,13.91,12.09,7.72,21.53,3.0,2.0,12.5,16.0,878.7,0.0,40.4,2.39,24.7,827.6,0.8,7.1,7.9,18.6,805.5,2.06,136.9,0.0,0,0,"time.struct_time(tm_year=2023, tm_mon=4, tm_mday=6, tm_hour=23, tm_min=33, tm_sec=5, tm_wday=3, tm_yday=96, tm_isdst=-1)",2023-04-06,2023,4,96,6,33,23,BUS03
2023-04-06 23:35:35,40.765945,-111.909584,1268.3,-9999.0,-9999.0,-9999.0,13.91,12.1,7.78,20.5,2.0,2.0,12.5,15.0,879.0,0.0,41.6,2.4,24.7,827.8,5.4,10.5,15.9,18.6,805.5,2.06,136.8,0.0,0,0,"time.struct_time(tm_year=2023, tm_mon=4, tm_mday=6, tm_hour=23, tm_min=35, tm_sec=35, tm_wday=3, tm_yday=96, tm_isdst=-1)",2023-04-06,2023,4,96,6,35,23,BUS03
2023-04-06 23:38:05,40.765781,-111.909729,1266.9,-9999.0,-9999.0,-9999.0,13.91,12.12,7.81,20.67,2.0,2.0,12.61,15.0,878.8,0.0,46.9,2.39,24.7,827.5,2.1,13.2,15.3,18.6,805.4,2.06,136.9,0.0,0,0,"time.struct_time(tm_year=2023, tm_mon=4, tm_mday=6, tm_hour=23, tm_min=38, tm_sec=5, tm_wday=3, tm_yday=96, tm_isdst=-1)",2023-04-06,2023,4,96,6,38,23,BUS03
2023-04-06 23:41:40,40.765427,-111.909393,1265.4,-9999.0,-9999.0,-9999.0,13.91,12.16,7.82,20.01,2.0,2.0,12.61,15.0,878.8,0.0,45.7,2.4,24.7,827.5,1.3,6.9,8.2,18.7,805.4,2.06,138.4,0.0,0,0,"time.struct_time(tm_year=2023, tm_mon=4, tm_mday=6, tm_hour=23, tm_min=41, tm_sec=40, tm_wday=3, tm_yday=96, tm_isdst=-1)",2023-04-06,2023,4,96,6,41,23,BUS03
2023-04-06 23:44:10,40.76553,-111.909302,1267.3,-9999.0,-9999.0,-9999.0,13.91,12.17,7.84,22.63,2.0,2.0,12.61,15.0,878.8,0.0,44.1,2.39,24.7,827.5,2.5,8.1,10.6,18.7,805.3,2.06,138.5,0.0,0,0,"time.struct_time(tm_year=2023, tm_mon=4, tm_mday=6, tm_hour=23, tm_min=44, tm_sec=10, tm_wday=3, tm_yday=96, tm_isdst=-1)",2023-04-06,2023,4,96,6,44,23,BUS03
2023-04-06 23:46:40,40.765759,-111.909599,1267.9,-9999.0,-9999.0,-9999.0,13.91,12.19,7.86,20.49,2.0,2.0,12.61,15.0,878.8,0.0,42.0,2.39,24.7,827.4,3.3,6.4,9.8,18.7,805.3,2.05,138.4,0.0,0,0,"time.struct_time(tm_year=2023, tm_mon=4, tm_mday=6, tm_hour=23, tm_min=46, tm_sec=40, tm_wday=3, tm_yday=96, tm_isdst=-1)",2023-04-06,2023,4,96,6,46,23,BUS03
2023-04-06 23:49:10,40.765781,-111.909592,1267.6,-9999.0,-9999.0,-9999.0,13.91,12.2,7.91,22.37,2.0,2.0,12.61,15.0,878.9,0.0,43.2,2.4,24.8,827.4,-1.3,8.4,7.2,18.7,805.3,2.06,138.6,0.0,0,0,"time.struct_time(tm_year=2023, tm_mon=4, tm_mday=6, tm_hour=23, tm_min=49, tm_sec=10, tm_wday=3, tm_yday=96, tm_isdst=-1)",2023-04-06,2023,4,96,6,49,23,BUS03
2023-04-06 23:51:40,40.765305,-111.909531,1269.9,-9999.0,-9999.0,-9999.0,13.91,12.22,7.95,20.51,2.0,2.0,12.72,15.0,878.9,0.0,44.6,2.4,24.8,827.5,0.7,7.4,8.1,18.7,805.3,2.06,138.7,0.0,0,0,"time.struct_time(tm_year=2023, tm_mon=4, tm_mday=6, tm_hour=23, tm_min=51, tm_sec=40, tm_wday=3, tm_yday=96, tm_isdst=-1)",2023-04-06,2023,4,96,6,51,23,BUS03
2023-04-06 23:54:10,40.765572,-111.909683,1265.5,-9999.0,-9999.0,-9999.0,13.91,12.25,8.03,21.55,2.0,2.0,12.72,15.0,878.6,0.0,46.5,2.39,24.8,827.4,2.2,6.3,8.5,18.8,805.2,2.06,138.8,0.0,0,0,"time.struct_time(tm_year=2023, tm_mon=4, tm_mday=6, tm_hour=23, tm_min=54, tm_sec=10, tm_wday=3, tm_yday=96, tm_isdst=-1)",2023-04-06,2023,4,96,6,54,23,BUS03
2023-04-06 23:56:40,40.765705,-111.909622,1263.3,-9999.0,-9999.0,-9999.0,13.91,12.27,8.05,19.51,2.0,2.0,12.78,14.0,878.9,0.0,51.3,2.4,24.8,827.4,2.4,4.0,6.4,18.8,805.3,2.06,138.4,0.0,0,0,"time.struct_time(tm_year=2023, tm_mon=4, tm_mday=6, tm_hour=23, tm_min=56, tm_sec=40, tm_wday=3, tm_yday=96, tm_isdst=-1)",2023-04-06,2023,4,96,6,56,23,BUS03
2023-04-06 23:59:10,40.765697,-111.909462,1258.6,-9999.0,-9999.0,-9999.0,13.91,12.29,8.09,18.9,2.0,2.0,12.72,15.0,878.8,0.0,45.2,2.38,24.8,827.4,1.9,5.4,7.3,18.8,805.3,2.06,138.5,0.0,0,0,"time.struct_time(tm_year=2023, tm_mon=4, tm_mday=6, tm_hour=23, tm_min=59, tm_sec=10, tm_wday=3, tm_yday=96, tm_isdst=-1)",2023-04-06,2023,4,96,6,59,23,BUS03
2023-04-07 00:01:40,40.765598,-111.909546,1256.2,-9999.0,-9999.0,-9999.0,13.91,12.3,8.07,22.23,2.0,2.0,12.72,15.0,878.7,0.0,45.1,2.39,24.8,827.3,1.3,6.5,7.8,18.8,805.3,2.06,138.5,0.0,0,0,"time.struct_time(tm_year=2023, tm_mon=4, tm_mday=7, tm_hour=0, tm_min=1, tm_sec=40, tm_wday=4, tm_yday=97, tm_isdst=-1)",2023-04-07,2023,4,97,7,1,0,BUS03
2023-04-07 00:04:10,40.765518,-111.909584,1247.2,-9999.0,-9999.0,-9999.0,13.9,12.31,7.99,18.87,3.0,2.0,12.78,15.0,878.8,0.0,28.5,2.39,24.9,827.4,10.2,14.3,24.6,18.8,805.3,2.06,138.6,0.0,0,0,"time.struct_time(tm_year=2023, tm_mon=4, tm_mday=7, tm_hour=0, tm_min=4, tm_sec=10, tm_wday=4, tm_yday=97, tm_isdst=-1)",2023-04-07,2023,4,97,7,4,0,BUS03
2023-04-07 00:06:40,40.765453,-111.909576,1248.5,-9999.0,-9999.0,-9999.0,13.91,12.33,8.05,19.57,3.0,2.0,12.78,14.0,878.8,0.0,35.2,2.41,24.9,827.4,11.7,26.9,38.5,18.9,805.3,2.06,138.5,0.0,0,0,"time.struct_time(tm_year=2023, tm_mon=4, tm_mday=7, tm_hour=0, tm_min=6, tm_sec=40, tm_wday=4, tm_yday=97, tm_isdst=-1)",2023-04-07,2023,4,97,7,6,0,BUS03
2023-04-07 00:09:10,40.76564,-111.909607,1248.2,-9999.0,-9999.0,-9999.0,13.91,12.33,8.17,18.95,2.0,2.0,12.78,13.0,878.5,0.0,43.2,2.4,24.9,827.3,1.6,14.3,15.9,18.9,805.2,2.06,138.4,0.0,0,0,"time.struct_time(tm_year=2023, tm_mon=4, tm_mday=7, tm_hour=0, tm_min=9, tm_sec=10, tm_wday=4, tm_yday=97, tm_isdst=-1)",2023-04-07,2023,4,97,7,9,0,BUS03
2023-04-07 00:11:40,40.765778,-111.90979,1257.8,-9999.0,-9999.0,-9999.0,13.91,12.34,8.17,18.65,2.0,2.0,12.78,14.0,878.6,0.0,44.8,2.4,24.9,827.3,0.8,7.4,8.2,18.9,805.2,2.06,138.6,0.0,0,0,"time.struct_time(tm_year=2023, tm_mon=4, tm_mday=7, tm_hour=0, tm_min=11, tm_sec=40, tm_wday=4, tm_yday=97, tm_isdst=-1)",2023-04-07,2023,4,97,7,11,0,BUS03
2023-04-07 00:14:10,40.765923,-111.909813,1251.7,-9999.0,-9999.0,-9999.0,13.91,12.35,8.17,19.14,2.0,2.0,12.78,14.0,878.8,0.0,39.5,2.41,24.9,827.3,6.0,17.1,23.1,18.9,805.2,2.06,138.6,0.0,0,0,"time.struct_time(tm_year=2023, tm_mon=4, tm_mday=7, tm_hour=0, tm_min=14, tm_sec=10, tm_wday=4, tm_yday=97, tm_isdst=-1)",2023-04-07,2023,4,97,7,14,0,BUS03
2023-04-07 00:16:40,40.765957,-111.90976,1251.6,-9999.0,-9999.0,-9999.0,13.91,12.36,8.15,20.09,3.0,2.0,12.89,14.0,878.6,0.0,39.6,2.41,24.9,827.3,3.8,16.0,19.8,18.9,805.2,2.06,138.8,0.0,0,0,"time.struct_time(tm_year=2023, tm_mon=4, tm_mday=7, tm_hour=0, tm_min=16, tm_sec=40, tm_wday=4, tm_yday=97, tm_isdst=-1)",2023-04-07,2023,4,97,7,16,0,BUS03
2023-04-07 00:19:10,40.765942,-111.909798,1249.1,-9999.0,-9999.0,-9999.0,13.91,12.37,8.15,19.26,2.0,2.0,12.89,15.0,878.5,0.0,41.9,2.39,24.9,827.6,2.6,14.2,16.8,19.0,805.2,2.06,138.6,0.0,0,0,"time.struct_time(tm_year=2023, tm_mon=4, tm_mday=7, tm_hour=0, tm_min=19, tm_sec=10, tm_wday=4, tm_yday=97, tm_isdst=-1)",2023-04-07,2023,4,97,7,19,0,BUS03
2023-04-07 00:21:40,40.765926,-111.909866,1251.0,-9999.0,-9999.0,-9999.0,13.91,12.37,8.07,20.72,2.0,2.0,12.78,15.0,878.6,0.0,42.0,2.4,24.9,827.3,3.0,11.8,14.7,19.0,805.2,2.06,138.6,0.0,0,0,"time.struct_time(tm_year=2023, tm_mon=4, tm_mday=7, tm_hour=0, tm_min=21, tm_sec=40, tm_wday=4, tm_yday=97, tm_isdst=-1)",2023-04-07,2023,4,97,7,21,0,BUS03
2023-04-07 00:24:10,40.765495,-111.909653,1254.2,-9999.0,-9999.0,-9999.0,13.91,12.38,8.0,18.04,2.0,2.0,12.78,14.0,878.6,0.0,48.5,2.4,24.9,827.6,1.7,8.2,9.9,19.0,805.2,2.06,138.5,0.0,0,0,"time.struct_time(tm_year=2023, tm_mon=4, tm_mday=7, tm_hour=0, tm_min=24, tm_sec=10, tm_wday=4, tm_yday=97, tm_isdst=-1)",2023-04-07,2023,4,97,7,24,0,BUS03
2023-04-07 00:26:40,40.765709,-111.909752,1257.7,-9999.0,-9999.0,-9999.0,13.91,12.38,7.98,18.93,2.0,2.0,12.78,14.0,878.6,0.0,48.8,2.4,25.0,827.2,0.6,5.6,6.2,19.0,805.1,2.06,138.6,0.0,0,0,"time.struct_time(tm_year=2023, tm_mon=4, tm_mday=7, tm_hour=0, tm_min=26, tm_sec=40, tm_wday=4, tm_yday=97, tm_isdst=-1)",2023-04-07,2023,4,97,7,26,0,BUS03
2023-04-07 00:29:10,40.765717,-111.909767,1260.0,-9999.0,-9999.0,-9999.0,13.9,12.39,8.04,20.01,2.0,2.0,12.89,14.0,878.7,0.0,47.8,2.39,25.0,827.5,1.9,4.4,6.3,19.0,805.1,2.06,138.8,0.0,0,0,"time.struct_time(tm_year=2023, tm_mon=4, tm_mday=7, tm_hour=0, tm_min=29, tm_sec=10, tm_wday=4, tm_yday=97, tm_isdst=-1)",2023-04-07,2023,4,97,7,29,0,BUS03
2023-04-07 00:31:40,40.765877,-111.909882,1260.6,-9999.0,-9999.0,-9999.0,13.91,12.41,8.08,17.46,2.0,2.0,12.89,14.0,878.7,0.0,49.3,2.39,25.0,827.2,4.8,4.8,9.6,19.0,805.1,2.06,138.7,0.0,0,0,"time.struct_time(tm_year=2023, tm_mon=4, tm_mday=7, tm_hour=0, tm_min=31, tm_sec=40, tm_wday=4, tm_yday=97, tm_isdst=-1)",2023-04-07,2023,4,97,7,31,0,BUS03
2023-04-07 00:34:10,40.765915,-111.909874,1260.6,-9999.0,-9999.0,-9999.0,13.91,12.42,8.09,18.26,3.0,2.0,12.89,14.0,878.5,0.0,42.2,2.4,25.0,827.5,2.0,10.6,12.6,19.1,805.0,2.06,138.8,0.0,0,0,"time.struct_time(tm_year=2023, tm_mon=4, tm_mday=7, tm_hour=0, tm_min=34, tm_sec=10, tm_wday=4, tm_yday=97, tm_isdst=-1)",2023-04-07,2023,4,97,7,34,0,BUS03
2023-04-07 00:36:40,40.765739,-111.909821,1259.9,-9999.0,-9999.0,-9999.0,13.91,12.43,8.09,19.1,2.0,2.0,12.89,14.0,878.4,0.0,45.5,2.41,25.0,827.2,-0.9,8.3,7.4,19.1,805.1,2.06,138.6,0.0,0,0,"time.struct_time(tm_year=2023, tm_mon=4, tm_mday=7, tm_hour=0, tm_min=36, tm_sec=40, tm_wday=4, tm_yday=97, tm_isdst=-1)",2023-04-07,2023,4,97,7,36,0,BUS03
2023-04-07 00:39:10,40.765968,-111.909805,1260.2,-9999.0,-9999.0,-9999.0,13.91,12.43,8.01,18.18,2.0,2.0,12.89,14.0,878.7,0.0,51.6,2.41,25.0,827.4,-0.6,5.2,4.6,19.1,805.0,2.06,138.6,0.0,0,0,"time.struct_time(tm_year=2023, tm_mon=4, tm_mday=7, tm_hour=0, tm_min=39, tm_sec=10, tm_wday=4, tm_yday=97, tm_isdst=-1)",2023-04-07,2023,4,97,7,39,0,BUS03
2023-04-07 00:42:45,40.765774,-111.90966,1253.9,-9999.0,-9999.0,-9999.0,13.91,12.44,8.02,20.86,2.0,2.0,12.89,14.0,878.6,0.0,46.6,2.4,25.0,827.2,1.7,4.9,6.6,19.1,805.0,2.09,138.3,0.0,0,0,"time.struct_time(tm_year=2023, tm_mon=4, tm_mday=7, tm_hour=0, tm_min=42, tm_sec=45, tm_wday=4, tm_yday=97, tm_isdst=-1)",2023-04-07,2023,4,97,7,42,0,BUS03
2023-04-07 00:45:15,40.765694,-111.90963,1252.1,-9999.0,-9999.0,-9999.0,13.91,12.44,8.06,18.57,2.0,2.0,12.89,13.0,878.4,0.0,45.9,2.39,25.0,827.5,0.7,6.1,6.8,19.1,804.9,2.09,138.4,0.0,0,0,"time.struct_time(tm_year=2023, tm_mon=4, tm_mday=7, tm_hour=0, tm_min=45, tm_sec=15, tm_wday=4, tm_yday=97, tm_isdst=-1)",2023-04-07,2023,4,97,7,45,0,BUS03
2023-04-07 00:47:45,40.765778,-111.909569,1249.8,-9999.0,-9999.0,-9999.0,13.91,12.45,8.06,19.46,2.0,2.0,12.89,14.0,878.5,0.0,41.2,2.39,25.0,827.1,3.2,8.2,11.4,19.1,804.9,2.09,138.3,0.0,0,0,"time.struct_time(tm_year=2023, tm_mon=4, tm_mday=7, tm_hour=0, tm_min=47, tm_sec=45, tm_wday=4, tm_yday=97, tm_isdst=-1)",2023-04-07,2023,4,97,7,47,0,BUS03
2023-04-07 00:50:15,40.765846,-111.909775,1251.7,-9999.0,-9999.0,-9999.0,13.91,12.46,8.08,19.94,3.0,2.0,12.89,13.0,878.6,0.0,45.1,2.41,25.0,827.4,2.0,9.1,11.1,19.2,805.0,2.09,138.1,0.0,0,0,"time.struct_time(tm_year=2023, tm_mon=4, tm_mday=7, tm_hour=0, tm_min=50, tm_sec=15, tm_wday=4, tm_yday=97, tm_isdst=-1)",2023-04-07,2023,4,97,7,50,0,BUS03
2023-04-07 00:52:45,40.765678,-111.909714,1261.8,-9999.0,-9999.0,-9999.0,13.91,12.46,8.08,17.64,2.0,2.0,12.89,13.0,878.6,0.0,46.3,2.41,25.0,827.2,-1.4,5.5,4.0,19.2,805.0,2.09,138.3,0.0,0,0,"time.struct_time(tm_year=2023, tm_mon=4, tm_mday=7, tm_hour=0, tm_min=52, tm_sec=45, tm_wday=4, tm_yday=97, tm_isdst=-1)",2023-04-07,2023,4,97,7,52,0,BUS03
2023-04-07 00:55:15,40.765667,-111.909683,1262.8,-9999.0,-9999.0,-9999.0,13.91,12.46,7.99,18.23,2.0,2.0,12.89,13.0,878.7,0.0,49.9,2.39,25.0,827.5,-0.4,5.2,4.8,19.2,805.0,2.09,138.2,0.0,0,0,"time.struct_time(tm_year=2023, tm_mon=4, tm_mday=7, tm_hour=0, tm_min=55, tm_sec=15, tm_wday=4, tm_yday=97, tm_isdst=-1)",2023-04-07,2023,4,97,7,55,0,BUS03
2023-04-07 00:57:45,40.765781,-111.909645,1258.9,-9999.0,-9999.0,-9999.0,13.91,12.46,7.92,18.75,2.0,2.0,12.89,14.0,878.6,0.0,46.5,2.4,25.0,827.1,0.4,7.3,7.7,19.2,804.9,2.09,138.4,0.0,0,0,"time.struct_time(tm_year=2023, tm_mon=4, tm_mday=7, tm_hour=0, tm_min=57, tm_sec=45, tm_wday=4, tm_yday=97, tm_isdst=-1)",2023-04-07,2023,4,97,7,57,0,BUS03
2023-04-07 01:00:15,40.765888,-111.909721,1254.4,-9999.0,-9999.0,-9999.0,13.91,12.46,7.9,21.61,5.0,2.0,12.89,14.0,878.5,0.0,44.2,2.39,25.0,827.4,-1.1,7.8,6.6,19.2,805.0,2.09,138.3,0.0,0,0,"time.struct_time(tm_year=2023, tm_mon=4, tm_mday=7, tm_hour=1, tm_min=0, tm_sec=15, tm_wday=4, tm_yday=97, tm_isdst=-1)",2023-04-07,2023,4,97,7,0,1,BUS03
2023-04-07 01:02:45,40.765785,-111.909584,1258.5,-9999.0,-9999.0,-9999.0,13.91,12.47,7.94,19.22,4.0,2.0,12.89,14.0,878.4,0.0,45.1,2.39,25.0,827.1,2.1,7.7,9.8,19.2,804.9,2.09,138.3,0.0,0,0,"time.struct_time(tm_year=2023, tm_mon=4, tm_mday=7, tm_hour=1, tm_min=2, tm_sec=45, tm_wday=4, tm_yday=97, tm_isdst=-1)",2023-04-07,2023,4,97,7,2,1,BUS03
2023-04-07 01:05:15,40.765667,-111.909698,1263.8,-9999.0,-9999.0,-9999.0,13.91,12.47,8.07,20.05,2.0,2.0,12.89,14.0,878.3,0.0,45.0,2.4,25.0,827.4,1.1,6.8,7.9,19.2,804.9,2.09,138.4,0.0,0,0,"time.struct_time(tm_year=2023, tm_mon=4, tm_mday=7, tm_hour=1, tm_min=5, tm_sec=15, tm_wday=4, tm_yday=97, tm_isdst=-1)",2023-04-07,2023,4,97,7,5,1,BUS03
2023-04-07 01:07:45,40.765778,-111.909721,1266.3,-9999.0,-9999.0,-9999.0,13.91,12.47,8.17,19.45,2.0,2.0,13.0,13.0,878.4,0.0,44.0,2.41,25.0,827.0,1.2,9.5,10.7,19.2,804.9,2.09,138.4,0.0,0,0,"time.struct_time(tm_year=2023, tm_mon=4, tm_mday=7, tm_hour=1, tm_min=7, tm_sec=45, tm_wday=4, tm_yday=97, tm_isdst=-1)",2023-04-07,2023,4,97,7,7,1,BUS03
2023-04-07 01:10:15,40.765728,-111.909653,1267.6,-9999.0,-9999.0,-9999.0,13.91,12.48,8.33,18.71,2.0,2.0,13.0,13.0,878.3,0.0,41.9,2.4,25.0,827.3,1.2,10.7,11.9,19.3,804.8,2.09,138.5,0.0,0,0,"time.struct_time(tm_year=2023, tm_mon=4, tm_mday=7, tm_hour=1, tm_min=10, tm_sec=15, tm_wday=4, tm_yday=97, tm_isdst=-1)",2023-04-07,2023,4,97,7,10,1,BUS03
2023-04-07 01:12:45,40.765717,-111.909698,1266.0,-9999.0,-9999.0,-9999.0,13.9,12.48,8.43,18.51,2.0,2.0,13.0,13.0,878.5,0.0,43.8,2.39,25.0,827.0,-0.1,10.0,9.8,19.3,804.8,2.09,138.3,0.0,0,0,"time.struct_time(tm_year=2023, tm_mon=4, tm_mday=7, tm_hour=1, tm_min=12, tm_sec=45, tm_wday=4, tm_yday=97, tm_isdst=-1)",2023-04-07,2023,4,97,7,12,1,BUS03
2023-04-07 01:15:15,40.765701,-111.909584,1265.7,-9999.0,-9999.0,-9999.0,13.91,12.49,8.49,18.64,3.0,2.0,12.89,14.0,878.3,0.0,44.2,2.39,25.1,827.3,-0.1,7.6,7.5,19.3,804.8,2.09,138.4,0.0,0,0,"time.struct_time(tm_year=2023, tm_mon=4, tm_mday=7, tm_hour=1, tm_min=15, tm_sec=15, tm_wday=4, tm_yday=97, tm_isdst=-1)",2023-04-07,2023,4,97,7,15,1,BUS03
2023-04-07 01:17:45,40.765533,-111.909485,1268.0,-9999.0,-9999.0,-9999.0,13.91,12.5,8.54,18.16,4.0,2.0,13.0,14.0,878.5,0.0,44.1,2.4,25.1,826.9,2.3,7.6,9.9,19.3,804.7,2.09,138.6,0.0,0,0,"time.struct_time(tm_year=2023, tm_mon=4, tm_mday=7, tm_hour=1, tm_min=17, tm_sec=45, tm_wday=4, tm_yday=97, tm_isdst=-1)",2023-04-07,2023,4,97,7,17,1,BUS03
2023-04-07 01:20:15,40.765766,-111.909615,1269.7,-9999.0,-9999.0,-9999.0,13.91,12.5,8.48,18.35,2.0,2.0,12.89,14.0,878.2,0.0,45.7,2.39,25.1,827.2,0.5,11.4,11.9,19.3,804.8,2.09,138.4,0.0,0,0,"time.struct_time(tm_year=2023, tm_mon=4, tm_mday=7, tm_hour=1, tm_min=20, tm_sec=15, tm_wday=4, tm_yday=97, tm_isdst=-1)",2023-04-07,2023,4,97,7,20,1,BUS03
2023-04-07 01:22:45,40.765705,-111.90963,1267.3,-9999.0,-9999.0,-9999.0,13.91,12.51,8.46,17.93,2.0,2.0,12.89,14.0,878.3,0.0,41.7,2.42,25.1,826.9,0.2,8.9,9.2,19.3,804.7,2.09,138.4,0.0,0,0,"time.struct_time(tm_year=2023, tm_mon=4, tm_mday=7, tm_hour=1, tm_min=22, tm_sec=45, tm_wday=4, tm_yday=97, tm_isdst=-1)",2023-04-07,2023,4,97,7,22,1,BUS03
2023-04-07 01:25:15,40.765663,-111.909569,1266.7,-9999.0,-9999.0,-9999.0,13.91,12.51,8.43,19.74,3.0,2.0,12.89,14.0,878.3,0.0,41.0,2.39,25.1,827.2,-1.1,9.6,8.5,19.3,804.7,2.09,138.4,0.0,0,0,"time.struct_time(tm_year=2023, tm_mon=4, tm_mday=7, tm_hour=1, tm_min=25, tm_sec=15, tm_wday=4, tm_yday=97, tm_isdst=-1)",2023-04-07,2023,4,97,7,25,1,BUS03
2023-04-07 01:27:45,40.765682,-111.909569,1266.6,-9999.0,-9999.0,-9999.0,13.91,12.52,8.42,22.77,4.0,2.0,13.0,14.0,878.2,0.0,30.8,2.4,25.1,826.8,46.9,29.5,76.5,19.3,804.6,2.1,138.4,0.0,0,0,"time.struct_time(tm_year=2023, tm_mon=4, tm_mday=7, tm_hour=1, tm_min=27, tm_sec=45, tm_wday=4, tm_yday=97, tm_isdst=-1)",2023-04-07,2023,4,97,7,27,1,BUS03
2023-04-07 01:30:15,40.765499,-111.909523,1265.5,-9999.0,-9999.0,-9999.0,13.91,12.54,8.51,23.88,6.0,2.0,13.0,15.0,878.4,0.0,35.8,2.39,25.1,827.2,20.7,31.7,52.4,19.4,804.7,2.09,138.4,0.0,0,0,"time.struct_time(tm_year=2023, tm_mon=4, tm_mday=7, tm_hour=1, tm_min=30, tm_sec=15, tm_wday=4, tm_yday=97, tm_isdst=-1)",2023-04-07,2023,4,97,7,30,1,BUS03
2023-04-07 01:32:45,40.765736,-111.909714,1263.1,-9999.0,-9999.0,-9999.0,13.91,12.56,8.69,24.53,8.0,2.0,13.0,16.0,878.1,0.0,23.7,2.4,25.1,826.8,17.8,30.2,48.0,19.4,804.6,2.09,138.6,0.0,0,0,"time.struct_time(tm_year=2023, tm_mon=4, tm_mday=7, tm_hour=1, tm_min=32, tm_sec=45, tm_wday=4, tm_yday=97, tm_isdst=-1)",2023-04-07,2023,4,97,7,32,1,BUS03
2023-04-07 01:35:15,40.765686,-111.909721,1267.1,-9999.0,-9999.0,-9999.0,13.9,12.57,8.87,22.83,3.0,2.0,13.0,16.0,878.2,0.0,39.8,2.4,25.1,827.1,5.8,21.4,27.2,19.4,804.5,2.09,138.6,0.0,0,0,"time.struct_time(tm_year=2023, tm_mon=4, tm_mday=7, tm_hour=1, tm_min=35, tm_sec=15, tm_wday=4, tm_yday=97, tm_isdst=-1)",2023-04-07,2023,4,97,7,35,1,BUS03
2023-04-07 01:37:45,40.76561,-111.909576,1260.0,-9999.0,-9999.0,-9999.0,13.91,12.58,8.83,23.25,4.0,2.0,13.0,16.0,878.1,0.0,33.1,2.39,25.1,826.8,-1.4,16.3,14.9,19.4,804.7,2.09,138.5,0.0,0,0,"time.struct_time(tm_year=2023, tm_mon=4, tm_mday=7, tm_hour=1, tm_min=37, tm_sec=45, tm_wday=4, tm_yday=97, tm_isdst=-1)",2023-04-07,2023,4,97,7,37,1,BUS03
2023-04-07 01:40:15,40.765533,-111.909645,1259.0,-9999.0,-9999.0,-9999.0,13.91,12.58,8.9,24.15,4.0,2.0,13.0,16.0,878.2,0.0,18.6,2.4,25.1,827.1,2.1,32.0,34.0,19.4,804.5,2.09,138.6,0.0,0,0,"time.struct_time(tm_year=2023, tm_mon=4, tm_mday=7, tm_hour=1, tm_min=40, tm_sec=15, tm_wday=4, tm_yday=97, tm_isdst=-1)",2023-04-07,2023,4,97,7,40,1,BUS03
2023-04-07 01:43:50,40.765793,-111.909676,1271.4,-9999.0,-9999.0,-9999.0,13.91,12.56,8.87,23.56,7.0,2.0,12.89,15.0,878.2,0.0,25.9,2.4,25.1,827.2,5.1,33.9,39.0,19.4,804.5,2.06,137.4,0.0,0,0,"time.struct_time(tm_year=2023, tm_mon=4, tm_mday=7, tm_hour=1, tm_min=43, tm_sec=50, tm_wday=4, tm_yday=97, tm_isdst=-1)",2023-04-07,2023,4,97,7,43,1,BUS03
2023-04-07 01:46:20,40.765781,-111.909805,1275.9,-9999.0,-9999.0,-9999.0,13.91,12.55,8.84,23.52,5.0,2.0,12.89,15.0,878.0,0.0,35.5,2.4,25.1,826.8,1.8,29.1,30.9,19.4,804.6,2.06,137.3,0.0,0,0,"time.struct_time(tm_year=2023, tm_mon=4, tm_mday=7, tm_hour=1, tm_min=46, tm_sec=20, tm_wday=4, tm_yday=97, tm_isdst=-1)",2023-04-07,2023,4,97,7,46,1,BUS03
2023-04-07 01:48:50,40.765759,-111.90966,1278.2,-9999.0,-9999.0,-9999.0,13.91,12.53,8.79,24.84,3.0,2.0,12.89,15.0,878.2,0.0,37.7,2.41,25.2,827.1,1.5,22.6,24.2,19.4,804.6,2.06,137.4,0.0,0,0,"time.struct_time(tm_year=2023, tm_mon=4, tm_mday=7, tm_hour=1, tm_min=48, tm_sec=50, tm_wday=4, tm_yday=97, tm_isdst=-1)",2023-04-07,2023,4,97,7,48,1,BUS03
2023-04-07 01:51:20,40.765507,-111.909676,1276.2,-9999.0,-9999.0,-9999.0,13.91,12.52,8.75,24.08,4.0,2.0,12.78,16.0,878.1,0.0,35.7,2.39,25.2,826.8,2.1,21.2,23.3,19.4,804.6,2.06,137.3,0.0,0,0,"time.struct_time(tm_year=2023, tm_mon=4, tm_mday=7, tm_hour=1, tm_min=51, tm_sec=20, tm_wday=4, tm_yday=97, tm_isdst=-1)",2023-04-07,2023,4,97,7,51,1,BUS03
2023-04-07 01:53:50,40.765663,-111.909592,1275.0,-9999.0,-9999.0,-9999.0,13.91,12.5,8.71,24.92,7.0,2.0,12.78,16.0,878.2,0.0,30.1,2.41,25.1,827.1,-1.3,20.5,19.2,19.4,804.5,2.07,137.3,0.0,0,0,"time.struct_time(tm_year=2023, tm_mon=4, tm_mday=7, tm_hour=1, tm_min=53, tm_sec=50, tm_wday=4, tm_yday=97, tm_isdst=-1)",2023-04-07,2023,4,97,7,53,1,BUS03
2023-04-07 01:56:20,40.765751,-111.909637,1275.8,-9999.0,-9999.0,-9999.0,13.91,12.48,8.67,25.29,6.0,2.0,12.72,15.0,878.2,0.0,36.1,2.41,25.1,826.8,0.6,21.5,22.1,19.5,804.6,2.07,137.3,0.0,0,0,"time.struct_time(tm_year=2023, tm_mon=4, tm_mday=7, tm_hour=1, tm_min=56, tm_sec=20, tm_wday=4, tm_yday=97, tm_isdst=-1)",2023-04-07,2023,4,97,7,56,1,BUS03
2023-04-07 01:58:50,40.765652,-111.909607,1283.4,-9999.0,-9999.0,-9999.0,13.91,12.46,8.65,24.27,4.0,2.0,12.72,16.0,878.2,0.0,32.8,2.4,25.1,827.1,-0.4,20.0,19.6,19.5,804.6,2.06,137.4,0.0,0,0,"time.struct_time(tm_year=2023, tm_mon=4, tm_mday=7, tm_hour=1, tm_min=58, tm_sec=50, tm_wday=4, tm_yday=97, tm_isdst=-1)",2023-04-07,2023,4,97,7,58,1,BUS03
2023-04-07 02:01:20,40.765629,-111.909477,1278.3,-9999.0,-9999.0,-9999.0,13.91,12.44,8.59,24.79,4.0,2.0,12.72,16.0,878.1,0.0,27.6,2.4,25.1,826.8,1.2,22.9,24.1,19.5,804.6,2.07,137.4,0.0,0,0,"time.struct_time(tm_year=2023, tm_mon=4, tm_mday=7, tm_hour=2, tm_min=1, tm_sec=20, tm_wday=4, tm_yday=97, tm_isdst=-1)",2023-04-07,2023,4,97,7,1,2,BUS03
2023-04-07 02:03:50,40.765644,-111.909698,1272.2,-9999.0,-9999.0,-9999.0,13.91,12.42,8.5,26.4,5.0,2.0,12.72,16.0,878.3,0.0,31.9,2.4,25.1,827.0,2.9,27.1,30.0,19.5,804.5,2.06,137.4,0.0,0,0,"time.struct_time(tm_year=2023, tm_mon=4, tm_mday=7, tm_hour=2, tm_min=3, tm_sec=50, tm_wday=4, tm_yday=97, tm_isdst=-1)",2023-04-07,2023,4,97,7,3,2,BUS03
2023-04-07 02:06:20,40.765717,-111.909775,1271.3,-9999.0,-9999.0,-9999.0,13.91,12.39,8.28,25.67,6.0,2.0,12.61,16.0,878.2,0.0,28.2,2.4,25.1,826.7,1.9,23.4,25.4,19.5,804.4,2.07,137.5,0.0,0,0,"time.struct_time(tm_year=2023, tm_mon=4, tm_mday=7, tm_hour=2, tm_min=6, tm_sec=20, tm_wday=4, tm_yday=97, tm_isdst=-1)",2023-04-07,2023,4,97,7,6,2,BUS03
2023-04-07 02:08:50,40.765709,-111.90966,1270.9,-9999.0,-9999.0,-9999.0,13.9,12.37,7.95,26.91,3.0,2.0,12.61,17.0,878.0,0.0,31.5,2.39,25.1,827.1,0.9,25.3,26.3,19.5,804.5,2.07,137.5,0.0,0,0,"time.struct_time(tm_year=2023, tm_mon=4, tm_mday=7, tm_hour=2, tm_min=8, tm_sec=50, tm_wday=4, tm_yday=97, tm_isdst=-1)",2023-04-07,2023,4,97,7,8,2,BUS03
2023-04-07 02:11:20,40.765644,-111.909676,1274.5,-9999.0,-9999.0,-9999.0,13.91,12.34,7.66,26.65,3.0,2.0,12.61,16.0,878.2,0.0,36.2,2.4,25.1,826.7,1.8,22.1,23.9,19.5,804.4,2.07,137.5,0.0,0,0,"time.struct_time(tm_year=2023, tm_mon=4, tm_mday=7, tm_hour=2, tm_min=11, tm_sec=20, tm_wday=4, tm_yday=97, tm_isdst=-1)",2023-04-07,2023,4,97,7,11,2,BUS03
2023-04-07 02:13:50,40.765678,-111.909691,1273.7,-9999.0,-9999.0,-9999.0,13.91,12.32,7.43,28.27,5.0,2.0,12.61,17.0,878.1,0.0,28.3,2.39,25.1,827.0,1.9,23.0,24.9,19.5,804.4,2.07,137.4,0.0,0,0,"time.struct_time(tm_year=2023, tm_mon=4, tm_mday=7, tm_hour=2, tm_min=13, tm_sec=50, tm_wday=4, tm_yday=97, tm_isdst=-1)",2023-04-07,2023,4,97,7,13,2,BUS03
2023-04-07 02:16:20,40.765697,-111.909554,1274.2,-9999.0,-9999.0,-9999.0,13.91,12.3,7.22,30.42,3.0,2.0,12.5,17.0,878.2,0.0,28.0,2.4,25.0,826.6,2.5,26.9,29.4,19.5,804.4,2.06,137.2,0.0,0,0,"time.struct_time(tm_year=2023, tm_mon=4, tm_mday=7, tm_hour=2, tm_min=16, tm_sec=20, tm_wday=4, tm_yday=97, tm_isdst=-1)",2023-04-07,2023,4,97,7,16,2,BUS03
2023-04-07 02:18:50,40.765633,-111.909615,1274.8,-9999.0,-9999.0,-9999.0,13.9,12.28,7.1,29.73,4.0,2.0,12.5,17.0,878.0,0.0,17.3,2.4,25.0,826.9,0.7,28.2,28.9,19.5,804.4,2.07,137.4,0.0,0,0,"time.struct_time(tm_year=2023, tm_mon=4, tm_mday=7, tm_hour=2, tm_min=18, tm_sec=50, tm_wday=4, tm_yday=97, tm_isdst=-1)",2023-04-07,2023,4,97,7,18,2,BUS03
2023-04-07 02:21:20,40.765556,-111.909607,1275.9,-9999.0,-9999.0,-9999.0,13.91,12.26,7.04,30.48,5.0,2.0,12.5,17.0,878.2,0.0,25.3,2.4,25.0,826.6,5.1,40.1,45.2,19.5,804.4,2.07,137.5,0.0,0,0,"time.struct_time(tm_year=2023, tm_mon=4, tm_mday=7, tm_hour=2, tm_min=21, tm_sec=20, tm_wday=4, tm_yday=97, tm_isdst=-1)",2023-04-07,2023,4,97,7,21,2,BUS03
2023-04-07 02:23:50,40.765614,-111.909676,1270.1,-9999.0,-9999.0,-9999.0,13.9,12.24,6.99,29.15,7.0,2.0,12.5,17.0,877.9,0.0,26.4,2.4,25.0,827.0,1.7,28.0,29.8,19.5,804.4,2.06,137.4,0.0,0,0,"time.struct_time(tm_year=2023, tm_mon=4, tm_mday=7, tm_hour=2, tm_min=23, tm_sec=50, tm_wday=4, tm_yday=97, tm_isdst=-1)",2023-04-07,2023,4,97,7,23,2,BUS03
2023-04-07 02:26:20,40.765533,-111.909576,1275.5,-9999.0,-9999.0,-9999.0,13.91,12.22,6.98,30.08,5.0,2.0,12.5,17.0,878.0,0.0,31.1,2.4,25.0,826.6,1.5,22.7,24.2,19.5,804.4,2.07,137.5,0.0,0,0,"time.struct_time(tm_year=2023, tm_mon=4, tm_mday=7, tm_hour=2, tm_min=26, tm_sec=20, tm_wday=4, tm_yday=97, tm_isdst=-1)",2023-04-07,2023,4,97,7,26,2,BUS03
2023-04-07 02:28:50,40.765579,-111.909622,1283.0,-9999.0,-9999.0,-9999.0,13.91,12.21,6.94,30.17,13.0,2.0,12.5,17.0,877.9,0.0,23.4,2.39,24.9,826.9,0.7,26.3,27.0,19.5,804.3,2.06,137.5,0.0,0,0,"time.struct_time(tm_year=2023, tm_mon=4, tm_mday=7, tm_hour=2, tm_min=28, tm_sec=50, tm_wday=4, tm_yday=97, tm_isdst=-1)",2023-04-07,2023,4,97,7,28,2,BUS03
2023-04-07 02:31:20,40.765701,-111.909668,1285.4,-9999.0,-9999.0,-9999.0,13.91,12.19,6.95,30.2,4.0,2.0,12.5,17.0,877.8,0.0,19.3,2.39,24.9,826.5,0.2,28.2,28.5,19.5,804.2,2.07,137.5,0.0,0,0,"time.struct_time(tm_year=2023, tm_mon=4, tm_mday=7, tm_hour=2, tm_min=31, tm_sec=20, tm_wday=4, tm_yday=97, tm_isdst=-1)",2023-04-07,2023,4,97,7,31,2,BUS03
2023-04-07 02:33:50,40.765774,-111.909676,1287.9,-9999.0,-9999.0,-9999.0,13.91,12.17,6.92,31.69,6.0,2.0,12.39,18.0,878.0,0.0,8.8,2.41,24.9,826.8,4.7,35.3,40.0,19.5,804.3,2.07,137.5,0.0,0,0,"time.struct_time(tm_year=2023, tm_mon=4, tm_mday=7, tm_hour=2, tm_min=33, tm_sec=50, tm_wday=4, tm_yday=97, tm_isdst=-1)",2023-04-07,2023,4,97,7,33,2,BUS03
2023-04-07 02:36:20,40.765472,-111.909531,1302.5,-9999.0,-9999.0,-9999.0,13.91,12.15,6.94,32.8,5.0,2.0,12.39,18.0,877.8,0.0,6.9,2.4,24.9,826.4,7.9,44.5,52.4,19.5,804.2,2.07,137.6,0.0,0,0,"time.struct_time(tm_year=2023, tm_mon=4, tm_mday=7, tm_hour=2, tm_min=36, tm_sec=20, tm_wday=4, tm_yday=97, tm_isdst=-1)",2023-04-07,2023,4,97,7,36,2,BUS03
2023-04-07 02:38:50,40.765751,-111.909752,1301.2,-9999.0,-9999.0,-9999.0,13.91,12.13,6.92,31.14,4.0,2.0,12.39,18.0,877.8,0.0,7.4,2.4,24.9,826.7,9.2,49.2,58.3,19.5,804.2,2.07,137.5,0.0,0,0,"time.struct_time(tm_year=2023, tm_mon=4, tm_mday=7, tm_hour=2, tm_min=38, tm_sec=50, tm_wday=4, tm_yday=97, tm_isdst=-1)",2023-04-07,2023,4,97,7,38,2,BUS03
2023-04-07 02:41:20,40.766033,-111.909775,1298.9,-9999.0,-9999.0,-9999.0,13.91,12.11,6.88,31.22,6.0,2.0,12.39,18.0,877.9,0.0,12.3,2.4,24.8,826.3,3.1,46.8,49.9,19.5,804.2,2.07,137.6,0.0,0,0,"time.struct_time(tm_year=2023, tm_mon=4, tm_mday=7, tm_hour=2, tm_min=41, tm_sec=20, tm_wday=4, tm_yday=97, tm_isdst=-1)",2023-04-07,2023,4,97,7,41,2,BUS03
2023-04-07 02:44:55,40.766087,-111.909813,1286.7,-9999.0,-9999.0,-9999.0,13.91,12.08,6.83,34.08,4.0,2.0,12.39,18.0,877.8,0.0,12.6,2.39,24.8,826.7,6.1,39.7,45.7,19.4,804.2,2.06,139.2,0.0,0,0,"time.struct_time(tm_year=2023, tm_mon=4, tm_mday=7, tm_hour=2, tm_min=44, tm_sec=55, tm_wday=4, tm_yday=97, tm_isdst=-1)",2023-04-07,2023,4,97,7,44,2,BUS03
2023-04-07 02:47:25,40.765884,-111.909744,1288.9,-9999.0,-9999.0,-9999.0,13.91,12.06,6.68,34.14,4.0,2.0,12.39,19.0,877.8,0.0,9.3,2.4,24.8,826.3,2.8,45.4,48.3,19.4,804.2,2.06,139.2,0.0,0,0,"time.struct_time(tm_year=2023, tm_mon=4, tm_mday=7, tm_hour=2, tm_min=47, tm_sec=25, tm_wday=4, tm_yday=97, tm_isdst=-1)",2023-04-07,2023,4,97,7,47,2,BUS03
2023-04-07 02:49:55,40.765923,-111.909752,1274.2,-9999.0,-9999.0,-9999.0,13.91,12.04,6.62,33.99,18.0,2.0,12.39,19.0,877.7,0.0,14.2,2.4,24.8,826.7,1.5,40.0,41.6,19.4,804.2,2.06,139.2,0.0,0,0,"time.struct_time(tm_year=2023, tm_mon=4, tm_mday=7, tm_hour=2, tm_min=49, tm_sec=55, tm_wday=4, tm_yday=97, tm_isdst=-1)",2023-04-07,2023,4,97,7,49,2,BUS03
2023-04-07 02:52:25,40.765762,-111.909645,1267.5,-9999.0,-9999.0,-9999.0,13.91,12.01,6.59,33.72,9.0,2.0,12.28,19.0,877.8,0.0,7.9,2.4,24.7,826.4,4.2,43.9,48.1,19.4,804.2,2.06,139.2,0.0,0,0,"time.struct_time(tm_year=2023, tm_mon=4, tm_mday=7, tm_hour=2, tm_min=52, tm_sec=25, tm_wday=4, tm_yday=97, tm_isdst=-1)",2023-04-07,2023,4,97,7,52,2,BUS03
2023-04-07 02:54:55,40.765694,-111.909637,1269.6,-9999.0,-9999.0,-9999.0,13.91,11.99,6.54,35.46,9.0,2.0,12.22,19.0,877.8,0.0,9.8,2.4,24.7,826.8,6.8,45.1,52.0,19.4,804.2,2.06,139.3,0.0,0,0,"time.struct_time(tm_year=2023, tm_mon=4, tm_mday=7, tm_hour=2, tm_min=54, tm_sec=55, tm_wday=4, tm_yday=97, tm_isdst=-1)",2023-04-07,2023,4,97,7,54,2,BUS03
2023-04-07 02:57:25,40.765705,-111.909653,1280.1,-9999.0,-9999.0,-9999.0,13.9,11.97,6.54,36.74,7.0,2.0,12.28,19.0,877.8,0.0,13.0,2.41,24.7,826.4,4.7,39.8,44.4,19.4,804.2,2.06,139.4,0.0,0,0,"time.struct_time(tm_year=2023, tm_mon=4, tm_mday=7, tm_hour=2, tm_min=57, tm_sec=25, tm_wday=4, tm_yday=97, tm_isdst=-1)",2023-04-07,2023,4,97,7,57,2,BUS03
2023-04-07 02:59:55,40.765873,-111.909866,1279.1,-9999.0,-9999.0,-9999.0,13.91,11.94,6.53,36.18,5.0,2.0,12.22,19.0,877.7,0.0,17.3,2.4,24.7,826.7,3.8,32.2,35.9,19.4,804.2,2.06,139.4,0.0,0,0,"time.struct_time(tm_year=2023, tm_mon=4, tm_mday=7, tm_hour=2, tm_min=59, tm_sec=55, tm_wday=4, tm_yday=97, tm_isdst=-1)",2023-04-07,2023,4,97,7,59,2,BUS03
2023-04-07 03:02:25,40.765759,-111.909508,1284.7,-9999.0,-9999.0,-9999.0,13.91,11.91,6.51,34.33,5.0,2.0,12.22,19.0,877.8,0.0,30.6,2.4,24.7,826.5,2.3,26.1,28.5,19.4,804.2,2.07,139.2,0.0,0,0,"time.struct_time(tm_year=2023, tm_mon=4, tm_mday=7, tm_hour=3, tm_min=2, tm_sec=25, tm_wday=4, tm_yday=97, tm_isdst=-1)",2023-04-07,2023,4,97,7,2,3,BUS03
2023-04-07 03:04:55,40.765896,-111.909477,1285.0,-9999.0,-9999.0,-9999.0,13.9,11.89,6.55,33.38,5.0,2.0,12.22,18.0,877.8,0.0,25.4,2.4,24.6,826.7,2.3,22.9,25.2,19.4,804.2,2.06,139.2,0.0,0,0,"time.struct_time(tm_year=2023, tm_mon=4, tm_mday=7, tm_hour=3, tm_min=4, tm_sec=55, tm_wday=4, tm_yday=97, tm_isdst=-1)",2023-04-07,2023,4,97,7,4,3,BUS03
2023-04-07 03:07:25,40.765476,-111.909447,1295.7,-9999.0,-9999.0,-9999.0,13.91,11.86,6.44,34.55,8.0,2.0,12.11,19.0,877.7,0.0,14.2,2.4,24.6,826.5,1.5,28.1,29.5,19.4,804.2,2.06,139.3,0.0,0,0,"time.struct_time(tm_year=2023, tm_mon=4, tm_mday=7, tm_hour=3, tm_min=7, tm_sec=25, tm_wday=4, tm_yday=97, tm_isdst=-1)",2023-04-07,2023,4,97,7,7,3,BUS03
2023-04-07 03:09:55,40.765835,-111.909462,1288.3,-9999.0,-9999.0,-9999.0,13.91,11.83,6.41,32.47,5.0,2.0,12.11,19.0,877.7,0.0,17.8,2.4,24.6,826.8,9.7,42.4,52.1,19.4,804.3,2.06,139.4,0.0,0,0,"time.struct_time(tm_year=2023, tm_mon=4, tm_mday=7, tm_hour=3, tm_min=9, tm_sec=55, tm_wday=4, tm_yday=97, tm_isdst=-1)",2023-04-07,2023,4,97,7,9,3,BUS03
2023-04-07 03:12:25,40.765774,-111.909645,1276.0,-9999.0,-9999.0,-9999.0,13.91,11.81,6.37,33.75,4.0,2.0,12.11,19.0,877.9,0.0,21.8,2.4,24.6,826.4,3.3,34.8,38.1,19.4,804.3,2.06,139.2,0.0,0,0,"time.struct_time(tm_year=2023, tm_mon=4, tm_mday=7, tm_hour=3, tm_min=12, tm_sec=25, tm_wday=4, tm_yday=97, tm_isdst=-1)",2023-04-07,2023,4,97,7,12,3,BUS03
2023-04-07 03:14:55,40.765862,-111.909744,1276.1,-9999.0,-9999.0,-9999.0,13.9,11.78,6.31,33.13,4.0,2.0,12.11,19.0,878.1,0.0,24.3,2.4,24.5,826.8,4.8,27.6,32.4,19.4,804.2,2.06,139.4,0.0,0,0,"time.struct_time(tm_year=2023, tm_mon=4, tm_mday=7, tm_hour=3, tm_min=14, tm_sec=55, tm_wday=4, tm_yday=97, tm_isdst=-1)",2023-04-07,2023,4,97,7,14,3,BUS03
2023-04-07 03:17:25,40.766037,-111.909805,1276.1,-9999.0,-9999.0,-9999.0,13.91,11.75,6.28,33.09,4.0,2.0,12.11,19.0,877.8,0.0,25.2,2.4,24.5,826.4,1.9,25.5,27.4,19.4,804.4,2.06,139.2,0.0,0,0,"time.struct_time(tm_year=2023, tm_mon=4, tm_mday=7, tm_hour=3, tm_min=17, tm_sec=25, tm_wday=4, tm_yday=97, tm_isdst=-1)",2023-04-07,2023,4,97,7,17,3,BUS03
2023-04-07 03:19:55,40.765926,-111.909744,1276.2,-9999.0,-9999.0,-9999.0,13.91,11.73,6.15,33.95,4.0,2.0,12.0,19.0,878.0,0.0,24.8,2.38,24.5,826.8,0.3,25.7,26.1,19.4,804.3,2.06,139.3,0.0,0,0,"time.struct_time(tm_year=2023, tm_mon=4, tm_mday=7, tm_hour=3, tm_min=19, tm_sec=55, tm_wday=4, tm_yday=97, tm_isdst=-1)",2023-04-07,2023,4,97,7,19,3,BUS03
2023-04-07 03:22:25,40.765774,-111.909691,1272.5,-9999.0,-9999.0,-9999.0,13.91,11.7,6.13,33.66,4.0,2.0,12.0,19.0,877.9,0.0,15.9,2.41,24.4,826.5,4.1,31.2,35.3,19.3,804.4,2.06,139.3,0.0,0,0,"time.struct_time(tm_year=2023, tm_mon=4, tm_mday=7, tm_hour=3, tm_min=22, tm_sec=25, tm_wday=4, tm_yday=97, tm_isdst=-1)",2023-04-07,2023,4,97,7,22,3,BUS03
2023-04-07 03:24:55,40.765682,-111.909637,1273.8,-9999.0,-9999.0,-9999.0,13.9,11.67,6.13,34.1,4.0,2.0,12.0,19.0,878.0,0.0,20.1,2.38,24.4,827.0,3.2,34.5,37.7,19.3,804.4,2.06,139.2,0.0,0,0,"time.struct_time(tm_year=2023, tm_mon=4, tm_mday=7, tm_hour=3, tm_min=24, tm_sec=55, tm_wday=4, tm_yday=97, tm_isdst=-1)",2023-04-07,2023,4,97,7,24,3,BUS03
2023-04-07 03:27:25,40.765816,-111.90966,1275.8,-9999.0,-9999.0,-9999.0,13.91,11.65,6.13,34.61,3.0,2.0,12.0,19.0,878.0,0.0,17.1,2.39,24.4,826.5,-0.9,34.9,34.0,19.3,804.4,2.06,139.3,0.0,0,0,"time.struct_time(tm_year=2023, tm_mon=4, tm_mday=7, tm_hour=3, tm_min=27, tm_sec=25, tm_wday=4, tm_yday=97, tm_isdst=-1)",2023-04-07,2023,4,97,7,27,3,BUS03
2023-04-07 03:29:55,40.765789,-111.909668,1274.3,-9999.0,-9999.0,-9999.0,13.91,11.62,6.05,35.79,5.0,2.0,12.0,19.0,877.9,0.0,17.6,2.41,24.4,827.0,-0.1,36.1,36.0,19.3,804.4,2.06,139.3,0.0,0,0,"time.struct_time(tm_year=2023, tm_mon=4, tm_mday=7, tm_hour=3, tm_min=29, tm_sec=55, tm_wday=4, tm_yday=97, tm_isdst=-1)",2023-04-07,2023,4,97,7,29,3,BUS03
2023-04-07 03:32:25,40.765663,-111.909531,1278.1,-9999.0,-9999.0,-9999.0,13.91,11.59,6.03,35.41,4.0,2.0,11.89,19.0,877.9,0.0,15.1,2.4,24.3,826.6,0.5,35.0,35.5,19.3,804.5,2.06,139.2,0.0,0,0,"time.struct_time(tm_year=2023, tm_mon=4, tm_mday=7, tm_hour=3, tm_min=32, tm_sec=25, tm_wday=4, tm_yday=97, tm_isdst=-1)",2023-04-07,2023,4,97,7,32,3,BUS03
2023-04-07 03:34:55,40.765636,-111.909531,1280.6,-9999.0,-9999.0,-9999.0,13.91,11.56,6.07,36.89,7.0,2.0,11.89,19.0,877.9,0.0,2.8,2.39,24.3,827.0,4.7,40.8,45.5,19.3,804.4,2.06,139.2,0.0,0,0,"time.struct_time(tm_year=2023, tm_mon=4, tm_mday=7, tm_hour=3, tm_min=34, tm_sec=55, tm_wday=4, tm_yday=97, tm_isdst=-1)",2023-04-07,2023,4,97,7,34,3,BUS03
2023-04-07 03:37:25,40.765701,-111.909538,1282.7,-9999.0,-9999.0,-9999.0,13.91,11.54,6.09,35.77,6.0,2.0,11.78,19.0,878.1,0.0,4.8,2.38,24.3,826.6,5.4,50.0,55.4,19.3,804.5,2.06,139.2,0.0,0,0,"time.struct_time(tm_year=2023, tm_mon=4, tm_mday=7, tm_hour=3, tm_min=37, tm_sec=25, tm_wday=4, tm_yday=97, tm_isdst=-1)",2023-04-07,2023,4,97,7,37,3,BUS03
2023-04-07 03:39:55,40.765526,-111.909531,1272.6,-9999.0,-9999.0,-9999.0,13.91,11.51,6.1,36.15,5.0,2.0,11.78,19.0,878.3,0.0,2.9,2.39,24.3,827.0,5.5,45.6,51.1,19.3,804.5,2.06,139.4,0.0,0,0,"time.struct_time(tm_year=2023, tm_mon=4, tm_mday=7, tm_hour=3, tm_min=39, tm_sec=55, tm_wday=4, tm_yday=97, tm_isdst=-1)",2023-04-07,2023,4,97,7,39,3,BUS03
2023-04-07 03:42:25,40.765705,-111.909615,1273.3,-9999.0,-9999.0,-9999.0,13.91,11.48,6.03,35.7,6.0,2.0,11.78,19.0,878.1,0.0,9.3,2.41,24.2,826.7,2.9,45.2,48.1,19.3,804.5,2.06,139.5,0.0,0,0,"time.struct_time(tm_year=2023, tm_mon=4, tm_mday=7, tm_hour=3, tm_min=42, tm_sec=25, tm_wday=4, tm_yday=97, tm_isdst=-1)",2023-04-07,2023,4,97,7,42,3,BUS03
2023-04-07 03:46:00,40.765572,-111.909676,1269.8,-9999.0,-9999.0,-9999.0,13.91,11.45,6.02,37.37,7.0,2.0,11.78,20.0,878.1,0.0,6.9,2.39,24.2,826.7,1.2,41.9,43.1,19.2,804.5,2.1,139.1,0.0,0,0,"time.struct_time(tm_year=2023, tm_mon=4, tm_mday=7, tm_hour=3, tm_min=46, tm_sec=0, tm_wday=4, tm_yday=97, tm_isdst=-1)",2023-04-07,2023,4,97,7,46,3,BUS03
2023-04-07 03:48:30,40.765781,-111.909737,1262.7,-9999.0,-9999.0,-9999.0,13.9,11.43,6.01,37.13,4.0,2.0,11.72,20.0,878.3,0.0,9.0,2.38,24.2,827.0,1.3,41.4,42.7,19.2,804.7,2.1,138.9,0.0,0,0,"time.struct_time(tm_year=2023, tm_mon=4, tm_mday=7, tm_hour=3, tm_min=48, tm_sec=30, tm_wday=4, tm_yday=97, tm_isdst=-1)",2023-04-07,2023,4,97,7,48,3,BUS03
2023-04-07 03:51:00,40.765781,-111.909676,1259.4,-9999.0,-9999.0,-9999.0,13.91,11.4,5.92,36.52,4.0,2.0,11.72,20.0,878.1,0.0,9.1,2.38,24.2,826.7,1.9,41.2,43.1,19.2,804.6,2.1,138.8,0.0,0,0,"time.struct_time(tm_year=2023, tm_mon=4, tm_mday=7, tm_hour=3, tm_min=51, tm_sec=0, tm_wday=4, tm_yday=97, tm_isdst=-1)",2023-04-07,2023,4,97,7,51,3,BUS03
2023-04-07 10:36:35,40.765656,-111.909569,1295.9,-9999.0,-9999.0,-9999.0,14.01,3.98,3.99,77.88,11.0,2.0,2.28,51.0,876.4,0.0,0.7,2.29,10.4,821.4,-9999.0,-9999.0,-9999.0,-9999.0,-9999.0,-9999.0,-9999.0,1.0,0,0,"time.struct_time(tm_year=2023, tm_mon=4, tm_mday=7, tm_hour=10, tm_min=36, tm_sec=35, tm_wday=4, tm_yday=97, tm_isdst=-1)",2023-04-07,2023,4,97,7,36,10,BUS03
2023-04-07 10:39:05,40.765659,-111.909569,1296.0,-9999.0,-9999.0,-9999.0,13.55,4.11,3.2,85.2,7.0,2.0,2.5,49.0,876.4,0.0,-0.4,2.3,11.2,822.7,0.0,0.0,0.0,6.4,817.8,1.8,113.8,1.0,0,0,"time.struct_time(tm_year=2023, tm_mon=4, tm_mday=7, tm_hour=10, tm_min=39, tm_sec=5, tm_wday=4, tm_yday=97, tm_isdst=-1)",2023-04-07,2023,4,97,7,39,10,BUS03
2023-04-07 10:41:35,40.765625,-111.909607,1273.4,-9999.0,-9999.0,-9999.0,14.01,4.19,3.16,86.9,8.0,2.0,2.61,45.0,876.4,0.0,-2.0,2.28,12.0,824.2,59.3,50.0,109.2,6.5,804.6,2.02,138.6,1.0,0,0,"time.struct_time(tm_year=2023, tm_mon=4, tm_mday=7, tm_hour=10, tm_min=41, tm_sec=35, tm_wday=4, tm_yday=97, tm_isdst=-1)",2023-04-07,2023,4,97,7,41,10,BUS03
2023-04-07 10:44:05,40.765717,-111.909698,1270.9,-9999.0,-9999.0,-9999.0,14.02,4.29,2.85,85.0,15.0,2.0,2.78,44.0,876.7,0.0,-3.1,2.31,12.6,823.1,405.4,53.6,459.1,6.5,804.5,2.02,138.6,1.0,0,0,"time.struct_time(tm_year=2023, tm_mon=4, tm_mday=7, tm_hour=10, tm_min=44, tm_sec=5, tm_wday=4, tm_yday=97, tm_isdst=-1)",2023-04-07,2023,4,97,7,44,10,BUS03
2023-04-07 10:46:35,40.765717,-111.909653,1269.8,-9999.0,-9999.0,-9999.0,14.01,4.4,2.13,84.4,9.0,2.0,3.0,44.0,876.4,0.0,-4.5,2.32,13.2,824.3,181.1,59.3,240.4,6.6,804.5,2.02,138.4,1.0,0,0,"time.struct_time(tm_year=2023, tm_mon=4, tm_mday=7, tm_hour=10, tm_min=46, tm_sec=35, tm_wday=4, tm_yday=97, tm_isdst=-1)",2023-04-07,2023,4,97,7,46,10,BUS03
2023-04-07 10:49:05,40.765747,-111.909737,1268.9,-9999.0,-9999.0,-9999.0,14.02,4.51,1.88,85.9,10.0,2.0,3.22,43.0,876.7,0.0,-2.5,2.31,13.7,823.2,221.5,59.8,281.3,6.7,804.4,2.02,138.6,1.0,0,0,"time.struct_time(tm_year=2023, tm_mon=4, tm_mday=7, tm_hour=10, tm_min=49, tm_sec=5, tm_wday=4, tm_yday=97, tm_isdst=-1)",2023-04-07,2023,4,97,7,49,10,BUS03
2023-04-07 10:51:35,40.765823,-111.909691,1268.1,-9999.0,-9999.0,-9999.0,14.02,4.63,1.62,84.8,12.0,2.0,3.39,42.0,876.4,0.0,-3.4,2.32,14.2,824.5,473.5,66.5,540.0,6.8,804.4,2.03,138.4,1.0,0,0,"time.struct_time(tm_year=2023, tm_mon=4, tm_mday=7, tm_hour=10, tm_min=51, tm_sec=35, tm_wday=4, tm_yday=97, tm_isdst=-1)",2023-04-07,2023,4,97,7,51,10,BUS03
2023-04-07 10:54:05,40.765751,-111.90966,1265.4,-9999.0,-9999.0,-9999.0,14.01,4.74,1.58,86.9,8.0,2.0,3.61,40.0,876.5,0.0,5.4,2.31,14.6,823.5,162.2,61.7,223.8,6.8,804.5,2.02,138.1,1.0,0,0,"time.struct_time(tm_year=2023, tm_mon=4, tm_mday=7, tm_hour=10, tm_min=54, tm_sec=5, tm_wday=4, tm_yday=97, tm_isdst=-1)",2023-04-07,2023,4,97,7,54,10,BUS03
2023-04-07 10:56:35,40.765926,-111.909668,1267.2,-9999.0,-9999.0,-9999.0,14.02,4.85,1.41,85.7,7.0,2.0,3.78,38.0,876.5,0.0,-1.3,2.33,15.0,824.8,310.5,63.0,373.5,6.9,804.4,2.03,138.2,1.0,0,0,"time.struct_time(tm_year=2023, tm_mon=4, tm_mday=7, tm_hour=10, tm_min=56, tm_sec=35, tm_wday=4, tm_yday=97, tm_isdst=-1)",2023-04-07,2023,4,97,7,56,10,BUS03
2023-04-07 10:59:05,40.765686,-111.909515,1271.9,-9999.0,-9999.0,-9999.0,14.01,4.95,1.2,84.3,45.0,2.0,4.0,37.0,876.6,0.0,-2.5,2.33,15.3,823.8,157.3,68.7,226.0,7.0,804.5,2.02,138.0,1.0,0,0,"time.struct_time(tm_year=2023, tm_mon=4, tm_mday=7, tm_hour=10, tm_min=59, tm_sec=5, tm_wday=4, tm_yday=97, tm_isdst=-1)",2023-04-07,2023,4,97,7,59,10,BUS03
2023-04-07 11:01:35,40.765778,-111.909523,1268.7,-9999.0,-9999.0,-9999.0,14.02,5.04,0.91,84.5,11.0,2.0,4.22,36.0,876.7,0.0,1.9,2.35,15.7,824.9,296.5,65.0,361.5,7.1,804.5,2.02,137.9,1.0,0,0,"time.struct_time(tm_year=2023, tm_mon=4, tm_mday=7, tm_hour=11, tm_min=1, tm_sec=35, tm_wday=4, tm_yday=97, tm_isdst=-1)",2023-04-07,2023,4,97,7,1,11,BUS03
2023-04-07 11:04:05,40.765549,-111.909492,1267.2,-9999.0,-9999.0,-9999.0,14.02,5.14,0.82,83.6,8.0,2.0,4.39,35.0,876.5,0.0,1.9,2.33,16.0,823.9,240.7,70.2,310.9,7.3,804.5,2.02,137.7,1.0,0,0,"time.struct_time(tm_year=2023, tm_mon=4, tm_mday=7, tm_hour=11, tm_min=4, tm_sec=5, tm_wday=4, tm_yday=97, tm_isdst=-1)",2023-04-07,2023,4,97,7,4,11,BUS03
2023-04-07 11:06:35,40.765854,-111.909698,1270.4,-9999.0,-9999.0,-9999.0,14.02,5.23,0.79,85.4,9.0,2.0,4.72,34.0,876.7,0.0,-1.3,2.34,16.2,824.9,307.0,73.5,380.5,7.4,804.3,2.03,138.0,1.0,0,0,"time.struct_time(tm_year=2023, tm_mon=4, tm_mday=7, tm_hour=11, tm_min=6, tm_sec=35, tm_wday=4, tm_yday=97, tm_isdst=-1)",2023-04-07,2023,4,97,7,6,11,BUS03
2023-04-07 11:09:05,40.765671,-111.909599,1272.9,-9999.0,-9999.0,-9999.0,14.02,5.33,0.95,86.2,13.0,2.0,4.89,34.0,876.7,0.0,1.4,2.35,16.5,823.7,250.4,72.2,322.6,7.5,804.3,2.02,138.1,1.0,0,0,"time.struct_time(tm_year=2023, tm_mon=4, tm_mday=7, tm_hour=11, tm_min=9, tm_sec=5, tm_wday=4, tm_yday=97, tm_isdst=-1)",2023-04-07,2023,4,97,7,9,11,BUS03
2023-04-07 11:11:35,40.765751,-111.909752,1272.6,-9999.0,-9999.0,-9999.0,14.02,5.44,1.2,87.4,15.0,2.0,5.11,34.0,876.6,0.0,2.3,2.35,16.7,824.9,308.5,74.7,383.1,7.6,804.2,2.03,138.2,1.0,0,0,"time.struct_time(tm_year=2023, tm_mon=4, tm_mday=7, tm_hour=11, tm_min=11, tm_sec=35, tm_wday=4, tm_yday=97, tm_isdst=-1)",2023-04-07,2023,4,97,7,11,11,BUS03
2023-04-07 11:14:05,40.76532,-111.909378,1258.4,-9999.0,-9999.0,-9999.0,14.02,5.54,1.73,89.4,15.0,2.0,5.28,31.0,876.5,0.0,1.0,2.35,16.9,824.1,71.1,63.7,134.8,7.7,804.4,2.02,137.3,1.0,0,0,"time.struct_time(tm_year=2023, tm_mon=4, tm_mday=7, tm_hour=11, tm_min=14, tm_sec=5, tm_wday=4, tm_yday=97, tm_isdst=-1)",2023-04-07,2023,4,97,7,14,11,BUS03
2023-04-07 11:16:35,40.765579,-111.909508,1248.0,-9999.0,-9999.0,-9999.0,14.01,5.63,2.25,91.3,10.0,2.0,5.5,30.0,876.6,0.0,-2.0,2.34,17.1,825.1,68.4,60.7,129.1,7.9,804.4,2.02,137.0,1.0,0,0,"time.struct_time(tm_year=2023, tm_mon=4, tm_mday=7, tm_hour=11, tm_min=16, tm_sec=35, tm_wday=4, tm_yday=97, tm_isdst=-1)",2023-04-07,2023,4,97,7,16,11,BUS03
2023-04-07 11:19:05,40.765381,-111.909393,1250.4,-9999.0,-9999.0,-9999.0,14.02,5.69,2.63,91.0,7.0,2.0,5.72,28.0,876.3,0.0,0.7,2.35,17.3,824.3,38.0,53.5,91.5,8.0,804.5,2.03,136.6,1.0,0,0,"time.struct_time(tm_year=2023, tm_mon=4, tm_mday=7, tm_hour=11, tm_min=19, tm_sec=5, tm_wday=4, tm_yday=97, tm_isdst=-1)",2023-04-07,2023,4,97,7,19,11,BUS03
2023-04-07 11:21:35,40.765572,-111.909592,1254.3,-9999.0,-9999.0,-9999.0,14.02,5.76,2.81,90.4,6.0,2.0,5.89,27.0,876.4,0.0,4.8,2.34,17.5,825.2,31.4,49.4,80.7,8.1,804.5,2.03,136.4,1.0,0,0,"time.struct_time(tm_year=2023, tm_mon=4, tm_mday=7, tm_hour=11, tm_min=21, tm_sec=35, tm_wday=4, tm_yday=97, tm_isdst=-1)",2023-04-07,2023,4,97,7,21,11,BUS03
2023-04-07 11:24:05,40.765694,-111.909607,1263.5,-9999.0,-9999.0,-9999.0,14.02,5.83,2.88,89.7,8.0,2.0,6.11,27.0,876.5,0.0,3.9,2.35,17.7,824.2,27.8,54.1,81.8,8.3,804.4,2.03,136.4,1.0,0,0,"time.struct_time(tm_year=2023, tm_mon=4, tm_mday=7, tm_hour=11, tm_min=24, tm_sec=5, tm_wday=4, tm_yday=97, tm_isdst=-1)",2023-04-07,2023,4,97,7,24,11,BUS03
2023-04-07 11:26:35,40.765415,-111.909447,1267.4,-9999.0,-9999.0,-9999.0,14.02,5.91,2.89,88.9,6.0,2.0,6.28,27.0,876.2,0.0,-2.4,2.34,17.8,825.1,38.1,55.6,93.7,8.4,804.3,2.03,136.5,1.0,0,0,"time.struct_time(tm_year=2023, tm_mon=4, tm_mday=7, tm_hour=11, tm_min=26, tm_sec=35, tm_wday=4, tm_yday=97, tm_isdst=-1)",2023-04-07,2023,4,97,7,26,11,BUS03
2023-04-07 11:30:10,40.765827,-111.908691,1287.5,-9999.0,-9999.0,-9999.0,14.02,6.05,2.89,88.7,5.0,2.0,6.5,28.0,876.3,0.0,-0.4,2.36,18.1,824.1,134.8,68.5,203.3,8.6,804.3,2.05,137.3,1.0,0,1,"time.struct_time(tm_year=2023, tm_mon=4, tm_mday=7, tm_hour=11, tm_min=30, tm_sec=10, tm_wday=4, tm_yday=97, tm_isdst=-1)",2023-04-07,2023,4,97,7,30,11,BUS03
2023-04-07 11:32:40,40.764923,-111.909035,1290.9,-9999.0,-9999.0,-9999.0,14.02,6.11,2.41,79.86,8.0,2.0,6.61,27.0,876.3,0.0,11.8,2.35,18.2,825.2,-24.1,-61.0,-85.1,8.7,804.4,2.05,137.0,1.0,0,1,"time.struct_time(tm_year=2023, tm_mon=4, tm_mday=7, tm_hour=11, tm_min=32, tm_sec=40, tm_wday=4, tm_yday=97, tm_isdst=-1)",2023-04-07,2023,4,97,7,32,11,BUS03
2023-04-07 11:35:10,40.764969,-111.897263,1304.4,-9999.0,-9999.0,-9999.0,14.02,6.13,1.91,74.29,3.0,2.0,6.5,25.0,875.0,0.0,28.9,2.36,18.3,823.0,10.3,30.7,41.0,8.8,803.1,2.05,136.5,1.0,0,1,"time.struct_time(tm_year=2023, tm_mon=4, tm_mday=7, tm_hour=11, tm_min=35, tm_sec=10, tm_wday=4, tm_yday=97, tm_isdst=-1)",2023-04-07,2023,4,97,7,35,11,BUS03
2023-04-07 11:37:40,40.764923,-111.889809,1334.1,-9999.0,-9999.0,-9999.0,14.02,6.13,1.64,69.87,3.0,2.0,6.39,24.0,874.1,0.0,24.9,2.37,18.4,823.1,-83.1,49.5,-33.6,9.0,802.1,2.05,136.5,0.0,0,0,"time.struct_time(tm_year=2023, tm_mon=4, tm_mday=7, tm_hour=11, tm_min=37, tm_sec=40, tm_wday=4, tm_yday=97, tm_isdst=-1)",2023-04-07,2023,4,97,7,37,11,BUS03
2023-04-07 11:40:10,40.767052,-111.884262,1316.7,-9999.0,-9999.0,-9999.0,14.02,6.12,1.31,67.64,2.0,2.0,6.39,24.0,873.6,0.0,40.6,2.37,18.6,821.8,-10.8,97.4,86.6,9.1,802.0,2.05,136.0,0.0,0,0,"time.struct_time(tm_year=2023, tm_mon=4, tm_mday=7, tm_hour=11, tm_min=40, tm_sec=10, tm_wday=4, tm_yday=97, tm_isdst=-1)",2023-04-07,2023,4,97,7,40,11,BUS03
2023-04-07 11:42:40,40.767063,-111.874451,1335.8,-9999.0,-9999.0,-9999.0,14.02,6.1,0.86,69.5,2.0,2.0,6.22,25.0,871.9,0.0,11.3,2.37,18.7,820.7,56.0,42.3,98.3,9.2,800.1,2.06,136.7,0.0,0,0,"time.struct_time(tm_year=2023, tm_mon=4, tm_mday=7, tm_hour=11, tm_min=42, tm_sec=40, tm_wday=4, tm_yday=97, tm_isdst=-1)",2023-04-07,2023,4,97,7,42,11,BUS03
2023-04-07 11:45:10,40.764858,-111.863075,1354.1,-9999.0,-9999.0,-9999.0,14.02,6.01,0.27,69.15,2.0,2.0,6.0,24.0,869.7,0.0,18.4,2.36,18.7,818.0,11.6,9.4,20.9,9.3,798.1,2.06,136.7,0.0,0,0,"time.struct_time(tm_year=2023, tm_mon=4, tm_mday=7, tm_hour=11, tm_min=45, tm_sec=10, tm_wday=4, tm_yday=97, tm_isdst=-1)",2023-04-07,2023,4,97,7,45,11,BUS03
2023-04-07 11:47:40,40.761147,-111.852425,1412.7,-9999.0,-9999.0,-9999.0,14.01,5.87,-0.11,66.25,3.0,2.0,5.72,23.0,863.8,0.0,39.5,2.4,18.8,813.2,21.4,53.4,74.8,9.4,792.2,2.07,135.5,0.0,0,0,"time.struct_time(tm_year=2023, tm_mon=4, tm_mday=7, tm_hour=11, tm_min=47, tm_sec=40, tm_wday=4, tm_yday=97, tm_isdst=-1)",2023-04-07,2023,4,97,7,47,11,BUS03
2023-04-07 11:50:10,40.749817,-111.855072,1383.5,-9999.0,-9999.0,-9999.0,14.01,5.74,-0.12,64.79,2.0,2.0,5.61,23.0,867.5,0.0,39.2,2.39,18.9,815.9,68.4,98.6,167.1,9.5,795.8,2.06,136.2,0.0,0,0,"time.struct_time(tm_year=2023, tm_mon=4, tm_mday=7, tm_hour=11, tm_min=50, tm_sec=10, tm_wday=4, tm_yday=97, tm_isdst=-1)",2023-04-07,2023,4,97,7,50,11,BUS03
2023-04-07 11:52:40,40.740559,-111.85965,1337.1,-9999.0,-9999.0,-9999.0,14.02,5.63,-0.01,63.35,1.0,2.0,5.5,23.0,872.1,0.0,41.5,2.38,18.9,821.1,17.2,-20.9,-3.8,9.6,800.4,2.05,136.7,0.0,0,0,"time.struct_time(tm_year=2023, tm_mon=4, tm_mday=7, tm_hour=11, tm_min=52, tm_sec=40, tm_wday=4, tm_yday=97, tm_isdst=-1)",2023-04-07,2023,4,97,7,52,11,BUS03
2023-04-07 11:55:10,40.725693,-111.859665,1347.1,-9999.0,-9999.0,-9999.0,14.02,5.56,0.65,59.04,3.0,2.0,5.5,22.0,871.8,0.0,33.7,2.37,18.9,820.3,45.3,3.8,49.1,9.7,800.2,2.05,136.5,0.0,0,0,"time.struct_time(tm_year=2023, tm_mon=4, tm_mday=7, tm_hour=11, tm_min=55, tm_sec=10, tm_wday=4, tm_yday=97, tm_isdst=-1)",2023-04-07,2023,4,97,7,55,11,BUS03
2023-04-07 11:57:40,40.716293,-111.86541,1328.2,-9999.0,-9999.0,-9999.0,14.01,5.52,0.81,60.3,5.0,2.0,5.5,23.0,873.3,0.0,1.7,2.36,19.0,822.2,23.4,56.3,79.6,9.8,801.5,2.06,136.6,0.0,0,0,"time.struct_time(tm_year=2023, tm_mon=4, tm_mday=7, tm_hour=11, tm_min=57, tm_sec=40, tm_wday=4, tm_yday=97, tm_isdst=-1)",2023-04-07,2023,4,97,7,57,11,BUS03
