Timestamp_UTC,Latitude_ddeg,Longitude_ddeg,Elevation_m,GPS_Speed_m/s,GPS_Direction_deg,GPS_RMC_Valid_binary,Battery_Voltage_volts,Bus_Box_Temperature_degC,Bus_Top_Temperature_degC,Bus_Top_Relative_Humidity_%,ES642_PM2.5_Concentration_ug/m3,ES642_Air_Flow_Rate_L/min,ES642_Internal_Air_Temperature_degC,ES642_Internal_Relative_Humidity_%,ES642_Internal_Air_Pressure_hpa,ES642_Error_Code_code,2B_Ozone_Concentration_ppbv,2B_Air_Flow_Rate_L/min,2B_Internal_Air_Temperature_degC,2B_Internal_Air_Pressure_hpa,2B405_NO_Concentration_ppbv,2B405_NO2_Concentration_ppbv,2B405_NOX_Concentration_ppbv,2B405_Internal_Air_Temperature_degC,2B405_Internal_Air_Pressure_hpa,2B405_Air_Flow_Rate_L/min,2B405_Cell_O3_Flow_Rate_mL/min,PM2.5_Data_Flagged_binary,Ozone_Data_Flagged_binary,GPS_Data_Flagged_binary,Time_Tuple,Date,Year,Month,Day_of_Year,Day_of_Month,Minute
2023-07-01 00:00:00,40.763542,-111.909431,1293.3,0.0,169.0,1.0,13.33,34.87,29.59,17.58,2.0,2.0,34.0,12.0,873.7,0.0,55.9,2.39,47.9,820.9,-9999.0,-9999.0,-9999.0,-9999.0,-9999.0,-9999.0,-9999.0,0.0,0,1,"time.struct_time(tm_year=2023, tm_mon=7, tm_mday=1, tm_hour=0, tm_min=0, tm_sec=0, tm_wday=5, tm_yday=182, tm_isdst=-1)",2023-07-01,2023,7,182,1,0
2023-07-01 00:02:30,40.76355,-111.909431,1293.8,0.0,169.0,1.0,13.33,34.88,29.88,17.18,2.0,2.0,34.0,12.0,873.6,0.0,60.3,2.38,47.9,821.1,-9999.0,-9999.0,-9999.0,-9999.0,-9999.0,-9999.0,-9999.0,0.0,0,1,"time.struct_time(tm_year=2023, tm_mon=7, tm_mday=1, tm_hour=0, tm_min=2, tm_sec=30, tm_wday=5, tm_yday=182, tm_isdst=-1)",2023-07-01,2023,7,182,1,2
2023-07-01 00:05:00,40.763554,-111.909431,1294.2,0.0,169.0,1.0,13.33,34.88,29.7,17.38,1.0,2.0,34.0,12.0,873.8,0.0,57.3,2.39,47.8,820.9,-9999.0,-9999.0,-9999.0,-9999.0,-9999.0,-9999.0,-9999.0,0.0,0,0,"time.struct_time(tm_year=2023, tm_mon=7, tm_mday=1, tm_hour=0, tm_min=5, tm_sec=0, tm_wday=5, tm_yday=182, tm_isdst=-1)",2023-07-01,2023,7,182,1,5
2023-07-01 00:07:30,40.763554,-111.909431,1294.6,0.0,169.0,1.0,13.33,34.87,29.44,17.72,2.0,2.0,34.0,12.0,873.6,0.0,57.1,2.38,47.8,821.1,-9999.0,-9999.0,-9999.0,-9999.0,-9999.0,-9999.0,-9999.0,0.0,0,0,"time.struct_time(tm_year=2023, tm_mon=7, tm_mday=1, tm_hour=0, tm_min=7, tm_sec=30, tm_wday=5, tm_yday=182, tm_isdst=-1)",2023-07-01,2023,7,182,1,7
2023-07-01 00:10:00,40.763557,-111.909431,1294.8,0.0,169.0,1.0,13.33,34.85,29.29,17.65,2.0,2.0,34.0,11.0,873.9,0.0,62.7,2.39,47.8,820.9,-9999.0,-9999.0,-9999.0,-9999.0,-9999.0,-9999.0,-9999.0,0.0,0,0,"time.struct_time(tm_year=2023, tm_mon=7, tm_mday=1, tm_hour=0, tm_min=10, tm_sec=0, tm_wday=5, tm_yday=182, tm_isdst=-1)",2023-07-01,2023,7,182,1,10
2023-07-01 00:13:35,40.763561,-111.909424,1295.1,0.0,169.0,1.0,13.33,34.84,29.03,17.86,2.0,2.0,34.11,11.0,873.6,0.0,60.9,2.38,47.8,820.7,-9999.0,-9999.0,-9999.0,-9999.0,-9999.0,-9999.0,-9999.0,0.0,0,0,"time.struct_time(tm_year=2023, tm_mon=7, tm_mday=1, tm_hour=0, tm_min=13, tm_sec=35, tm_wday=5, tm_yday=182, tm_isdst=-1)",2023-07-01,2023,7,182,1,13
2023-07-01 00:16:05,40.764935,-111.907104,1289.4,11.47,90.9,1.0,13.33,34.83,29.7,17.32,4.0,2.0,34.22,12.0,873.2,0.0,51.8,2.4,47.8,820.5,-9999.0,-9999.0,-9999.0,-9999.0,-9999.0,-9999.0,-9999.0,0.0,0,0,"time.struct_time(tm_year=2023, tm_mon=7, tm_mday=1, tm_hour=0, tm_min=16, tm_sec=5, tm_wday=5, tm_yday=182, tm_isdst=-1)",2023-07-01,2023,7,182,1,16
2023-07-01 00:18:35,40.760689,-111.909164,1294.7,17.39,272.9,1.0,13.33,34.79,30.16,16.87,4.0,2.0,34.11,12.0,871.9,0.0,55.4,2.39,47.8,819.2,-9999.0,-9999.0,-9999.0,-9999.0,-9999.0,-9999.0,-9999.0,0.0,0,0,"time.struct_time(tm_year=2023, tm_mon=7, tm_mday=1, tm_hour=0, tm_min=18, tm_sec=35, tm_wday=5, tm_yday=182, tm_isdst=-1)",2023-07-01,2023,7,182,1,18
2023-07-01 00:21:05,40.75219,-111.91687,1287.4,0.0,179.4,1.0,13.33,34.73,30.23,18.29,6.0,2.0,33.89,12.0,873.9,0.0,57.9,2.38,47.8,820.8,-9999.0,-9999.0,-9999.0,-9999.0,-9999.0,-9999.0,-9999.0,0.0,0,0,"time.struct_time(tm_year=2023, tm_mon=7, tm_mday=1, tm_hour=0, tm_min=21, tm_sec=5, tm_wday=5, tm_yday=182, tm_isdst=-1)",2023-07-01,2023,7,182,1,21
2023-07-01 00:23:35,40.740818,-111.916901,1285.7,0.0,180.6,1.0,13.33,34.66,30.06,18.32,3.0,2.0,33.78,12.0,873.8,0.0,45.7,2.39,47.8,820.8,-9999.0,-9999.0,-9999.0,-9999.0,-9999.0,-9999.0,-9999.0,0.0,0,0,"time.struct_time(tm_year=2023, tm_mon=7, tm_mday=1, tm_hour=0, tm_min=23, tm_sec=35, tm_wday=5, tm_yday=182, tm_isdst=-1)",2023-07-01,2023,7,182,1,23
2023-07-01 00:26:05,40.740059,-111.916946,1285.7,0.0,185.6,1.0,13.33,34.59,30.07,18.35,2.0,2.0,33.72,12.0,873.7,0.0,56.8,2.39,47.8,820.8,-9999.0,-9999.0,-9999.0,-9999.0,-9999.0,-9999.0,-9999.0,0.0,0,0,"time.struct_time(tm_year=2023, tm_mon=7, tm_mday=1, tm_hour=0, tm_min=26, tm_sec=5, tm_wday=5, tm_yday=182, tm_isdst=-1)",2023-07-01,2023,7,182,1,26
2023-07-01 00:28:35,40.734108,-111.916954,1286.7,0.0,182.2,1.0,13.32,34.55,29.92,18.91,2.0,2.0,33.72,12.0,873.8,0.0,60.7,2.39,47.8,820.8,-9999.0,-9999.0,-9999.0,-9999.0,-9999.0,-9999.0,-9999.0,0.0,0,0,"time.struct_time(tm_year=2023, tm_mon=7, tm_mday=1, tm_hour=0, tm_min=28, tm_sec=35, tm_wday=5, tm_yday=182, tm_isdst=-1)",2023-07-01,2023,7,182,1,28
2023-07-01 00:31:05,40.731766,-111.916962,1289.7,0.0,180.5,1.0,13.32,34.52,29.43,17.81,2.0,2.0,33.5,12.0,873.8,0.0,60.4,2.39,47.8,820.8,-9999.0,-9999.0,-9999.0,-9999.0,-9999.0,-9999.0,-9999.0,0.0,0,0,"time.struct_time(tm_year=2023, tm_mon=7, tm_mday=1, tm_hour=0, tm_min=31, tm_sec=5, tm_wday=5, tm_yday=182, tm_isdst=-1)",2023-07-01,2023,7,182,1,31
2023-07-01 00:33:35,40.725815,-111.917923,1293.3,13.68,274.9,1.0,13.32,34.49,29.72,17.8,2.0,2.0,33.61,12.0,873.1,0.0,55.6,2.38,47.7,820.4,-9999.0,-9999.0,-9999.0,-9999.0,-9999.0,-9999.0,-9999.0,0.0,0,0,"time.struct_time(tm_year=2023, tm_mon=7, tm_mday=1, tm_hour=0, tm_min=33, tm_sec=35, tm_wday=5, tm_yday=182, tm_isdst=-1)",2023-07-01,2023,7,182,1,33
2023-07-01 00:36:05,40.729439,-111.939011,1291.4,17.59,359.9,1.0,13.33,34.42,29.6,16.93,2.0,2.0,33.5,12.0,872.7,0.0,58.8,2.39,47.7,820.0,-9999.0,-9999.0,-9999.0,-9999.0,-9999.0,-9999.0,-9999.0,0.0,0,0,"time.struct_time(tm_year=2023, tm_mon=7, tm_mday=1, tm_hour=0, tm_min=36, tm_sec=5, tm_wday=5, tm_yday=182, tm_isdst=-1)",2023-07-01,2023,7,182,1,36
2023-07-01 00:38:35,40.733147,-111.954941,1286.2,15.74,269.8,1.0,13.37,34.32,29.64,16.75,2.0,2.0,33.28,11.0,872.9,0.0,55.9,2.39,47.7,820.3,-9999.0,-9999.0,-9999.0,-9999.0,-9999.0,-9999.0,-9999.0,0.0,0,0,"time.struct_time(tm_year=2023, tm_mon=7, tm_mday=1, tm_hour=0, tm_min=38, tm_sec=35, tm_wday=5, tm_yday=182, tm_isdst=-1)",2023-07-01,2023,7,182,1,38
2023-07-01 00:41:05,40.728924,-111.968178,1291.0,8.8,359.1,1.0,13.37,34.21,29.51,16.69,2.0,2.0,33.22,12.0,872.9,0.0,52.6,2.38,47.7,820.2,-9999.0,-9999.0,-9999.0,-9999.0,-9999.0,-9999.0,-9999.0,0.0,0,0,"time.struct_time(tm_year=2023, tm_mon=7, tm_mday=1, tm_hour=0, tm_min=41, tm_sec=5, tm_wday=5, tm_yday=182, tm_isdst=-1)",2023-07-01,2023,7,182,1,41
2023-07-01 00:43:35,40.730949,-111.969208,1288.2,11.47,269.6,1.0,13.36,34.12,29.33,18.44,2.0,2.0,33.11,11.0,873.2,0.0,54.8,2.39,47.7,820.4,-9999.0,-9999.0,-9999.0,-9999.0,-9999.0,-9999.0,-9999.0,0.0,0,0,"time.struct_time(tm_year=2023, tm_mon=7, tm_mday=1, tm_hour=0, tm_min=43, tm_sec=35, tm_wday=5, tm_yday=182, tm_isdst=-1)",2023-07-01,2023,7,182,1,43
2023-07-01 00:46:05,40.730865,-111.984909,1295.6,10.03,269.1,1.0,13.36,34.05,29.19,17.7,2.0,2.0,33.0,12.0,873.1,0.0,57.6,2.39,47.6,820.4,-9999.0,-9999.0,-9999.0,-9999.0,-9999.0,-9999.0,-9999.0,0.0,0,0,"time.struct_time(tm_year=2023, tm_mon=7, tm_mday=1, tm_hour=0, tm_min=46, tm_sec=5, tm_wday=5, tm_yday=182, tm_isdst=-1)",2023-07-01,2023,7,182,1,46
2023-07-01 00:48:35,40.72773,-111.986511,1304.4,16.72,174.6,1.0,13.36,33.98,29.03,16.79,2.0,2.0,32.89,11.0,872.3,0.0,55.7,2.38,47.6,819.5,-9999.0,-9999.0,-9999.0,-9999.0,-9999.0,-9999.0,-9999.0,0.0,0,0,"time.struct_time(tm_year=2023, tm_mon=7, tm_mday=1, tm_hour=0, tm_min=48, tm_sec=35, tm_wday=5, tm_yday=182, tm_isdst=-1)",2023-07-01,2023,7,182,1,48
2023-07-01 00:51:05,40.718578,-111.98584,1292.2,0.0,160.6,1.0,13.35,33.92,28.93,16.99,2.0,2.0,32.78,11.0,873.3,0.0,54.0,2.38,47.5,820.3,-9999.0,-9999.0,-9999.0,-9999.0,-9999.0,-9999.0,-9999.0,0.0,0,0,"time.struct_time(tm_year=2023, tm_mon=7, tm_mday=1, tm_hour=0, tm_min=51, tm_sec=5, tm_wday=5, tm_yday=182, tm_isdst=-1)",2023-07-01,2023,7,182,1,51
2023-07-01 00:53:35,40.72541,-111.982216,1293.4,15.95,83.7,1.0,13.34,33.87,28.91,17.04,2.0,2.0,32.78,11.0,872.8,0.0,44.4,2.38,47.5,819.9,-9999.0,-9999.0,-9999.0,-9999.0,-9999.0,-9999.0,-9999.0,0.0,0,0,"time.struct_time(tm_year=2023, tm_mon=7, tm_mday=1, tm_hour=0, tm_min=53, tm_sec=35, tm_wday=5, tm_yday=182, tm_isdst=-1)",2023-07-01,2023,7,182,1,53
2023-07-01 00:56:05,40.707565,-111.97718,1295.4,17.39,179.6,1.0,13.34,33.78,29.19,16.94,2.0,2.0,32.61,11.0,872.5,0.0,57.7,2.38,47.4,819.7,-9999.0,-9999.0,-9999.0,-9999.0,-9999.0,-9999.0,-9999.0,0.0,0,0,"time.struct_time(tm_year=2023, tm_mon=7, tm_mday=1, tm_hour=0, tm_min=56, tm_sec=5, tm_wday=5, tm_yday=182, tm_isdst=-1)",2023-07-01,2023,7,182,1,56
2023-07-01 00:59:40,40.693062,-111.977097,1304.0,2.57,180.4,1.0,13.34,33.66,29.24,17.07,2.0,2.0,32.61,12.0,872.2,0.0,54.4,2.38,47.4,819.4,-9999.0,-9999.0,-9999.0,-9999.0,-9999.0,-9999.0,-9999.0,0.0,0,0,"time.struct_time(tm_year=2023, tm_mon=7, tm_mday=1, tm_hour=0, tm_min=59, tm_sec=40, tm_wday=5, tm_yday=182, tm_isdst=-1)",2023-07-01,2023,7,182,1,59
2023-07-01 01:02:10,40.692913,-111.961525,1302.4,12.91,89.0,1.0,13.34,33.59,29.5,16.44,2.0,2.0,32.61,12.0,872.5,0.0,57.6,2.38,47.3,819.8,-9999.0,-9999.0,-9999.0,-9999.0,-9999.0,-9999.0,-9999.0,0.0,0,0,"time.struct_time(tm_year=2023, tm_mon=7, tm_mday=1, tm_hour=1, tm_min=2, tm_sec=10, tm_wday=5, tm_yday=182, tm_isdst=-1)",2023-07-01,2023,7,182,1,2
2023-07-01 01:04:40,40.693394,-111.960587,1299.7,0.0,195.9,1.0,13.34,33.53,29.55,16.17,2.0,2.0,32.61,11.0,872.8,0.0,55.8,2.39,47.2,820.0,-9999.0,-9999.0,-9999.0,-9999.0,-9999.0,-9999.0,-9999.0,0.0,0,0,"time.struct_time(tm_year=2023, tm_mon=7, tm_mday=1, tm_hour=1, tm_min=4, tm_sec=40, tm_wday=5, tm_yday=182, tm_isdst=-1)",2023-07-01,2023,7,182,1,4
2023-07-01 01:07:10,40.693394,-111.960587,1299.7,0.0,195.9,1.0,13.35,33.51,29.49,16.61,2.0,2.0,32.5,11.0,872.7,0.0,56.9,2.39,47.2,820.2,-9999.0,-9999.0,-9999.0,-9999.0,-9999.0,-9999.0,-9999.0,0.0,0,0,"time.struct_time(tm_year=2023, tm_mon=7, tm_mday=1, tm_hour=1, tm_min=7, tm_sec=10, tm_wday=5, tm_yday=182, tm_isdst=-1)",2023-07-01,2023,7,182,1,7
2023-07-01 01:09:40,40.693394,-111.960587,1299.9,0.0,195.9,1.0,13.35,33.5,29.76,16.3,2.0,2.0,32.61,11.0,872.7,0.0,54.2,2.38,47.1,820.0,-9999.0,-9999.0,-9999.0,-9999.0,-9999.0,-9999.0,-9999.0,0.0,0,0,"time.struct_time(tm_year=2023, tm_mon=7, tm_mday=1, tm_hour=1, tm_min=9, tm_sec=40, tm_wday=5, tm_yday=182, tm_isdst=-1)",2023-07-01,2023,7,182,1,9
2023-07-01 01:12:10,40.693394,-111.960587,1300.4,0.0,195.9,1.0,13.35,33.51,30.06,16.24,2.0,2.0,32.61,11.0,872.7,0.0,57.6,2.37,47.1,820.2,-9999.0,-9999.0,-9999.0,-9999.0,-9999.0,-9999.0,-9999.0,0.0,0,0,"time.struct_time(tm_year=2023, tm_mon=7, tm_mday=1, tm_hour=1, tm_min=12, tm_sec=10, tm_wday=5, tm_yday=182, tm_isdst=-1)",2023-07-01,2023,7,182,1,12
2023-07-01 01:14:40,40.693394,-111.960579,1301.0,0.0,195.9,1.0,13.34,33.5,29.84,16.67,2.0,2.0,32.61,12.0,872.9,0.0,59.0,2.38,47.1,820.0,-9999.0,-9999.0,-9999.0,-9999.0,-9999.0,-9999.0,-9999.0,0.0,0,0,"time.struct_time(tm_year=2023, tm_mon=7, tm_mday=1, tm_hour=1, tm_min=14, tm_sec=40, tm_wday=5, tm_yday=182, tm_isdst=-1)",2023-07-01,2023,7,182,1,14
2023-07-01 01:17:10,40.69339,-111.960579,1301.5,0.0,195.9,1.0,13.35,33.49,29.92,16.17,2.0,2.0,32.61,12.0,872.8,0.0,60.2,2.39,47.0,820.2,-9999.0,-9999.0,-9999.0,-9999.0,-9999.0,-9999.0,-9999.0,0.0,0,0,"time.struct_time(tm_year=2023, tm_mon=7, tm_mday=1, tm_hour=1, tm_min=17, tm_sec=10, tm_wday=5, tm_yday=182, tm_isdst=-1)",2023-07-01,2023,7,182,1,17
2023-07-01 01:19:40,40.69339,-111.960579,1301.9,0.0,195.9,1.0,13.35,33.47,30.06,16.23,2.0,2.0,32.61,12.0,873.0,0.0,56.3,2.39,47.0,820.0,-9999.0,-9999.0,-9999.0,-9999.0,-9999.0,-9999.0,-9999.0,0.0,0,0,"time.struct_time(tm_year=2023, tm_mon=7, tm_mday=1, tm_hour=1, tm_min=19, tm_sec=40, tm_wday=5, tm_yday=182, tm_isdst=-1)",2023-07-01,2023,7,182,1,19
2023-07-01 01:22:10,40.693386,-111.960571,1302.2,0.0,195.9,1.0,13.38,33.45,30.2,17.03,2.0,2.0,32.61,12.0,872.8,0.0,55.0,2.38,47.0,820.2,-9999.0,-9999.0,-9999.0,-9999.0,-9999.0,-9999.0,-9999.0,0.0,0,0,"time.struct_time(tm_year=2023, tm_mon=7, tm_mday=1, tm_hour=1, tm_min=22, tm_sec=10, tm_wday=5, tm_yday=182, tm_isdst=-1)",2023-07-01,2023,7,182,1,22
2023-07-01 01:24:40,40.693386,-111.960571,1302.3,0.0,195.9,1.0,13.38,33.43,30.12,16.85,2.0,2.0,32.61,12.0,873.0,0.0,57.4,2.37,46.9,820.0,-9999.0,-9999.0,-9999.0,-9999.0,-9999.0,-9999.0,-9999.0,0.0,0,0,"time.struct_time(tm_year=2023, tm_mon=7, tm_mday=1, tm_hour=1, tm_min=24, tm_sec=40, tm_wday=5, tm_yday=182, tm_isdst=-1)",2023-07-01,2023,7,182,1,24
2023-07-01 01:27:10,40.693386,-111.960571,1302.4,0.0,195.9,1.0,13.38,33.4,29.88,17.01,2.0,2.0,32.61,12.0,872.8,0.0,59.6,2.38,46.9,820.2,-9999.0,-9999.0,-9999.0,-9999.0,-9999.0,-9999.0,-9999.0,0.0,0,0,"time.struct_time(tm_year=2023, tm_mon=7, tm_mday=1, tm_hour=1, tm_min=27, tm_sec=10, tm_wday=5, tm_yday=182, tm_isdst=-1)",2023-07-01,2023,7,182,1,27
2023-07-01 01:29:40,40.692966,-111.960609,1303.9,6.43,238.1,1.0,13.38,33.38,29.8,17.38,2.0,2.0,32.61,12.0,872.6,0.0,57.6,2.37,46.9,820.0,-9999.0,-9999.0,-9999.0,-9999.0,-9999.0,-9999.0,-9999.0,0.0,0,0,"time.struct_time(tm_year=2023, tm_mon=7, tm_mday=1, tm_hour=1, tm_min=29, tm_sec=40, tm_wday=5, tm_yday=182, tm_isdst=-1)",2023-07-01,2023,7,182,1,29
2023-07-01 01:32:10,40.692917,-111.976868,1312.1,4.53,271.7,1.0,13.38,33.35,29.62,17.31,2.0,2.0,32.5,12.0,872.4,0.0,57.2,2.39,46.9,819.6,-9999.0,-9999.0,-9999.0,-9999.0,-9999.0,-9999.0,-9999.0,0.0,0,0,"time.struct_time(tm_year=2023, tm_mon=7, tm_mday=1, tm_hour=1, tm_min=32, tm_sec=10, tm_wday=5, tm_yday=182, tm_isdst=-1)",2023-07-01,2023,7,182,1,32
2023-07-01 01:34:40,40.703701,-111.977165,1303.5,0.0,359.5,1.0,13.38,33.27,29.18,18.77,3.0,2.0,32.28,12.0,872.9,0.0,57.3,2.38,46.9,820.1,-9999.0,-9999.0,-9999.0,-9999.0,-9999.0,-9999.0,-9999.0,0.0,0,0,"time.struct_time(tm_year=2023, tm_mon=7, tm_mday=1, tm_hour=1, tm_min=34, tm_sec=40, tm_wday=5, tm_yday=182, tm_isdst=-1)",2023-07-01,2023,7,182,1,34
2023-07-01 01:37:10,40.7131,-111.977234,1308.1,15.38,359.5,1.0,13.38,33.19,28.97,18.26,2.0,2.0,32.22,12.0,873.0,0.0,57.4,2.38,46.9,820.3,-9999.0,-9999.0,-9999.0,-9999.0,-9999.0,-9999.0,-9999.0,0.0,0,0,"time.struct_time(tm_year=2023, tm_mon=7, tm_mday=1, tm_hour=1, tm_min=37, tm_sec=10, tm_wday=5, tm_yday=182, tm_isdst=-1)",2023-07-01,2023,7,182,1,37
2023-07-01 01:39:40,40.723377,-111.984329,1302.1,3.7,116.4,1.0,13.4,33.09,28.61,20.21,2.0,2.0,32.0,12.0,873.1,0.0,45.8,2.37,46.8,820.2,-9999.0,-9999.0,-9999.0,-9999.0,-9999.0,-9999.0,-9999.0,0.0,0,0,"time.struct_time(tm_year=2023, tm_mon=7, tm_mday=1, tm_hour=1, tm_min=39, tm_sec=40, tm_wday=5, tm_yday=182, tm_isdst=-1)",2023-07-01,2023,7,182,1,39
2023-07-01 01:42:10,40.722801,-111.98629,1305.3,5.71,1.2,1.0,13.39,32.99,28.45,18.6,3.0,2.0,31.89,12.0,872.9,0.0,55.6,2.38,46.8,820.4,-9999.0,-9999.0,-9999.0,-9999.0,-9999.0,-9999.0,-9999.0,0.0,0,0,"time.struct_time(tm_year=2023, tm_mon=7, tm_mday=1, tm_hour=1, tm_min=42, tm_sec=10, tm_wday=5, tm_yday=182, tm_isdst=-1)",2023-07-01,2023,7,182,1,42
2023-07-01 01:44:40,40.73082,-111.981682,1297.2,7.25,90.9,1.0,13.46,32.9,28.37,18.96,3.0,2.0,31.78,13.0,873.4,0.0,51.3,2.37,46.7,820.7,-9999.0,-9999.0,-9999.0,-9999.0,-9999.0,-9999.0,-9999.0,0.0,0,0,"time.struct_time(tm_year=2023, tm_mon=7, tm_mday=1, tm_hour=1, tm_min=44, tm_sec=40, tm_wday=5, tm_yday=182, tm_isdst=-1)",2023-07-01,2023,7,182,1,44
2023-07-01 01:47:10,40.728073,-111.968048,1297.7,7.0,131.1,1.0,13.46,32.82,28.53,19.35,3.0,2.0,31.72,13.0,873.4,0.0,50.9,2.38,46.7,820.8,-9999.0,-9999.0,-9999.0,-9999.0,-9999.0,-9999.0,-9999.0,0.0,0,0,"time.struct_time(tm_year=2023, tm_mon=7, tm_mday=1, tm_hour=1, tm_min=47, tm_sec=10, tm_wday=5, tm_yday=182, tm_isdst=-1)",2023-07-01,2023,7,182,1,47
2023-07-01 01:49:40,40.733067,-111.949738,1294.9,17.85,89.6,1.0,13.44,32.74,28.47,19.4,2.0,2.0,31.61,13.0,873.2,0.0,59.7,2.37,46.6,820.5,-9999.0,-9999.0,-9999.0,-9999.0,-9999.0,-9999.0,-9999.0,0.0,0,0,"time.struct_time(tm_year=2023, tm_mon=7, tm_mday=1, tm_hour=1, tm_min=49, tm_sec=40, tm_wday=5, tm_yday=182, tm_isdst=-1)",2023-07-01,2023,7,182,1,49
2023-07-01 01:52:10,40.732544,-111.939217,1296.7,0.0,185.3,1.0,13.44,32.66,28.77,18.68,2.0,2.0,31.5,13.0,873.5,0.0,53.6,2.38,46.6,821.0,-9999.0,-9999.0,-9999.0,-9999.0,-9999.0,-9999.0,-9999.0,0.0,0,0,"time.struct_time(tm_year=2023, tm_mon=7, tm_mday=1, tm_hour=1, tm_min=52, tm_sec=10, tm_wday=5, tm_yday=182, tm_isdst=-1)",2023-07-01,2023,7,182,1,52
2023-07-01 01:54:40,40.732544,-111.939217,1296.7,0.0,185.3,1.0,13.44,32.63,29.17,18.94,2.0,2.0,31.61,13.0,873.8,0.0,55.2,2.38,46.5,820.8,-9999.0,-9999.0,-9999.0,-9999.0,-9999.0,-9999.0,-9999.0,0.0,0,0,"time.struct_time(tm_year=2023, tm_mon=7, tm_mday=1, tm_hour=1, tm_min=54, tm_sec=40, tm_wday=5, tm_yday=182, tm_isdst=-1)",2023-07-01,2023,7,182,1,54
2023-07-01 01:57:10,40.726151,-111.939026,1299.8,0.0,179.4,1.0,13.44,32.62,29.31,18.78,2.0,2.0,31.61,13.0,873.5,0.0,59.8,2.36,46.5,820.8,-9999.0,-9999.0,-9999.0,-9999.0,-9999.0,-9999.0,-9999.0,0.0,0,0,"time.struct_time(tm_year=2023, tm_mon=7, tm_mday=1, tm_hour=1, tm_min=57, tm_sec=10, tm_wday=5, tm_yday=182, tm_isdst=-1)",2023-07-01,2023,7,182,1,57
2023-07-01 02:00:45,40.725803,-111.936333,1297.2,0.0,93.6,1.0,13.44,32.59,29.01,19.0,2.0,2.0,31.39,13.0,873.6,0.0,55.4,2.37,46.4,820.9,-9999.0,-9999.0,-9999.0,-9999.0,-9999.0,-9999.0,-9999.0,0.0,0,0,"time.struct_time(tm_year=2023, tm_mon=7, tm_mday=1, tm_hour=2, tm_min=0, tm_sec=45, tm_wday=5, tm_yday=182, tm_isdst=-1)",2023-07-01,2023,7,182,1,0
2023-07-01 02:03:15,40.725697,-111.917091,1294.8,6.43,85.1,1.0,13.41,32.56,28.83,19.44,2.0,2.0,31.39,14.0,873.7,0.0,58.2,2.38,46.4,820.7,-9999.0,-9999.0,-9999.0,-9999.0,-9999.0,-9999.0,-9999.0,0.0,0,0,"time.struct_time(tm_year=2023, tm_mon=7, tm_mday=1, tm_hour=2, tm_min=3, tm_sec=15, tm_wday=5, tm_yday=182, tm_isdst=-1)",2023-07-01,2023,7,182,1,3
2023-07-01 02:05:45,40.729912,-111.916817,1295.8,8.33,359.1,1.0,13.4,32.5,28.73,19.83,1.0,2.0,31.39,14.0,873.5,0.0,59.4,2.38,46.3,820.9,-9999.0,-9999.0,-9999.0,-9999.0,-9999.0,-9999.0,-9999.0,0.0,0,0,"time.struct_time(tm_year=2023, tm_mon=7, tm_mday=1, tm_hour=2, tm_min=5, tm_sec=45, tm_wday=5, tm_yday=182, tm_isdst=-1)",2023-07-01,2023,7,182,1,5
2023-07-01 02:08:15,40.747616,-111.916885,1297.9,14.04,0.7,1.0,13.41,32.44,28.3,21.39,3.0,2.0,31.28,14.0,873.6,0.0,48.7,2.38,46.3,820.7,-9999.0,-9999.0,-9999.0,-9999.0,-9999.0,-9999.0,-9999.0,0.0,0,1,"time.struct_time(tm_year=2023, tm_mon=7, tm_mday=1, tm_hour=2, tm_min=8, tm_sec=15, tm_wday=5, tm_yday=182, tm_isdst=-1)",2023-07-01,2023,7,182,1,8
2023-07-01 02:10:45,40.760464,-111.916809,1296.5,2.78,2.7,1.0,13.4,32.35,28.04,20.96,5.0,2.0,31.11,14.0,874.1,0.0,52.4,2.37,46.2,821.2,-9999.0,-9999.0,-9999.0,-9999.0,-9999.0,-9999.0,-9999.0,0.0,0,1,"time.struct_time(tm_year=2023, tm_mon=7, tm_mday=1, tm_hour=2, tm_min=10, tm_sec=45, tm_wday=5, tm_yday=182, tm_isdst=-1)",2023-07-01,2023,7,182,1,10
2023-07-01 02:13:15,40.760605,-111.903526,1296.8,9.57,85.2,1.0,13.41,32.28,28.24,20.17,2.0,2.0,31.11,14.0,873.6,0.0,53.9,2.38,46.2,820.7,-9999.0,-9999.0,-9999.0,-9999.0,-9999.0,-9999.0,-9999.0,0.0,0,1,"time.struct_time(tm_year=2023, tm_mon=7, tm_mday=1, tm_hour=2, tm_min=13, tm_sec=15, tm_wday=5, tm_yday=182, tm_isdst=-1)",2023-07-01,2023,7,182,1,13
2023-07-01 02:15:45,40.764694,-111.902626,1309.5,0.0,353.6,1.0,13.4,32.23,28.25,20.8,5.0,2.0,31.0,14.0,873.4,0.0,53.1,2.38,46.1,820.7,-9999.0,-9999.0,-9999.0,-9999.0,-9999.0,-9999.0,-9999.0,0.0,0,1,"time.struct_time(tm_year=2023, tm_mon=7, tm_mday=1, tm_hour=2, tm_min=15, tm_sec=45, tm_wday=5, tm_yday=182, tm_isdst=-1)",2023-07-01,2023,7,182,1,15
2023-07-01 02:18:15,40.76482,-111.908279,1303.3,5.66,205.2,1.0,13.4,32.2,28.14,20.72,2.0,2.0,31.0,14.0,873.7,0.0,56.5,2.39,46.1,820.9,-9999.0,-9999.0,-9999.0,-9999.0,-9999.0,-9999.0,-9999.0,0.0,0,1,"time.struct_time(tm_year=2023, tm_mon=7, tm_mday=1, tm_hour=2, tm_min=18, tm_sec=15, tm_wday=5, tm_yday=182, tm_isdst=-1)",2023-07-01,2023,7,182,1,18
2023-07-01 02:20:45,40.764458,-111.909508,1303.0,0.0,330.3,1.0,13.41,32.17,28.29,20.59,2.0,2.0,30.89,14.0,873.8,0.0,51.0,2.37,46.0,821.1,-9999.0,-9999.0,-9999.0,-9999.0,-9999.0,-9999.0,-9999.0,0.0,0,1,"time.struct_time(tm_year=2023, tm_mon=7, tm_mday=1, tm_hour=2, tm_min=20, tm_sec=45, tm_wday=5, tm_yday=182, tm_isdst=-1)",2023-07-01,2023,7,182,1,20
2023-07-01 02:23:15,40.764454,-111.909508,1302.8,0.0,330.3,1.0,13.41,32.14,28.06,21.02,3.0,2.0,30.89,14.0,873.7,0.0,45.1,2.37,46.0,820.9,-9999.0,-9999.0,-9999.0,-9999.0,-9999.0,-9999.0,-9999.0,0.0,0,1,"time.struct_time(tm_year=2023, tm_mon=7, tm_mday=1, tm_hour=2, tm_min=23, tm_sec=15, tm_wday=5, tm_yday=182, tm_isdst=-1)",2023-07-01,2023,7,182,1,23
2023-07-01 02:25:45,40.763817,-111.909607,1301.8,0.0,172.6,1.0,13.4,32.1,28.09,20.9,3.0,2.0,30.72,14.0,873.8,0.0,41.5,2.37,45.9,821.1,-9999.0,-9999.0,-9999.0,-9999.0,-9999.0,-9999.0,-9999.0,0.0,0,1,"time.struct_time(tm_year=2023, tm_mon=7, tm_mday=1, tm_hour=2, tm_min=25, tm_sec=45, tm_wday=5, tm_yday=182, tm_isdst=-1)",2023-07-01,2023,7,182,1,25
2023-07-01 02:28:15,40.763817,-111.909607,1301.7,0.0,172.6,1.0,13.4,32.05,28.34,20.72,3.0,2.0,30.61,14.0,873.6,0.0,50.7,2.38,45.9,821.0,-9999.0,-9999.0,-9999.0,-9999.0,-9999.0,-9999.0,-9999.0,0.0,0,1,"time.struct_time(tm_year=2023, tm_mon=7, tm_mday=1, tm_hour=2, tm_min=28, tm_sec=15, tm_wday=5, tm_yday=182, tm_isdst=-1)",2023-07-01,2023,7,182,1,28
2023-07-01 02:30:45,40.763821,-111.909599,1301.5,0.0,172.6,1.0,13.41,32.01,28.27,20.64,3.0,2.0,30.5,14.0,873.8,0.0,52.6,2.36,45.8,821.1,-9999.0,-9999.0,-9999.0,-9999.0,-9999.0,-9999.0,-9999.0,0.0,0,1,"time.struct_time(tm_year=2023, tm_mon=7, tm_mday=1, tm_hour=2, tm_min=30, tm_sec=45, tm_wday=5, tm_yday=182, tm_isdst=-1)",2023-07-01,2023,7,182,1,30
2023-07-01 02:33:15,40.763824,-111.909599,1301.1,0.0,172.6,1.0,13.41,31.96,28.31,20.63,6.0,2.0,30.39,14.0,874.0,0.0,24.0,2.36,45.8,821.0,-9999.0,-9999.0,-9999.0,-9999.0,-9999.0,-9999.0,-9999.0,0.0,0,1,"time.struct_time(tm_year=2023, tm_mon=7, tm_mday=1, tm_hour=2, tm_min=33, tm_sec=15, tm_wday=5, tm_yday=182, tm_isdst=-1)",2023-07-01,2023,7,182,1,33
2023-07-01 02:35:45,40.763824,-111.909599,1300.8,0.0,172.6,1.0,13.41,31.91,28.17,20.87,5.0,2.0,30.39,14.0,874.0,0.0,49.3,2.36,45.7,821.2,-9999.0,-9999.0,-9999.0,-9999.0,-9999.0,-9999.0,-9999.0,0.0,0,1,"time.struct_time(tm_year=2023, tm_mon=7, tm_mday=1, tm_hour=2, tm_min=35, tm_sec=45, tm_wday=5, tm_yday=182, tm_isdst=-1)",2023-07-01,2023,7,182,1,35
2023-07-01 02:38:15,40.763828,-111.909599,1300.5,0.0,172.6,1.0,13.41,31.87,28.17,20.94,5.0,2.0,30.28,14.0,873.8,0.0,46.1,2.37,45.7,821.0,-9999.0,-9999.0,-9999.0,-9999.0,-9999.0,-9999.0,-9999.0,0.0,0,1,"time.struct_time(tm_year=2023, tm_mon=7, tm_mday=1, tm_hour=2, tm_min=38, tm_sec=15, tm_wday=5, tm_yday=182, tm_isdst=-1)",2023-07-01,2023,7,182,1,38
2023-07-01 02:40:45,40.763832,-111.909599,1300.3,0.0,172.6,1.0,13.41,31.82,28.07,21.08,3.0,2.0,30.11,14.0,874.0,0.0,38.3,2.37,45.6,821.2,-9999.0,-9999.0,-9999.0,-9999.0,-9999.0,-9999.0,-9999.0,0.0,0,1,"time.struct_time(tm_year=2023, tm_mon=7, tm_mday=1, tm_hour=2, tm_min=40, tm_sec=45, tm_wday=5, tm_yday=182, tm_isdst=-1)",2023-07-01,2023,7,182,1,40
2023-07-01 02:43:15,40.764381,-111.909439,1298.5,5.3,321.4,1.0,13.44,31.76,27.86,21.11,2.0,2.0,29.89,14.0,873.7,0.0,52.8,2.38,45.6,820.9,-9999.0,-9999.0,-9999.0,-9999.0,-9999.0,-9999.0,-9999.0,0.0,0,1,"time.struct_time(tm_year=2023, tm_mon=7, tm_mday=1, tm_hour=2, tm_min=43, tm_sec=15, tm_wday=5, tm_yday=182, tm_isdst=-1)",2023-07-01,2023,7,182,1,43
2023-07-01 02:45:45,40.763103,-111.902641,1304.0,4.17,187.3,1.0,13.44,31.68,27.66,21.86,2.0,2.0,30.0,15.0,873.5,0.0,47.8,2.36,45.5,821.0,-9999.0,-9999.0,-9999.0,-9999.0,-9999.0,-9999.0,-9999.0,0.0,0,1,"time.struct_time(tm_year=2023, tm_mon=7, tm_mday=1, tm_hour=2, tm_min=45, tm_sec=45, tm_wday=5, tm_yday=182, tm_isdst=-1)",2023-07-01,2023,7,182,1,45
2023-07-01 02:48:15,40.760647,-111.913887,1298.9,0.0,271.1,1.0,13.43,31.58,27.54,22.0,3.0,2.0,30.0,15.0,874.0,0.0,39.4,2.38,45.4,821.2,-9999.0,-9999.0,-9999.0,-9999.0,-9999.0,-9999.0,-9999.0,0.0,0,1,"time.struct_time(tm_year=2023, tm_mon=7, tm_mday=1, tm_hour=2, tm_min=48, tm_sec=15, tm_wday=5, tm_yday=182, tm_isdst=-1)",2023-07-01,2023,7,182,1,48
2023-07-01 02:50:45,40.754398,-111.916885,1297.4,12.86,180.1,1.0,13.43,31.49,27.44,23.03,2.0,2.0,30.0,15.0,873.6,0.0,40.7,2.36,45.4,821.1,-9999.0,-9999.0,-9999.0,-9999.0,-9999.0,-9999.0,-9999.0,0.0,0,1,"time.struct_time(tm_year=2023, tm_mon=7, tm_mday=1, tm_hour=2, tm_min=50, tm_sec=45, tm_wday=5, tm_yday=182, tm_isdst=-1)",2023-07-01,2023,7,182,1,50
2023-07-01 02:53:15,40.739807,-111.916916,1294.4,14.04,180.7,1.0,13.44,31.39,26.81,23.38,2.0,2.0,29.78,15.0,874.0,0.0,45.7,2.38,45.3,821.0,-9999.0,-9999.0,-9999.0,-9999.0,-9999.0,-9999.0,-9999.0,0.0,0,1,"time.struct_time(tm_year=2023, tm_mon=7, tm_mday=1, tm_hour=2, tm_min=53, tm_sec=15, tm_wday=5, tm_yday=182, tm_isdst=-1)",2023-07-01,2023,7,182,1,53
2023-07-01 02:55:45,40.727016,-111.916962,1296.3,12.3,179.8,1.0,13.44,31.27,26.55,23.81,7.0,2.0,29.72,15.0,873.7,0.0,52.2,2.35,45.3,821.1,-9999.0,-9999.0,-9999.0,-9999.0,-9999.0,-9999.0,-9999.0,0.0,0,0,"time.struct_time(tm_year=2023, tm_mon=7, tm_mday=1, tm_hour=2, tm_min=55, tm_sec=45, tm_wday=5, tm_yday=182, tm_isdst=-1)",2023-07-01,2023,7,182,1,55
2023-07-01 02:58:15,40.726307,-111.938904,1295.3,9.93,0.9,1.0,13.44,31.14,26.38,22.65,2.0,2.0,29.5,15.0,873.3,0.0,53.5,2.36,45.2,820.7,-9999.0,-9999.0,-9999.0,-9999.0,-9999.0,-9999.0,-9999.0,0.0,0,0,"time.struct_time(tm_year=2023, tm_mon=7, tm_mday=1, tm_hour=2, tm_min=58, tm_sec=15, tm_wday=5, tm_yday=182, tm_isdst=-1)",2023-07-01,2023,7,182,1,58
2023-07-01 03:01:50,40.732857,-111.958138,1293.9,8.95,188.0,1.0,13.46,30.95,26.51,23.45,2.0,2.0,29.5,15.0,873.6,0.0,50.7,2.37,45.1,821.0,-9999.0,-9999.0,-9999.0,-9999.0,-9999.0,-9999.0,-9999.0,0.0,0,0,"time.struct_time(tm_year=2023, tm_mon=7, tm_mday=1, tm_hour=3, tm_min=1, tm_sec=50, tm_wday=5, tm_yday=182, tm_isdst=-1)",2023-07-01,2023,7,182,1,1
2023-07-01 03:04:20,40.730453,-111.968208,1296.8,1.49,357.2,1.0,13.45,30.84,26.32,23.57,2.0,2.0,29.39,15.0,873.9,0.0,48.8,2.35,45.0,821.0,-9999.0,-9999.0,-9999.0,-9999.0,-9999.0,-9999.0,-9999.0,0.0,0,0,"time.struct_time(tm_year=2023, tm_mon=7, tm_mday=1, tm_hour=3, tm_min=4, tm_sec=20, tm_wday=5, tm_yday=182, tm_isdst=-1)",2023-07-01,2023,7,182,1,4
2023-07-01 03:06:50,40.730846,-111.981827,1298.4,2.73,268.8,1.0,13.44,30.74,26.23,24.65,2.0,2.0,29.28,15.0,873.9,0.0,52.1,2.36,44.9,821.1,-9999.0,-9999.0,-9999.0,-9999.0,-9999.0,-9999.0,-9999.0,0.0,0,0,"time.struct_time(tm_year=2023, tm_mon=7, tm_mday=1, tm_hour=3, tm_min=6, tm_sec=50, tm_wday=5, tm_yday=182, tm_isdst=-1)",2023-07-01,2023,7,182,1,6
2023-07-01 03:09:20,40.729378,-111.986877,1303.0,14.3,166.8,1.0,13.44,30.66,26.19,24.07,2.0,2.0,29.22,15.0,873.3,0.0,52.1,2.36,44.9,820.5,-9999.0,-9999.0,-9999.0,-9999.0,-9999.0,-9999.0,-9999.0,0.0,0,0,"time.struct_time(tm_year=2023, tm_mon=7, tm_mday=1, tm_hour=3, tm_min=9, tm_sec=20, tm_wday=5, tm_yday=182, tm_isdst=-1)",2023-07-01,2023,7,182,1,9
2023-07-01 03:11:50,40.718601,-111.985802,1302.2,0.0,160.0,1.0,13.44,30.59,26.13,23.75,3.0,2.0,29.11,15.0,873.4,0.0,42.4,2.37,44.8,820.9,-9999.0,-9999.0,-9999.0,-9999.0,-9999.0,-9999.0,-9999.0,0.0,0,0,"time.struct_time(tm_year=2023, tm_mon=7, tm_mday=1, tm_hour=3, tm_min=11, tm_sec=50, tm_wday=5, tm_yday=182, tm_isdst=-1)",2023-07-01,2023,7,182,1,11
2023-07-01 03:14:20,40.725418,-111.981583,1301.6,15.59,85.3,1.0,13.44,30.52,26.15,24.26,3.0,2.0,29.0,16.0,873.2,0.0,38.4,2.38,44.7,820.5,-9999.0,-9999.0,-9999.0,-9999.0,-9999.0,-9999.0,-9999.0,0.0,0,0,"time.struct_time(tm_year=2023, tm_mon=7, tm_mday=1, tm_hour=3, tm_min=14, tm_sec=20, tm_wday=5, tm_yday=182, tm_isdst=-1)",2023-07-01,2023,7,182,1,14
2023-07-01 03:16:50,40.710281,-111.977203,1300.5,12.91,179.2,1.0,13.45,30.42,25.97,24.58,2.0,2.0,28.89,15.0,873.3,0.0,52.1,2.35,44.6,820.5,-9999.0,-9999.0,-9999.0,-9999.0,-9999.0,-9999.0,-9999.0,0.0,0,0,"time.struct_time(tm_year=2023, tm_mon=7, tm_mday=1, tm_hour=3, tm_min=16, tm_sec=50, tm_wday=5, tm_yday=182, tm_isdst=-1)",2023-07-01,2023,7,182,1,16
2023-07-01 03:19:20,40.703518,-111.977226,1303.9,0.0,181.3,1.0,13.44,30.32,25.78,24.55,2.0,2.0,28.78,16.0,873.3,0.0,39.1,2.36,44.5,820.4,-9999.0,-9999.0,-9999.0,-9999.0,-9999.0,-9999.0,-9999.0,0.0,0,0,"time.struct_time(tm_year=2023, tm_mon=7, tm_mday=1, tm_hour=3, tm_min=19, tm_sec=20, tm_wday=5, tm_yday=182, tm_isdst=-1)",2023-07-01,2023,7,182,1,19
2023-07-01 03:21:50,40.695698,-111.977135,1309.3,11.99,179.9,1.0,13.44,30.24,25.58,24.24,3.0,2.0,28.72,16.0,872.9,0.0,31.7,2.36,44.5,820.2,-9999.0,-9999.0,-9999.0,-9999.0,-9999.0,-9999.0,-9999.0,0.0,0,0,"time.struct_time(tm_year=2023, tm_mon=7, tm_mday=1, tm_hour=3, tm_min=21, tm_sec=50, tm_wday=5, tm_yday=182, tm_isdst=-1)",2023-07-01,2023,7,182,1,21
2023-07-01 03:24:20,40.692917,-111.96624,1312.7,9.93,90.3,1.0,13.44,30.14,25.3,25.51,4.0,2.0,28.61,16.0,872.7,0.0,37.6,2.37,44.4,819.8,-9999.0,-9999.0,-9999.0,-9999.0,-9999.0,-9999.0,-9999.0,0.0,0,0,"time.struct_time(tm_year=2023, tm_mon=7, tm_mday=1, tm_hour=3, tm_min=24, tm_sec=20, tm_wday=5, tm_yday=182, tm_isdst=-1)",2023-07-01,2023,7,182,1,24
2023-07-01 03:26:50,40.696033,-111.957825,1306.5,9.21,0.2,1.0,13.44,30.04,25.16,24.62,3.0,2.0,28.5,15.0,873.1,0.0,40.9,2.36,44.3,820.6,-9999.0,-9999.0,-9999.0,-9999.0,-9999.0,-9999.0,-9999.0,0.0,0,0,"time.struct_time(tm_year=2023, tm_mon=7, tm_mday=1, tm_hour=3, tm_min=26, tm_sec=50, tm_wday=5, tm_yday=182, tm_isdst=-1)",2023-07-01,2023,7,182,1,26
2023-07-01 03:29:20,40.705914,-111.952965,1299.5,26.19,356.4,1.0,13.48,29.94,25.38,24.74,3.0,2.0,28.39,16.0,872.7,0.0,37.4,2.35,44.2,819.9,-9999.0,-9999.0,-9999.0,-9999.0,-9999.0,-9999.0,-9999.0,0.0,0,0,"time.struct_time(tm_year=2023, tm_mon=7, tm_mday=1, tm_hour=3, tm_min=29, tm_sec=20, tm_wday=5, tm_yday=182, tm_isdst=-1)",2023-07-01,2023,7,182,1,29
2023-07-01 03:31:50,40.724148,-111.928856,1294.4,27.01,88.5,1.0,13.48,29.8,25.91,24.22,3.0,2.0,28.39,16.0,872.8,0.0,40.7,2.37,44.2,820.3,-9999.0,-9999.0,-9999.0,-9999.0,-9999.0,-9999.0,-9999.0,0.0,0,0,"time.struct_time(tm_year=2023, tm_mon=7, tm_mday=1, tm_hour=3, tm_min=31, tm_sec=50, tm_wday=5, tm_yday=182, tm_isdst=-1)",2023-07-01,2023,7,182,1,31
2023-07-01 03:34:20,40.739471,-111.904228,1297.0,27.21,2.2,1.0,13.47,29.69,26.25,23.63,4.0,2.0,28.5,16.0,873.2,0.0,34.9,2.36,44.1,820.4,-9999.0,-9999.0,-9999.0,-9999.0,-9999.0,-9999.0,-9999.0,0.0,0,1,"time.struct_time(tm_year=2023, tm_mon=7, tm_mday=1, tm_hour=3, tm_min=34, tm_sec=20, tm_wday=5, tm_yday=182, tm_isdst=-1)",2023-07-01,2023,7,182,1,34
2023-07-01 03:36:50,40.760506,-111.913284,1293.4,9.77,92.6,1.0,13.47,29.62,26.59,26.78,4.0,2.0,28.61,18.0,874.0,0.0,41.8,2.36,44.0,821.3,-9999.0,-9999.0,-9999.0,-9999.0,-9999.0,-9999.0,-9999.0,0.0,0,1,"time.struct_time(tm_year=2023, tm_mon=7, tm_mday=1, tm_hour=3, tm_min=36, tm_sec=50, tm_wday=5, tm_yday=182, tm_isdst=-1)",2023-07-01,2023,7,182,1,36
2023-07-01 03:39:20,40.761921,-111.910942,1294.9,1.9,176.3,1.0,13.47,29.61,26.11,28.14,3.0,2.0,28.72,18.0,874.1,0.0,45.5,2.37,43.9,821.3,-9999.0,-9999.0,-9999.0,-9999.0,-9999.0,-9999.0,-9999.0,0.0,0,1,"time.struct_time(tm_year=2023, tm_mon=7, tm_mday=1, tm_hour=3, tm_min=39, tm_sec=20, tm_wday=5, tm_yday=182, tm_isdst=-1)",2023-07-01,2023,7,182,1,39
2023-07-01 03:41:50,40.761791,-111.910797,1294.9,0.0,102.3,1.0,13.47,29.61,25.96,28.2,5.0,2.0,28.61,18.0,874.4,0.0,39.6,2.35,43.8,821.5,-9999.0,-9999.0,-9999.0,-9999.0,-9999.0,-9999.0,-9999.0,0.0,0,1,"time.struct_time(tm_year=2023, tm_mon=7, tm_mday=1, tm_hour=3, tm_min=41, tm_sec=50, tm_wday=5, tm_yday=182, tm_isdst=-1)",2023-07-01,2023,7,182,1,41
2023-07-01 03:44:20,40.761784,-111.910782,1293.7,0.0,102.3,1.0,13.47,29.63,25.92,28.4,3.0,2.0,28.61,19.0,874.4,0.0,42.9,2.34,43.8,821.3,-9999.0,-9999.0,-9999.0,-9999.0,-9999.0,-9999.0,-9999.0,0.0,0,1,"time.struct_time(tm_year=2023, tm_mon=7, tm_mday=1, tm_hour=3, tm_min=44, tm_sec=20, tm_wday=5, tm_yday=182, tm_isdst=-1)",2023-07-01,2023,7,182,1,44
2023-07-01 03:46:50,40.761768,-111.910774,1292.4,0.0,102.3,1.0,13.47,29.65,25.92,28.61,3.0,2.0,28.61,19.0,874.4,0.0,34.6,2.35,43.7,821.5,-9999.0,-9999.0,-9999.0,-9999.0,-9999.0,-9999.0,-9999.0,0.0,0,1,"time.struct_time(tm_year=2023, tm_mon=7, tm_mday=1, tm_hour=3, tm_min=46, tm_sec=50, tm_wday=5, tm_yday=182, tm_isdst=-1)",2023-07-01,2023,7,182,1,46
2023-07-01 03:49:20,40.761768,-111.910767,1292.4,0.0,102.3,1.0,13.47,29.67,25.92,28.75,4.0,2.0,28.72,19.0,874.3,0.0,30.0,2.35,43.7,821.3,-9999.0,-9999.0,-9999.0,-9999.0,-9999.0,-9999.0,-9999.0,0.0,0,1,"time.struct_time(tm_year=2023, tm_mon=7, tm_mday=1, tm_hour=3, tm_min=49, tm_sec=20, tm_wday=5, tm_yday=182, tm_isdst=-1)",2023-07-01,2023,7,182,1,49
2023-07-01 03:51:50,40.761768,-111.910759,1291.7,0.0,102.3,1.0,13.47,29.7,26.01,28.61,3.0,2.0,28.78,19.0,874.3,0.0,24.3,2.35,43.7,821.6,-9999.0,-9999.0,-9999.0,-9999.0,-9999.0,-9999.0,-9999.0,0.0,0,1,"time.struct_time(tm_year=2023, tm_mon=7, tm_mday=1, tm_hour=3, tm_min=51, tm_sec=50, tm_wday=5, tm_yday=182, tm_isdst=-1)",2023-07-01,2023,7,182,1,51
2023-07-01 03:54:20,40.761768,-111.910751,1291.5,0.0,102.3,1.0,13.47,29.75,26.09,28.64,3.0,2.0,28.78,19.0,874.3,0.0,38.0,2.35,43.6,821.4,-9999.0,-9999.0,-9999.0,-9999.0,-9999.0,-9999.0,-9999.0,0.0,0,1,"time.struct_time(tm_year=2023, tm_mon=7, tm_mday=1, tm_hour=3, tm_min=54, tm_sec=20, tm_wday=5, tm_yday=182, tm_isdst=-1)",2023-07-01,2023,7,182,1,54
2023-07-01 03:56:50,40.761765,-111.910744,1291.0,0.0,102.3,1.0,13.47,29.8,26.13,29.12,3.0,2.0,28.78,19.0,874.5,0.0,33.3,2.35,43.6,821.5,-9999.0,-9999.0,-9999.0,-9999.0,-9999.0,-9999.0,-9999.0,0.0,0,1,"time.struct_time(tm_year=2023, tm_mon=7, tm_mday=1, tm_hour=3, tm_min=56, tm_sec=50, tm_wday=5, tm_yday=182, tm_isdst=-1)",2023-07-01,2023,7,182,1,56
2023-07-01 03:59:20,40.761772,-111.910736,1290.8,0.0,102.3,1.0,13.47,29.85,26.19,28.86,3.0,2.0,28.89,19.0,874.4,0.0,41.4,2.35,43.6,821.4,-9999.0,-9999.0,-9999.0,-9999.0,-9999.0,-9999.0,-9999.0,0.0,0,1,"time.struct_time(tm_year=2023, tm_mon=7, tm_mday=1, tm_hour=3, tm_min=59, tm_sec=20, tm_wday=5, tm_yday=182, tm_isdst=-1)",2023-07-01,2023,7,182,1,59
2023-07-01 04:03:00,40.761776,-111.910706,1290.0,0.0,102.3,1.0,13.47,29.9,26.33,28.69,3.0,2.0,28.89,19.0,874.2,0.0,32.4,2.36,43.5,821.5,-9999.0,-9999.0,-9999.0,-9999.0,-9999.0,-9999.0,-9999.0,0.0,0,1,"time.struct_time(tm_year=2023, tm_mon=7, tm_mday=1, tm_hour=4, tm_min=3, tm_sec=0, tm_wday=5, tm_yday=182, tm_isdst=-1)",2023-07-01,2023,7,182,1,3
2023-07-01 04:05:30,40.761776,-111.91069,1289.3,0.0,102.3,1.0,13.47,29.93,26.11,29.39,2.0,2.0,28.89,19.0,874.4,0.0,47.0,2.36,43.5,821.7,-9999.0,-9999.0,-9999.0,-9999.0,-9999.0,-9999.0,-9999.0,0.0,0,1,"time.struct_time(tm_year=2023, tm_mon=7, tm_mday=1, tm_hour=4, tm_min=5, tm_sec=30, tm_wday=5, tm_yday=182, tm_isdst=-1)",2023-07-01,2023,7,182,1,5
2023-07-01 04:08:00,40.761776,-111.910683,1288.7,0.0,102.3,1.0,13.47,29.96,25.83,29.63,4.0,2.0,28.89,19.0,874.4,0.0,45.9,2.35,43.5,821.5,-9999.0,-9999.0,-9999.0,-9999.0,-9999.0,-9999.0,-9999.0,0.0,0,1,"time.struct_time(tm_year=2023, tm_mon=7, tm_mday=1, tm_hour=4, tm_min=8, tm_sec=0, tm_wday=5, tm_yday=182, tm_isdst=-1)",2023-07-01,2023,7,182,1,8
2023-07-01 04:10:30,40.761776,-111.910683,1288.0,0.0,102.3,1.0,13.47,29.98,25.74,29.51,3.0,2.0,28.78,19.0,874.4,0.0,37.7,2.34,43.5,821.7,-9999.0,-9999.0,-9999.0,-9999.0,-9999.0,-9999.0,-9999.0,0.0,0,1,"time.struct_time(tm_year=2023, tm_mon=7, tm_mday=1, tm_hour=4, tm_min=10, tm_sec=30, tm_wday=5, tm_yday=182, tm_isdst=-1)",2023-07-01,2023,7,182,1,10
2023-07-01 04:13:00,40.761776,-111.910683,1287.6,0.0,102.3,1.0,13.47,30.0,25.66,29.71,3.0,2.0,28.78,19.0,874.5,0.0,31.6,2.35,43.5,821.5,-9999.0,-9999.0,-9999.0,-9999.0,-9999.0,-9999.0,-9999.0,0.0,0,1,"time.struct_time(tm_year=2023, tm_mon=7, tm_mday=1, tm_hour=4, tm_min=13, tm_sec=0, tm_wday=5, tm_yday=182, tm_isdst=-1)",2023-07-01,2023,7,182,1,13
2023-07-01 04:15:30,40.761776,-111.910675,1287.2,0.0,102.3,1.0,13.47,30.01,25.6,30.03,3.0,2.0,28.89,19.0,874.4,0.0,39.0,2.35,43.5,821.7,-9999.0,-9999.0,-9999.0,-9999.0,-9999.0,-9999.0,-9999.0,0.0,0,1,"time.struct_time(tm_year=2023, tm_mon=7, tm_mday=1, tm_hour=4, tm_min=15, tm_sec=30, tm_wday=5, tm_yday=182, tm_isdst=-1)",2023-07-01,2023,7,182,1,15
2023-07-01 04:18:00,40.761772,-111.91069,1286.6,0.0,102.3,1.0,13.47,30.03,25.62,29.49,3.0,2.0,28.89,19.0,874.5,0.0,48.9,2.36,43.5,821.6,-9999.0,-9999.0,-9999.0,-9999.0,-9999.0,-9999.0,-9999.0,0.0,0,1,"time.struct_time(tm_year=2023, tm_mon=7, tm_mday=1, tm_hour=4, tm_min=18, tm_sec=0, tm_wday=5, tm_yday=182, tm_isdst=-1)",2023-07-01,2023,7,182,1,18
2023-07-01 04:20:30,40.761772,-111.91069,1286.0,0.0,102.3,1.0,13.47,30.05,25.58,30.2,6.0,2.0,28.89,20.0,874.5,0.0,20.4,2.34,43.5,821.7,-9999.0,-9999.0,-9999.0,-9999.0,-9999.0,-9999.0,-9999.0,0.0,0,1,"time.struct_time(tm_year=2023, tm_mon=7, tm_mday=1, tm_hour=4, tm_min=20, tm_sec=30, tm_wday=5, tm_yday=182, tm_isdst=-1)",2023-07-01,2023,7,182,1,20
2023-07-01 04:23:00,40.761768,-111.91069,1285.3,0.0,102.3,1.0,13.47,30.06,25.58,29.81,3.0,2.0,28.89,20.0,874.3,0.0,43.4,2.36,43.5,821.6,-9999.0,-9999.0,-9999.0,-9999.0,-9999.0,-9999.0,-9999.0,0.0,0,1,"time.struct_time(tm_year=2023, tm_mon=7, tm_mday=1, tm_hour=4, tm_min=23, tm_sec=0, tm_wday=5, tm_yday=182, tm_isdst=-1)",2023-07-01,2023,7,182,1,23
2023-07-01 04:25:30,40.761765,-111.91069,1284.6,0.0,102.3,1.0,13.47,30.08,25.58,29.31,2.0,2.0,28.89,19.0,874.7,0.0,47.8,2.35,43.5,821.9,-9999.0,-9999.0,-9999.0,-9999.0,-9999.0,-9999.0,-9999.0,0.0,0,1,"time.struct_time(tm_year=2023, tm_mon=7, tm_mday=1, tm_hour=4, tm_min=25, tm_sec=30, tm_wday=5, tm_yday=182, tm_isdst=-1)",2023-07-01,2023,7,182,1,25
2023-07-01 04:28:00,40.761765,-111.910698,1283.6,0.0,102.3,1.0,13.46,30.09,25.52,29.49,4.0,2.0,28.89,19.0,874.7,0.0,48.4,2.36,43.5,821.6,-9999.0,-9999.0,-9999.0,-9999.0,-9999.0,-9999.0,-9999.0,0.0,0,1,"time.struct_time(tm_year=2023, tm_mon=7, tm_mday=1, tm_hour=4, tm_min=28, tm_sec=0, tm_wday=5, tm_yday=182, tm_isdst=-1)",2023-07-01,2023,7,182,1,28
2023-07-01 04:30:30,40.761757,-111.910698,1283.2,0.0,102.3,1.0,13.47,30.11,25.64,29.03,3.0,2.0,28.89,19.0,874.7,0.0,46.9,2.37,43.5,821.9,-9999.0,-9999.0,-9999.0,-9999.0,-9999.0,-9999.0,-9999.0,0.0,0,1,"time.struct_time(tm_year=2023, tm_mon=7, tm_mday=1, tm_hour=4, tm_min=30, tm_sec=30, tm_wday=5, tm_yday=182, tm_isdst=-1)",2023-07-01,2023,7,182,1,30
2023-07-01 04:33:00,40.761749,-111.910698,1282.6,0.0,102.3,1.0,13.47,30.12,25.84,28.83,3.0,2.0,28.78,19.0,874.7,0.0,49.3,2.35,43.5,821.7,-9999.0,-9999.0,-9999.0,-9999.0,-9999.0,-9999.0,-9999.0,0.0,0,1,"time.struct_time(tm_year=2023, tm_mon=7, tm_mday=1, tm_hour=4, tm_min=33, tm_sec=0, tm_wday=5, tm_yday=182, tm_isdst=-1)",2023-07-01,2023,7,182,1,33
2023-07-01 04:35:30,40.761753,-111.910698,1283.1,0.0,102.3,1.0,13.47,30.14,25.93,28.44,3.0,2.0,28.78,19.0,874.5,0.0,43.2,2.35,43.5,821.9,-9999.0,-9999.0,-9999.0,-9999.0,-9999.0,-9999.0,-9999.0,0.0,0,1,"time.struct_time(tm_year=2023, tm_mon=7, tm_mday=1, tm_hour=4, tm_min=35, tm_sec=30, tm_wday=5, tm_yday=182, tm_isdst=-1)",2023-07-01,2023,7,182,1,35
2023-07-01 04:38:00,40.761749,-111.910698,1283.0,0.0,102.3,1.0,13.47,30.15,25.88,28.54,3.0,2.0,28.89,19.0,874.4,0.0,48.7,2.37,43.5,821.7,-9999.0,-9999.0,-9999.0,-9999.0,-9999.0,-9999.0,-9999.0,0.0,0,1,"time.struct_time(tm_year=2023, tm_mon=7, tm_mday=1, tm_hour=4, tm_min=38, tm_sec=0, tm_wday=5, tm_yday=182, tm_isdst=-1)",2023-07-01,2023,7,182,1,38
2023-07-01 04:40:30,40.761745,-111.910706,1283.3,0.0,102.3,1.0,13.47,30.17,25.68,29.03,3.0,2.0,28.89,19.0,874.5,0.0,39.3,2.35,43.5,821.8,-9999.0,-9999.0,-9999.0,-9999.0,-9999.0,-9999.0,-9999.0,0.0,0,1,"time.struct_time(tm_year=2023, tm_mon=7, tm_mday=1, tm_hour=4, tm_min=40, tm_sec=30, tm_wday=5, tm_yday=182, tm_isdst=-1)",2023-07-01,2023,7,182,1,40
2023-07-01 04:43:00,40.761749,-111.910706,1283.6,0.0,102.3,1.0,13.47,30.2,25.68,29.04,3.0,2.0,28.89,19.0,874.6,0.0,52.8,2.37,43.5,821.6,-9999.0,-9999.0,-9999.0,-9999.0,-9999.0,-9999.0,-9999.0,0.0,0,1,"time.struct_time(tm_year=2023, tm_mon=7, tm_mday=1, tm_hour=4, tm_min=43, tm_sec=0, tm_wday=5, tm_yday=182, tm_isdst=-1)",2023-07-01,2023,7,182,1,43
2023-07-01 04:45:30,40.761749,-111.910698,1283.5,0.0,102.3,1.0,13.47,30.22,25.65,29.35,3.0,2.0,28.89,19.0,874.6,0.0,45.1,2.32,43.5,821.9,-9999.0,-9999.0,-9999.0,-9999.0,-9999.0,-9999.0,-9999.0,0.0,0,1,"time.struct_time(tm_year=2023, tm_mon=7, tm_mday=1, tm_hour=4, tm_min=45, tm_sec=30, tm_wday=5, tm_yday=182, tm_isdst=-1)",2023-07-01,2023,7,182,1,45
2023-07-01 04:48:00,40.761749,-111.91069,1283.5,0.0,102.3,1.0,13.47,30.22,25.58,29.29,3.0,2.0,28.89,19.0,874.8,0.0,44.4,2.35,43.5,821.7,-9999.0,-9999.0,-9999.0,-9999.0,-9999.0,-9999.0,-9999.0,0.0,0,1,"time.struct_time(tm_year=2023, tm_mon=7, tm_mday=1, tm_hour=4, tm_min=48, tm_sec=0, tm_wday=5, tm_yday=182, tm_isdst=-1)",2023-07-01,2023,7,182,1,48
2023-07-01 04:50:30,40.761745,-111.91069,1283.5,0.0,102.3,1.0,13.47,30.22,25.38,29.47,3.0,2.0,28.89,19.0,874.7,0.0,45.9,2.36,43.5,822.0,-9999.0,-9999.0,-9999.0,-9999.0,-9999.0,-9999.0,-9999.0,0.0,0,1,"time.struct_time(tm_year=2023, tm_mon=7, tm_mday=1, tm_hour=4, tm_min=50, tm_sec=30, tm_wday=5, tm_yday=182, tm_isdst=-1)",2023-07-01,2023,7,182,1,50
2023-07-01 04:53:00,40.761734,-111.910683,1282.7,0.0,102.3,1.0,13.47,30.22,25.34,30.94,3.0,2.0,28.89,20.0,874.8,0.0,36.8,2.36,43.5,821.8,-9999.0,-9999.0,-9999.0,-9999.0,-9999.0,-9999.0,-9999.0,0.0,0,1,"time.struct_time(tm_year=2023, tm_mon=7, tm_mday=1, tm_hour=4, tm_min=53, tm_sec=0, tm_wday=5, tm_yday=182, tm_isdst=-1)",2023-07-01,2023,7,182,1,53
2023-07-01 04:55:30,40.761726,-111.91069,1282.8,0.0,102.3,1.0,13.47,30.21,25.2,31.58,3.0,2.0,28.89,20.0,874.7,0.0,38.8,2.35,43.5,821.9,-9999.0,-9999.0,-9999.0,-9999.0,-9999.0,-9999.0,-9999.0,0.0,0,1,"time.struct_time(tm_year=2023, tm_mon=7, tm_mday=1, tm_hour=4, tm_min=55, tm_sec=30, tm_wday=5, tm_yday=182, tm_isdst=-1)",2023-07-01,2023,7,182,1,55
2023-07-01 04:58:00,40.761726,-111.910683,1282.5,0.0,102.3,1.0,13.47,30.2,25.05,32.0,3.0,2.0,28.78,20.0,874.6,0.0,35.1,2.35,43.5,821.8,-9999.0,-9999.0,-9999.0,-9999.0,-9999.0,-9999.0,-9999.0,0.0,0,1,"time.struct_time(tm_year=2023, tm_mon=7, tm_mday=1, tm_hour=4, tm_min=58, tm_sec=0, tm_wday=5, tm_yday=182, tm_isdst=-1)",2023-07-01,2023,7,182,1,58
2023-07-01 05:00:30,40.761726,-111.910683,1282.3,0.0,102.3,1.0,13.47,30.2,25.01,31.88,2.0,2.0,28.78,20.0,874.9,0.0,36.0,2.34,43.5,822.0,-9999.0,-9999.0,-9999.0,-9999.0,-9999.0,-9999.0,-9999.0,0.0,0,1,"time.struct_time(tm_year=2023, tm_mon=7, tm_mday=1, tm_hour=5, tm_min=0, tm_sec=30, tm_wday=5, tm_yday=182, tm_isdst=-1)",2023-07-01,2023,7,182,1,0
2023-07-01 05:04:05,40.76173,-111.910683,1282.0,0.0,102.3,1.0,13.47,30.18,24.93,31.86,3.0,2.0,28.78,20.0,874.6,0.0,35.8,2.36,43.5,821.9,-9999.0,-9999.0,-9999.0,-9999.0,-9999.0,-9999.0,-9999.0,0.0,0,1,"time.struct_time(tm_year=2023, tm_mon=7, tm_mday=1, tm_hour=5, tm_min=4, tm_sec=5, tm_wday=5, tm_yday=182, tm_isdst=-1)",2023-07-01,2023,7,182,1,4
2023-07-01 05:06:35,40.761726,-111.910675,1281.5,0.0,102.3,1.0,13.47,30.17,24.91,32.1,4.0,2.0,28.72,20.0,874.9,0.0,31.6,2.35,43.5,821.8,-9999.0,-9999.0,-9999.0,-9999.0,-9999.0,-9999.0,-9999.0,0.0,0,1,"time.struct_time(tm_year=2023, tm_mon=7, tm_mday=1, tm_hour=5, tm_min=6, tm_sec=35, tm_wday=5, tm_yday=182, tm_isdst=-1)",2023-07-01,2023,7,182,1,6
2023-07-01 05:09:05,40.761726,-111.910675,1281.2,0.0,102.3,1.0,13.47,30.16,25.03,31.82,3.0,2.0,28.72,20.0,874.6,0.0,34.5,2.35,43.5,822.0,-9999.0,-9999.0,-9999.0,-9999.0,-9999.0,-9999.0,-9999.0,0.0,0,1,"time.struct_time(tm_year=2023, tm_mon=7, tm_mday=1, tm_hour=5, tm_min=9, tm_sec=5, tm_wday=5, tm_yday=182, tm_isdst=-1)",2023-07-01,2023,7,182,1,9
2023-07-01 05:11:35,40.761726,-111.910675,1280.9,0.0,102.3,1.0,13.47,30.16,25.28,31.04,4.0,2.0,28.72,20.0,874.8,0.0,38.9,2.33,43.5,821.8,-9999.0,-9999.0,-9999.0,-9999.0,-9999.0,-9999.0,-9999.0,0.0,0,1,"time.struct_time(tm_year=2023, tm_mon=7, tm_mday=1, tm_hour=5, tm_min=11, tm_sec=35, tm_wday=5, tm_yday=182, tm_isdst=-1)",2023-07-01,2023,7,182,1,11
2023-07-01 05:14:05,40.761719,-111.910675,1280.4,0.0,102.3,1.0,13.47,30.17,25.3,30.96,4.0,2.0,28.72,20.0,874.7,0.0,35.2,2.35,43.5,822.0,-9999.0,-9999.0,-9999.0,-9999.0,-9999.0,-9999.0,-9999.0,0.0,0,1,"time.struct_time(tm_year=2023, tm_mon=7, tm_mday=1, tm_hour=5, tm_min=14, tm_sec=5, tm_wday=5, tm_yday=182, tm_isdst=-1)",2023-07-01,2023,7,182,1,14
2023-07-01 05:16:35,40.761719,-111.910675,1280.2,0.0,102.3,1.0,13.47,30.18,25.42,29.15,3.0,2.0,28.72,19.0,874.6,0.0,45.8,2.34,43.5,821.8,-9999.0,-9999.0,-9999.0,-9999.0,-9999.0,-9999.0,-9999.0,0.0,0,1,"time.struct_time(tm_year=2023, tm_mon=7, tm_mday=1, tm_hour=5, tm_min=16, tm_sec=35, tm_wday=5, tm_yday=182, tm_isdst=-1)",2023-07-01,2023,7,182,1,16
2023-07-01 05:19:05,40.761723,-111.910675,1279.9,0.0,102.3,1.0,13.47,30.18,25.58,28.5,3.0,2.0,28.72,19.0,874.7,0.0,38.8,2.36,43.4,822.0,-9999.0,-9999.0,-9999.0,-9999.0,-9999.0,-9999.0,-9999.0,0.0,0,1,"time.struct_time(tm_year=2023, tm_mon=7, tm_mday=1, tm_hour=5, tm_min=19, tm_sec=5, tm_wday=5, tm_yday=182, tm_isdst=-1)",2023-07-01,2023,7,182,1,19
2023-07-01 05:21:35,40.761726,-111.910675,1280.4,0.0,102.3,1.0,13.47,30.18,25.68,27.96,3.0,2.0,28.72,19.0,874.5,0.0,47.3,2.37,43.4,821.8,-9999.0,-9999.0,-9999.0,-9999.0,-9999.0,-9999.0,-9999.0,0.0,0,1,"time.struct_time(tm_year=2023, tm_mon=7, tm_mday=1, tm_hour=5, tm_min=21, tm_sec=35, tm_wday=5, tm_yday=182, tm_isdst=-1)",2023-07-01,2023,7,182,1,21
2023-07-01 05:24:05,40.761726,-111.910667,1280.1,0.0,102.3,1.0,13.47,30.18,25.76,27.67,2.0,2.0,28.78,19.0,874.6,0.0,44.8,2.36,43.4,822.0,-9999.0,-9999.0,-9999.0,-9999.0,-9999.0,-9999.0,-9999.0,0.0,0,1,"time.struct_time(tm_year=2023, tm_mon=7, tm_mday=1, tm_hour=5, tm_min=24, tm_sec=5, tm_wday=5, tm_yday=182, tm_isdst=-1)",2023-07-01,2023,7,182,1,24
2023-07-01 05:26:35,40.761742,-111.91066,1279.4,0.0,102.3,1.0,13.47,30.18,25.88,27.53,2.0,2.0,28.78,19.0,874.6,0.0,44.8,2.35,43.4,821.8,-9999.0,-9999.0,-9999.0,-9999.0,-9999.0,-9999.0,-9999.0,0.0,0,1,"time.struct_time(tm_year=2023, tm_mon=7, tm_mday=1, tm_hour=5, tm_min=26, tm_sec=35, tm_wday=5, tm_yday=182, tm_isdst=-1)",2023-07-01,2023,7,182,1,26
2023-07-01 05:29:05,40.761738,-111.91066,1277.5,0.0,102.3,1.0,13.47,30.18,25.96,27.55,3.0,2.0,28.78,19.0,874.5,0.0,31.4,2.35,43.4,821.9,-9999.0,-9999.0,-9999.0,-9999.0,-9999.0,-9999.0,-9999.0,0.0,0,1,"time.struct_time(tm_year=2023, tm_mon=7, tm_mday=1, tm_hour=5, tm_min=29, tm_sec=5, tm_wday=5, tm_yday=182, tm_isdst=-1)",2023-07-01,2023,7,182,1,29
2023-07-01 05:31:35,40.761749,-111.910675,1276.8,0.0,102.3,1.0,13.47,30.17,25.9,27.63,2.0,2.0,28.72,19.0,874.7,0.0,46.3,2.34,43.4,821.8,-9999.0,-9999.0,-9999.0,-9999.0,-9999.0,-9999.0,-9999.0,0.0,0,1,"time.struct_time(tm_year=2023, tm_mon=7, tm_mday=1, tm_hour=5, tm_min=31, tm_sec=35, tm_wday=5, tm_yday=182, tm_isdst=-1)",2023-07-01,2023,7,182,1,31
2023-07-01 05:34:05,40.761753,-111.910683,1276.7,0.0,102.3,1.0,13.47,30.16,26.02,27.33,2.0,2.0,28.72,19.0,874.7,0.0,47.8,2.36,43.4,822.0,-9999.0,-9999.0,-9999.0,-9999.0,-9999.0,-9999.0,-9999.0,0.0,0,1,"time.struct_time(tm_year=2023, tm_mon=7, tm_mday=1, tm_hour=5, tm_min=34, tm_sec=5, tm_wday=5, tm_yday=182, tm_isdst=-1)",2023-07-01,2023,7,182,1,34
2023-07-01 05:36:35,40.761742,-111.910698,1276.7,0.0,102.3,1.0,13.47,30.15,26.12,27.13,2.0,2.0,28.72,19.0,874.6,0.0,43.3,2.35,43.4,821.8,-9999.0,-9999.0,-9999.0,-9999.0,-9999.0,-9999.0,-9999.0,0.0,0,1,"time.struct_time(tm_year=2023, tm_mon=7, tm_mday=1, tm_hour=5, tm_min=36, tm_sec=35, tm_wday=5, tm_yday=182, tm_isdst=-1)",2023-07-01,2023,7,182,1,36
2023-07-01 05:39:05,40.761734,-111.910706,1277.8,0.0,102.3,1.0,13.47,30.14,25.92,27.83,3.0,2.0,28.61,19.0,874.5,0.0,36.0,2.35,43.4,822.0,-9999.0,-9999.0,-9999.0,-9999.0,-9999.0,-9999.0,-9999.0,0.0,0,1,"time.struct_time(tm_year=2023, tm_mon=7, tm_mday=1, tm_hour=5, tm_min=39, tm_sec=5, tm_wday=5, tm_yday=182, tm_isdst=-1)",2023-07-01,2023,7,182,1,39
2023-07-01 05:41:35,40.761723,-111.910706,1278.7,0.0,102.3,1.0,13.47,30.13,25.94,27.84,3.0,2.0,28.61,19.0,874.8,0.0,34.9,2.34,43.4,821.8,-9999.0,-9999.0,-9999.0,-9999.0,-9999.0,-9999.0,-9999.0,0.0,0,1,"time.struct_time(tm_year=2023, tm_mon=7, tm_mday=1, tm_hour=5, tm_min=41, tm_sec=35, tm_wday=5, tm_yday=182, tm_isdst=-1)",2023-07-01,2023,7,182,1,41
2023-07-01 05:44:05,40.761719,-111.910698,1278.2,0.0,102.3,1.0,13.47,30.14,25.98,27.9,4.0,2.0,28.61,19.0,874.6,0.0,35.8,2.35,43.4,822.0,-9999.0,-9999.0,-9999.0,-9999.0,-9999.0,-9999.0,-9999.0,0.0,0,1,"time.struct_time(tm_year=2023, tm_mon=7, tm_mday=1, tm_hour=5, tm_min=44, tm_sec=5, tm_wday=5, tm_yday=182, tm_isdst=-1)",2023-07-01,2023,7,182,1,44
2023-07-01 05:46:35,40.761726,-111.91069,1277.1,0.0,102.3,1.0,13.47,30.15,25.94,28.88,4.0,2.0,28.61,19.0,874.7,0.0,29.4,2.35,43.4,821.8,-9999.0,-9999.0,-9999.0,-9999.0,-9999.0,-9999.0,-9999.0,0.0,0,1,"time.struct_time(tm_year=2023, tm_mon=7, tm_mday=1, tm_hour=5, tm_min=46, tm_sec=35, tm_wday=5, tm_yday=182, tm_isdst=-1)",2023-07-01,2023,7,182,1,46
2023-07-01 05:49:05,40.761738,-111.910675,1275.9,0.0,102.3,1.0,13.47,30.16,25.92,28.92,3.0,2.0,28.72,20.0,874.7,0.0,24.4,2.35,43.4,821.9,-9999.0,-9999.0,-9999.0,-9999.0,-9999.0,-9999.0,-9999.0,0.0,0,1,"time.struct_time(tm_year=2023, tm_mon=7, tm_mday=1, tm_hour=5, tm_min=49, tm_sec=5, tm_wday=5, tm_yday=182, tm_isdst=-1)",2023-07-01,2023,7,182,1,49
2023-07-01 05:51:35,40.761753,-111.910675,1275.0,0.0,102.3,1.0,13.47,30.16,25.96,28.78,4.0,2.0,28.72,20.0,874.5,0.0,29.3,2.37,43.4,821.8,-9999.0,-9999.0,-9999.0,-9999.0,-9999.0,-9999.0,-9999.0,0.0,0,1,"time.struct_time(tm_year=2023, tm_mon=7, tm_mday=1, tm_hour=5, tm_min=51, tm_sec=35, tm_wday=5, tm_yday=182, tm_isdst=-1)",2023-07-01,2023,7,182,1,51
2023-07-01 05:54:05,40.761757,-111.910675,1273.8,0.0,102.3,1.0,13.47,30.16,25.98,28.8,3.0,2.0,28.72,20.0,874.8,0.0,24.4,2.35,43.4,822.0,-9999.0,-9999.0,-9999.0,-9999.0,-9999.0,-9999.0,-9999.0,0.0,0,1,"time.struct_time(tm_year=2023, tm_mon=7, tm_mday=1, tm_hour=5, tm_min=54, tm_sec=5, tm_wday=5, tm_yday=182, tm_isdst=-1)",2023-07-01,2023,7,182,1,54
2023-07-01 05:56:35,40.761761,-111.910667,1273.4,0.0,102.3,1.0,13.47,30.16,25.8,29.15,4.0,2.0,28.72,20.0,874.8,0.0,31.8,2.35,43.4,821.8,-9999.0,-9999.0,-9999.0,-9999.0,-9999.0,-9999.0,-9999.0,0.0,0,1,"time.struct_time(tm_year=2023, tm_mon=7, tm_mday=1, tm_hour=5, tm_min=56, tm_sec=35, tm_wday=5, tm_yday=182, tm_isdst=-1)",2023-07-01,2023,7,182,1,56
2023-07-01 05:59:05,40.761761,-111.910675,1273.6,0.0,102.3,1.0,13.47,30.16,25.78,29.04,3.0,2.0,28.72,19.0,874.8,0.0,25.3,2.35,43.4,822.0,-9999.0,-9999.0,-9999.0,-9999.0,-9999.0,-9999.0,-9999.0,0.0,0,1,"time.struct_time(tm_year=2023, tm_mon=7, tm_mday=1, tm_hour=5, tm_min=59, tm_sec=5, tm_wday=5, tm_yday=182, tm_isdst=-1)",2023-07-01,2023,7,182,1,59
2023-07-01 06:01:35,40.761753,-111.910667,1274.1,0.0,102.3,1.0,13.47,30.15,25.76,28.64,3.0,2.0,28.72,19.0,874.7,0.0,29.7,2.35,43.4,821.9,-9999.0,-9999.0,-9999.0,-9999.0,-9999.0,-9999.0,-9999.0,0.0,0,1,"time.struct_time(tm_year=2023, tm_mon=7, tm_mday=1, tm_hour=6, tm_min=1, tm_sec=35, tm_wday=5, tm_yday=182, tm_isdst=-1)",2023-07-01,2023,7,182,1,1
2023-07-01 06:05:10,40.761761,-111.91066,1274.5,0.0,102.3,1.0,13.47,30.15,25.52,28.18,3.0,2.0,28.61,19.0,874.7,0.0,39.5,2.35,43.4,822.1,-9999.0,-9999.0,-9999.0,-9999.0,-9999.0,-9999.0,-9999.0,0.0,0,1,"time.struct_time(tm_year=2023, tm_mon=7, tm_mday=1, tm_hour=6, tm_min=5, tm_sec=10, tm_wday=5, tm_yday=182, tm_isdst=-1)",2023-07-01,2023,7,182,1,5
2023-07-01 06:07:40,40.761757,-111.910652,1274.9,0.0,102.3,1.0,13.47,30.13,25.46,27.9,3.0,2.0,28.61,19.0,874.9,0.0,41.3,2.36,43.4,821.9,-9999.0,-9999.0,-9999.0,-9999.0,-9999.0,-9999.0,-9999.0,0.0,0,1,"time.struct_time(tm_year=2023, tm_mon=7, tm_mday=1, tm_hour=6, tm_min=7, tm_sec=40, tm_wday=5, tm_yday=182, tm_isdst=-1)",2023-07-01,2023,7,182,1,7
2023-07-01 06:10:10,40.761757,-111.910645,1275.2,0.0,102.3,1.0,13.47,30.13,25.5,27.64,3.0,2.0,28.61,19.0,874.7,0.0,43.2,2.34,43.4,822.0,-9999.0,-9999.0,-9999.0,-9999.0,-9999.0,-9999.0,-9999.0,0.0,0,1,"time.struct_time(tm_year=2023, tm_mon=7, tm_mday=1, tm_hour=6, tm_min=10, tm_sec=10, tm_wday=5, tm_yday=182, tm_isdst=-1)",2023-07-01,2023,7,182,1,10
2023-07-01 06:12:40,40.761757,-111.910645,1275.5,0.0,102.3,1.0,13.47,30.13,25.54,27.56,3.0,2.0,28.61,19.0,874.8,0.0,38.8,2.36,43.4,821.9,-9999.0,-9999.0,-9999.0,-9999.0,-9999.0,-9999.0,-9999.0,0.0,0,1,"time.struct_time(tm_year=2023, tm_mon=7, tm_mday=1, tm_hour=6, tm_min=12, tm_sec=40, tm_wday=5, tm_yday=182, tm_isdst=-1)",2023-07-01,2023,7,182,1,12
2023-07-01 06:15:10,40.761757,-111.910637,1275.4,0.0,102.3,1.0,13.47,30.12,25.52,27.7,3.0,2.0,28.5,19.0,874.7,0.0,40.3,2.35,43.4,822.0,-9999.0,-9999.0,-9999.0,-9999.0,-9999.0,-9999.0,-9999.0,0.0,0,1,"time.struct_time(tm_year=2023, tm_mon=7, tm_mday=1, tm_hour=6, tm_min=15, tm_sec=10, tm_wday=5, tm_yday=182, tm_isdst=-1)",2023-07-01,2023,7,182,1,15
2023-07-01 06:17:40,40.761757,-111.910629,1275.2,0.0,102.3,1.0,13.47,30.12,25.5,27.5,3.0,2.0,28.5,19.0,874.7,0.0,43.7,2.35,43.4,821.9,-9999.0,-9999.0,-9999.0,-9999.0,-9999.0,-9999.0,-9999.0,0.0,0,1,"time.struct_time(tm_year=2023, tm_mon=7, tm_mday=1, tm_hour=6, tm_min=17, tm_sec=40, tm_wday=5, tm_yday=182, tm_isdst=-1)",2023-07-01,2023,7,182,1,17
2023-07-01 06:20:10,40.761757,-111.910629,1274.7,0.0,102.3,1.0,13.47,30.11,25.56,27.41,3.0,2.0,28.5,18.0,874.7,0.0,40.6,2.36,43.3,822.1,-9999.0,-9999.0,-9999.0,-9999.0,-9999.0,-9999.0,-9999.0,0.0,0,1,"time.struct_time(tm_year=2023, tm_mon=7, tm_mday=1, tm_hour=6, tm_min=20, tm_sec=10, tm_wday=5, tm_yday=182, tm_isdst=-1)",2023-07-01,2023,7,182,1,20
2023-07-01 06:22:40,40.761753,-111.910629,1274.4,0.0,102.3,1.0,13.47,30.09,25.62,27.56,3.0,2.0,28.39,19.0,874.8,0.0,35.0,2.36,43.3,821.9,-9999.0,-9999.0,-9999.0,-9999.0,-9999.0,-9999.0,-9999.0,0.0,0,1,"time.struct_time(tm_year=2023, tm_mon=7, tm_mday=1, tm_hour=6, tm_min=22, tm_sec=40, tm_wday=5, tm_yday=182, tm_isdst=-1)",2023-07-01,2023,7,182,1,22
2023-07-01 06:25:10,40.761753,-111.910622,1274.6,0.0,102.3,1.0,13.47,30.08,25.62,29.0,4.0,2.0,28.39,19.0,874.8,0.0,27.3,2.35,43.3,822.0,-9999.0,-9999.0,-9999.0,-9999.0,-9999.0,-9999.0,-9999.0,0.0,0,1,"time.struct_time(tm_year=2023, tm_mon=7, tm_mday=1, tm_hour=6, tm_min=25, tm_sec=10, tm_wday=5, tm_yday=182, tm_isdst=-1)",2023-07-01,2023,7,182,1,25
2023-07-01 06:27:40,40.761753,-111.910614,1275.0,0.0,102.3,1.0,13.46,30.07,25.62,29.43,4.0,2.0,28.39,20.0,874.7,0.0,29.0,2.35,43.3,821.8,-9999.0,-9999.0,-9999.0,-9999.0,-9999.0,-9999.0,-9999.0,0.0,0,1,"time.struct_time(tm_year=2023, tm_mon=7, tm_mday=1, tm_hour=6, tm_min=27, tm_sec=40, tm_wday=5, tm_yday=182, tm_isdst=-1)",2023-07-01,2023,7,182,1,27
2023-07-01 06:30:10,40.761757,-111.910606,1275.1,0.0,102.3,1.0,13.47,30.06,25.68,28.44,3.0,2.0,28.39,19.0,874.7,0.0,31.3,2.36,43.3,822.0,-9999.0,-9999.0,-9999.0,-9999.0,-9999.0,-9999.0,-9999.0,0.0,0,1,"time.struct_time(tm_year=2023, tm_mon=7, tm_mday=1, tm_hour=6, tm_min=30, tm_sec=10, tm_wday=5, tm_yday=182, tm_isdst=-1)",2023-07-01,2023,7,182,1,30
2023-07-01 06:32:40,40.761753,-111.910599,1275.1,0.0,102.3,1.0,13.47,30.04,25.74,27.74,4.0,2.0,28.28,19.0,874.7,0.0,34.7,2.36,43.3,821.9,-9999.0,-9999.0,-9999.0,-9999.0,-9999.0,-9999.0,-9999.0,0.0,0,1,"time.struct_time(tm_year=2023, tm_mon=7, tm_mday=1, tm_hour=6, tm_min=32, tm_sec=40, tm_wday=5, tm_yday=182, tm_isdst=-1)",2023-07-01,2023,7,182,1,32
2023-07-01 06:35:10,40.761757,-111.910591,1275.4,0.0,102.3,1.0,13.47,30.02,25.76,27.63,3.0,2.0,28.22,19.0,874.7,0.0,31.1,2.35,43.3,822.1,-9999.0,-9999.0,-9999.0,-9999.0,-9999.0,-9999.0,-9999.0,0.0,0,1,"time.struct_time(tm_year=2023, tm_mon=7, tm_mday=1, tm_hour=6, tm_min=35, tm_sec=10, tm_wday=5, tm_yday=182, tm_isdst=-1)",2023-07-01,2023,7,182,1,35
2023-07-01 06:37:40,40.761761,-111.910583,1275.5,0.0,102.3,1.0,13.46,30.0,25.64,28.26,4.0,2.0,28.22,19.0,874.6,0.0,25.9,2.36,43.3,821.9,-9999.0,-9999.0,-9999.0,-9999.0,-9999.0,-9999.0,-9999.0,0.0,0,1,"time.struct_time(tm_year=2023, tm_mon=7, tm_mday=1, tm_hour=6, tm_min=37, tm_sec=40, tm_wday=5, tm_yday=182, tm_isdst=-1)",2023-07-01,2023,7,182,1,37
2023-07-01 06:40:10,40.761768,-111.910576,1275.5,0.0,102.3,1.0,13.47,29.98,25.58,29.4,4.0,2.0,28.22,19.0,874.8,0.0,25.0,2.35,43.3,822.1,-9999.0,-9999.0,-9999.0,-9999.0,-9999.0,-9999.0,-9999.0,0.0,0,1,"time.struct_time(tm_year=2023, tm_mon=7, tm_mday=1, tm_hour=6, tm_min=40, tm_sec=10, tm_wday=5, tm_yday=182, tm_isdst=-1)",2023-07-01,2023,7,182,1,40
2023-07-01 06:42:40,40.761776,-111.910576,1275.4,0.0,102.3,1.0,13.47,29.95,25.54,29.77,5.0,2.0,28.11,20.0,874.6,0.0,26.2,2.35,43.3,821.9,-9999.0,-9999.0,-9999.0,-9999.0,-9999.0,-9999.0,-9999.0,0.0,0,1,"time.struct_time(tm_year=2023, tm_mon=7, tm_mday=1, tm_hour=6, tm_min=42, tm_sec=40, tm_wday=5, tm_yday=182, tm_isdst=-1)",2023-07-01,2023,7,182,1,42
2023-07-01 06:45:10,40.761784,-111.910583,1275.0,0.0,102.3,1.0,13.47,29.93,25.5,29.91,4.0,2.0,28.11,20.0,874.6,0.0,27.1,2.36,43.3,822.1,-9999.0,-9999.0,-9999.0,-9999.0,-9999.0,-9999.0,-9999.0,0.0,0,1,"time.struct_time(tm_year=2023, tm_mon=7, tm_mday=1, tm_hour=6, tm_min=45, tm_sec=10, tm_wday=5, tm_yday=182, tm_isdst=-1)",2023-07-01,2023,7,182,1,45
2023-07-01 06:47:40,40.761784,-111.910591,1275.2,0.0,102.3,1.0,13.47,29.91,25.41,29.79,3.0,2.0,28.11,20.0,874.7,0.0,29.4,2.36,43.2,821.9,-9999.0,-9999.0,-9999.0,-9999.0,-9999.0,-9999.0,-9999.0,0.0,0,1,"time.struct_time(tm_year=2023, tm_mon=7, tm_mday=1, tm_hour=6, tm_min=47, tm_sec=40, tm_wday=5, tm_yday=182, tm_isdst=-1)",2023-07-01,2023,7,182,1,47
2023-07-01 06:50:10,40.761787,-111.910599,1275.2,0.0,102.3,1.0,13.47,29.89,25.42,29.74,3.0,2.0,28.0,20.0,875.0,0.0,35.2,2.35,43.2,822.1,-9999.0,-9999.0,-9999.0,-9999.0,-9999.0,-9999.0,-9999.0,0.0,0,1,"time.struct_time(tm_year=2023, tm_mon=7, tm_mday=1, tm_hour=6, tm_min=50, tm_sec=10, tm_wday=5, tm_yday=182, tm_isdst=-1)",2023-07-01,2023,7,182,1,50
2023-07-01 06:52:40,40.761787,-111.910606,1275.3,0.0,102.3,1.0,13.47,29.87,25.32,29.67,3.0,2.0,28.0,20.0,875.0,0.0,29.9,2.35,43.2,822.0,-9999.0,-9999.0,-9999.0,-9999.0,-9999.0,-9999.0,-9999.0,0.0,0,1,"time.struct_time(tm_year=2023, tm_mon=7, tm_mday=1, tm_hour=6, tm_min=52, tm_sec=40, tm_wday=5, tm_yday=182, tm_isdst=-1)",2023-07-01,2023,7,182,1,52
2023-07-01 06:55:10,40.761791,-111.910614,1275.9,0.0,102.3,1.0,13.47,29.84,25.28,29.77,3.0,2.0,27.89,20.0,874.8,0.0,33.5,2.35,43.2,822.2,-9999.0,-9999.0,-9999.0,-9999.0,-9999.0,-9999.0,-9999.0,0.0,0,1,"time.struct_time(tm_year=2023, tm_mon=7, tm_mday=1, tm_hour=6, tm_min=55, tm_sec=10, tm_wday=5, tm_yday=182, tm_isdst=-1)",2023-07-01,2023,7,182,1,55
2023-07-01 06:57:40,40.761791,-111.910622,1275.1,0.0,102.3,1.0,13.47,29.83,25.3,29.47,3.0,2.0,27.89,20.0,874.7,0.0,36.8,2.34,43.2,821.9,-9999.0,-9999.0,-9999.0,-9999.0,-9999.0,-9999.0,-9999.0,0.0,0,1,"time.struct_time(tm_year=2023, tm_mon=7, tm_mday=1, tm_hour=6, tm_min=57, tm_sec=40, tm_wday=5, tm_yday=182, tm_isdst=-1)",2023-07-01,2023,7,182,1,57
2023-07-01 07:00:10,40.761787,-111.910622,1275.7,0.0,102.3,1.0,13.47,29.81,25.34,29.37,4.0,2.0,27.89,20.0,874.9,0.0,18.4,2.34,43.2,822.1,-9999.0,-9999.0,-9999.0,-9999.0,-9999.0,-9999.0,-9999.0,0.0,0,1,"time.struct_time(tm_year=2023, tm_mon=7, tm_mday=1, tm_hour=7, tm_min=0, tm_sec=10, tm_wday=5, tm_yday=182, tm_isdst=-1)",2023-07-01,2023,7,182,1,0
2023-07-01 07:02:40,40.761795,-111.910614,1275.7,0.0,102.3,1.0,13.46,29.79,25.36,29.17,4.0,2.0,27.89,20.0,874.9,0.0,30.3,2.35,43.1,821.9,-9999.0,-9999.0,-9999.0,-9999.0,-9999.0,-9999.0,-9999.0,0.0,0,1,"time.struct_time(tm_year=2023, tm_mon=7, tm_mday=1, tm_hour=7, tm_min=2, tm_sec=40, tm_wday=5, tm_yday=182, tm_isdst=-1)",2023-07-01,2023,7,182,1,2
2023-07-01 07:06:20,40.761806,-111.910622,1276.0,0.0,102.3,1.0,13.47,29.74,25.36,29.38,4.0,2.0,27.78,20.0,874.7,0.0,36.6,2.37,43.1,821.9,-9999.0,-9999.0,-9999.0,-9999.0,-9999.0,-9999.0,-9999.0,0.0,0,1,"time.struct_time(tm_year=2023, tm_mon=7, tm_mday=1, tm_hour=7, tm_min=6, tm_sec=20, tm_wday=5, tm_yday=182, tm_isdst=-1)",2023-07-01,2023,7,182,1,6
2023-07-01 12:36:55,40.761829,-111.910721,1258.8,0.0,0.0,1.0,13.65,22.14,20.97,37.92,5.0,2.0,21.22,31.0,875.8,0.0,24.0,2.24,24.3,823.6,-9999.0,-9999.0,-9999.0,-9999.0,-9999.0,-9999.0,-9999.0,0.0,0,1,"time.struct_time(tm_year=2023, tm_mon=7, tm_mday=1, tm_hour=12, tm_min=36, tm_sec=55, tm_wday=5, tm_yday=182, tm_isdst=-1)",2023-07-01,2023,7,182,1,36
2023-07-01 12:39:25,40.761742,-111.910843,1283.6,0.0,0.0,1.0,13.65,22.12,20.97,37.86,4.0,2.0,21.22,32.0,875.8,0.0,26.8,2.24,25.6,823.4,-9999.0,-9999.0,-9999.0,-9999.0,-9999.0,-9999.0,-9999.0,0.0,0,1,"time.struct_time(tm_year=2023, tm_mon=7, tm_mday=1, tm_hour=12, tm_min=39, tm_sec=25, tm_wday=5, tm_yday=182, tm_isdst=-1)",2023-07-01,2023,7,182,1,39
2023-07-01 12:41:55,40.76178,-111.910789,1293.6,0.0,0.0,1.0,13.65,22.12,21.06,37.44,4.0,2.0,21.22,32.0,875.6,0.0,35.5,2.25,26.8,823.4,-9999.0,-9999.0,-9999.0,-9999.0,-9999.0,-9999.0,-9999.0,0.0,0,1,"time.struct_time(tm_year=2023, tm_mon=7, tm_mday=1, tm_hour=12, tm_min=41, tm_sec=55, tm_wday=5, tm_yday=182, tm_isdst=-1)",2023-07-01,2023,7,182,1,41
2023-07-01 12:44:25,40.761765,-111.910736,1278.4,0.0,0.0,1.0,13.65,22.15,21.12,37.4,5.0,2.0,21.22,32.0,875.9,0.0,11.2,2.26,27.8,823.3,-9999.0,-9999.0,-9999.0,-9999.0,-9999.0,-9999.0,-9999.0,0.0,0,1,"time.struct_time(tm_year=2023, tm_mon=7, tm_mday=1, tm_hour=12, tm_min=44, tm_sec=25, tm_wday=5, tm_yday=182, tm_isdst=-1)",2023-07-01,2023,7,182,1,44
2023-07-01 12:46:55,40.761902,-111.910553,1268.8,0.0,0.0,1.0,13.65,22.2,21.18,37.16,3.0,2.0,21.28,32.0,875.6,0.0,29.5,2.26,28.6,823.4,-9999.0,-9999.0,-9999.0,-9999.0,-9999.0,-9999.0,-9999.0,0.0,0,1,"time.struct_time(tm_year=2023, tm_mon=7, tm_mday=1, tm_hour=12, tm_min=46, tm_sec=55, tm_wday=5, tm_yday=182, tm_isdst=-1)",2023-07-01,2023,7,182,1,46
2023-07-01 12:49:25,40.762844,-111.911942,1296.6,9.16,268.4,1.0,14.08,22.27,21.14,37.74,3.0,2.0,21.39,32.0,875.7,0.0,36.4,2.25,29.3,823.2,-9999.0,-9999.0,-9999.0,-9999.0,-9999.0,-9999.0,-9999.0,0.0,0,1,"time.struct_time(tm_year=2023, tm_mon=7, tm_mday=1, tm_hour=12, tm_min=49, tm_sec=25, tm_wday=5, tm_yday=182, tm_isdst=-1)",2023-07-01,2023,7,182,1,49
2023-07-01 12:51:55,40.760609,-111.905746,1294.5,0.0,89.5,1.0,13.52,22.35,20.66,39.49,5.0,2.0,21.39,32.0,875.6,0.0,34.1,2.27,30.0,823.5,-9999.0,-9999.0,-9999.0,-9999.0,-9999.0,-9999.0,-9999.0,0.0,0,1,"time.struct_time(tm_year=2023, tm_mon=7, tm_mday=1, tm_hour=12, tm_min=51, tm_sec=55, tm_wday=5, tm_yday=182, tm_isdst=-1)",2023-07-01,2023,7,182,1,51
2023-07-01 12:54:25,40.765041,-111.907959,1299.5,1.8,263.2,1.0,13.55,22.41,20.15,40.56,3.0,2.0,21.28,31.0,875.8,0.0,36.5,2.27,30.6,823.3,-9999.0,-9999.0,-9999.0,-9999.0,-9999.0,-9999.0,-9999.0,0.0,0,1,"time.struct_time(tm_year=2023, tm_mon=7, tm_mday=1, tm_hour=12, tm_min=54, tm_sec=25, tm_wday=5, tm_yday=182, tm_isdst=-1)",2023-07-01,2023,7,182,1,54
2023-07-01 12:56:55,40.764023,-111.909676,1297.1,0.0,172.5,1.0,13.61,22.46,20.0,40.73,3.0,2.0,21.22,31.0,875.7,0.0,34.8,2.27,31.1,823.5,-9999.0,-9999.0,-9999.0,-9999.0,-9999.0,-9999.0,-9999.0,0.0,0,1,"time.struct_time(tm_year=2023, tm_mon=7, tm_mday=1, tm_hour=12, tm_min=56, tm_sec=55, tm_wday=5, tm_yday=182, tm_isdst=-1)",2023-07-01,2023,7,182,1,56
2023-07-01 12:59:25,40.763767,-111.909065,1294.5,4.37,10.7,1.0,13.59,22.5,19.91,41.47,3.0,2.0,21.11,31.0,875.8,0.0,32.5,2.28,31.6,823.2,-9999.0,-9999.0,-9999.0,-9999.0,-9999.0,-9999.0,-9999.0,0.0,0,1,"time.struct_time(tm_year=2023, tm_mon=7, tm_mday=1, tm_hour=12, tm_min=59, tm_sec=25, tm_wday=5, tm_yday=182, tm_isdst=-1)",2023-07-01,2023,7,182,1,59
2023-07-01 13:01:55,40.765049,-111.902863,1302.4,0.0,88.4,1.0,13.58,22.53,19.85,41.06,4.0,2.0,21.0,31.0,875.2,0.0,31.7,2.29,32.0,823.0,-9999.0,-9999.0,-9999.0,-9999.0,-9999.0,-9999.0,-9999.0,0.0,0,1,"time.struct_time(tm_year=2023, tm_mon=7, tm_mday=1, tm_hour=13, tm_min=1, tm_sec=55, tm_wday=5, tm_yday=182, tm_isdst=-1)",2023-07-01,2023,7,182,1,1
2023-07-01 13:04:25,40.769245,-111.900063,1308.8,0.0,84.4,1.0,13.5,22.54,19.91,40.28,4.0,2.0,21.0,31.0,874.5,0.0,33.9,2.27,32.4,822.0,-9999.0,-9999.0,-9999.0,-9999.0,-9999.0,-9999.0,-9999.0,0.0,0,1,"time.struct_time(tm_year=2023, tm_mon=7, tm_mday=1, tm_hour=13, tm_min=4, tm_sec=25, tm_wday=5, tm_yday=182, tm_isdst=-1)",2023-07-01,2023,7,182,1,4
2023-07-01 13:06:55,40.767792,-111.888206,1328.2,9.05,178.1,1.0,13.58,22.55,19.95,41.2,4.0,2.0,21.0,31.0,873.1,0.0,24.3,2.27,32.7,820.6,-9999.0,-9999.0,-9999.0,-9999.0,-9999.0,-9999.0,-9999.0,0.0,0,0,"time.struct_time(tm_year=2023, tm_mon=7, tm_mday=1, tm_hour=13, tm_min=6, tm_sec=55, tm_wday=5, tm_yday=182, tm_isdst=-1)",2023-07-01,2023,7,182,1,6
2023-07-01 13:09:25,40.767105,-111.878036,1330.6,10.7,89.9,1.0,13.48,22.56,19.63,44.29,4.0,2.0,21.0,31.0,872.4,0.0,26.9,2.29,33.0,820.0,-9999.0,-9999.0,-9999.0,-9999.0,-9999.0,-9999.0,-9999.0,0.0,0,0,"time.struct_time(tm_year=2023, tm_mon=7, tm_mday=1, tm_hour=13, tm_min=9, tm_sec=25, tm_wday=5, tm_yday=182, tm_isdst=-1)",2023-07-01,2023,7,182,1,9
2023-07-01 13:11:55,40.767132,-111.865669,1353.3,4.42,88.6,1.0,13.48,22.57,19.16,47.8,4.0,2.0,20.89,33.0,870.3,0.0,27.1,2.29,33.3,817.8,-9999.0,-9999.0,-9999.0,-9999.0,-9999.0,-9999.0,-9999.0,0.0,0,0,"time.struct_time(tm_year=2023, tm_mon=7, tm_mday=1, tm_hour=13, tm_min=11, tm_sec=55, tm_wday=5, tm_yday=182, tm_isdst=-1)",2023-07-01,2023,7,182,1,11
2023-07-01 13:14:25,40.764965,-111.858978,1366.5,9.21,89.0,1.0,13.51,22.58,18.74,50.75,3.0,2.0,20.78,33.0,868.5,0.0,22.6,2.29,33.6,816.2,-9999.0,-9999.0,-9999.0,-9999.0,-9999.0,-9999.0,-9999.0,0.0,0,0,"time.struct_time(tm_year=2023, tm_mon=7, tm_mday=1, tm_hour=13, tm_min=14, tm_sec=25, tm_wday=5, tm_yday=182, tm_isdst=-1)",2023-07-01,2023,7,182,1,14
2023-07-01 13:16:55,40.766983,-111.849197,1431.8,9.57,90.1,1.0,13.54,22.56,18.58,43.29,8.0,2.0,20.72,30.0,862.0,0.0,30.9,2.32,33.8,810.2,-9999.0,-9999.0,-9999.0,-9999.0,-9999.0,-9999.0,-9999.0,0.0,0,0,"time.struct_time(tm_year=2023, tm_mon=7, tm_mday=1, tm_hour=13, tm_min=16, tm_sec=55, tm_wday=5, tm_yday=182, tm_isdst=-1)",2023-07-01,2023,7,182,1,16
2023-07-01 13:19:25,40.77293,-111.840996,1494.1,0.0,86.8,1.0,13.61,22.54,18.82,40.69,6.0,2.0,20.72,29.0,855.6,0.0,27.8,2.34,34.0,803.7,-9999.0,-9999.0,-9999.0,-9999.0,-9999.0,-9999.0,-9999.0,0.0,0,0,"time.struct_time(tm_year=2023, tm_mon=7, tm_mday=1, tm_hour=13, tm_min=19, tm_sec=25, tm_wday=5, tm_yday=182, tm_isdst=-1)",2023-07-01,2023,7,182,1,19
2023-07-01 13:21:55,40.765987,-111.836884,1475.0,3.45,193.0,1.0,13.6,22.52,19.21,41.17,4.0,2.0,20.78,29.0,857.2,0.0,36.3,2.34,34.2,805.1,-9999.0,-9999.0,-9999.0,-9999.0,-9999.0,-9999.0,-9999.0,0.0,0,0,"time.struct_time(tm_year=2023, tm_mon=7, tm_mday=1, tm_hour=13, tm_min=21, tm_sec=55, tm_wday=5, tm_yday=182, tm_isdst=-1)",2023-07-01,2023,7,182,1,21
2023-07-01 13:24:25,40.769115,-111.844742,1459.2,4.84,314.6,1.0,13.58,22.51,19.55,41.41,9.0,2.0,20.89,30.0,859.0,0.0,33.1,2.34,34.4,807.0,-9999.0,-9999.0,-9999.0,-9999.0,-9999.0,-9999.0,-9999.0,0.0,0,0,"time.struct_time(tm_year=2023, tm_mon=7, tm_mday=1, tm_hour=13, tm_min=24, tm_sec=25, tm_wday=5, tm_yday=182, tm_isdst=-1)",2023-07-01,2023,7,182,1,24
2023-07-01 13:26:55,40.766602,-111.852425,1405.2,10.91,179.8,1.0,13.45,22.52,19.75,41.53,8.0,2.0,20.89,30.0,864.2,0.0,31.5,2.32,34.5,812.3,-9999.0,-9999.0,-9999.0,-9999.0,-9999.0,-9999.0,-9999.0,0.0,0,0,"time.struct_time(tm_year=2023, tm_mon=7, tm_mday=1, tm_hour=13, tm_min=26, tm_sec=55, tm_wday=5, tm_yday=182, tm_isdst=-1)",2023-07-01,2023,7,182,1,26
2023-07-01 13:29:25,40.765053,-111.865181,1341.6,3.86,289.0,1.0,13.52,22.54,19.59,47.98,4.0,2.0,20.89,32.0,870.6,0.0,27.1,2.31,34.7,818.0,-9999.0,-9999.0,-9999.0,-9999.0,-9999.0,-9999.0,-9999.0,0.0,0,0,"time.struct_time(tm_year=2023, tm_mon=7, tm_mday=1, tm_hour=13, tm_min=29, tm_sec=25, tm_wday=5, tm_yday=182, tm_isdst=-1)",2023-07-01,2023,7,182,1,29
2023-07-01 13:31:55,40.767239,-111.870644,1336.2,0.0,274.0,1.0,13.28,22.55,19.5,49.64,10.0,2.0,20.78,33.0,871.3,0.0,29.4,2.3,34.8,818.9,-9999.0,-9999.0,-9999.0,-9999.0,-9999.0,-9999.0,-9999.0,0.0,0,0,"time.struct_time(tm_year=2023, tm_mon=7, tm_mday=1, tm_hour=13, tm_min=31, tm_sec=55, tm_wday=5, tm_yday=182, tm_isdst=-1)",2023-07-01,2023,7,182,1,31
2023-07-01 13:34:25,40.767204,-111.884956,1308.5,0.0,269.2,1.0,13.28,22.56,19.35,44.97,5.0,2.0,20.78,31.0,874.0,0.0,32.9,2.28,34.9,821.2,-9999.0,-9999.0,-9999.0,-9999.0,-9999.0,-9999.0,-9999.0,0.0,0,0,"time.struct_time(tm_year=2023, tm_mon=7, tm_mday=1, tm_hour=13, tm_min=34, tm_sec=25, tm_wday=5, tm_yday=182, tm_isdst=-1)",2023-07-01,2023,7,182,1,34
2023-07-01 13:38:00,40.769112,-111.89399,1312.7,0.0,358.7,1.0,13.67,22.55,19.83,40.58,5.0,2.0,20.89,30.0,873.5,0.0,34.3,2.29,35.1,821.1,-9999.0,-9999.0,-9999.0,-9999.0,-9999.0,-9999.0,-9999.0,0.0,0,0,"time.struct_time(tm_year=2023, tm_mon=7, tm_mday=1, tm_hour=13, tm_min=38, tm_sec=0, tm_wday=5, tm_yday=182, tm_isdst=-1)",2023-07-01,2023,7,182,1,38
2023-07-01 13:40:30,40.769421,-111.901726,1295.4,6.58,264.8,1.0,13.67,22.57,20.26,39.57,3.0,2.0,21.0,30.0,874.9,0.0,33.9,2.3,35.1,822.5,-9999.0,-9999.0,-9999.0,-9999.0,-9999.0,-9999.0,-9999.0,0.0,0,1,"time.struct_time(tm_year=2023, tm_mon=7, tm_mday=1, tm_hour=13, tm_min=40, tm_sec=30, tm_wday=5, tm_yday=182, tm_isdst=-1)",2023-07-01,2023,7,182,1,40
2023-07-01 13:43:00,40.76469,-111.908325,1284.7,7.72,180.6,1.0,13.68,22.61,20.59,39.1,4.0,2.0,21.11,30.0,876.0,0.0,35.9,2.29,35.2,823.2,-9999.0,-9999.0,-9999.0,-9999.0,-9999.0,-9999.0,-9999.0,0.0,0,1,"time.struct_time(tm_year=2023, tm_mon=7, tm_mday=1, tm_hour=13, tm_min=43, tm_sec=0, tm_wday=5, tm_yday=182, tm_isdst=-1)",2023-07-01,2023,7,182,1,43
2023-07-01 13:45:30,40.76355,-111.909462,1287.1,0.0,165.4,1.0,13.68,22.66,20.96,38.12,4.0,2.0,21.28,30.0,876.2,0.0,31.7,2.29,35.3,823.5,-9999.0,-9999.0,-9999.0,-9999.0,-9999.0,-9999.0,-9999.0,0.0,0,1,"time.struct_time(tm_year=2023, tm_mon=7, tm_mday=1, tm_hour=13, tm_min=45, tm_sec=30, tm_wday=5, tm_yday=182, tm_isdst=-1)",2023-07-01,2023,7,182,1,45
2023-07-01 13:48:00,40.76355,-111.909462,1287.1,0.0,165.4,1.0,13.64,22.75,21.76,36.11,4.0,2.0,21.5,30.0,876.2,0.0,35.5,2.3,35.4,823.4,-9999.0,-9999.0,-9999.0,-9999.0,-9999.0,-9999.0,-9999.0,0.0,0,1,"time.struct_time(tm_year=2023, tm_mon=7, tm_mday=1, tm_hour=13, tm_min=48, tm_sec=0, tm_wday=5, tm_yday=182, tm_isdst=-1)",2023-07-01,2023,7,182,1,48
2023-07-01 13:50:30,40.76355,-111.90947,1286.4,0.0,165.4,1.0,13.64,22.87,22.69,34.13,4.0,2.0,21.78,30.0,876.1,0.0,37.4,2.28,35.5,823.6,-9999.0,-9999.0,-9999.0,-9999.0,-9999.0,-9999.0,-9999.0,0.0,0,1,"time.struct_time(tm_year=2023, tm_mon=7, tm_mday=1, tm_hour=13, tm_min=50, tm_sec=30, tm_wday=5, tm_yday=182, tm_isdst=-1)",2023-07-01,2023,7,182,1,50
2023-07-01 13:53:00,40.76355,-111.909477,1285.6,0.0,165.4,1.0,13.64,23.02,22.97,33.57,4.0,2.0,22.11,30.0,876.1,0.0,31.9,2.28,35.6,823.4,-9999.0,-9999.0,-9999.0,-9999.0,-9999.0,-9999.0,-9999.0,0.0,0,1,"time.struct_time(tm_year=2023, tm_mon=7, tm_mday=1, tm_hour=13, tm_min=53, tm_sec=0, tm_wday=5, tm_yday=182, tm_isdst=-1)",2023-07-01,2023,7,182,1,53
2023-07-01 13:55:30,40.76355,-111.909485,1284.9,0.0,165.4,1.0,13.64,23.19,23.77,31.56,3.0,2.0,22.39,29.0,876.0,0.0,36.7,2.29,35.7,823.7,-9999.0,-9999.0,-9999.0,-9999.0,-9999.0,-9999.0,-9999.0,0.0,0,1,"time.struct_time(tm_year=2023, tm_mon=7, tm_mday=1, tm_hour=13, tm_min=55, tm_sec=30, tm_wday=5, tm_yday=182, tm_isdst=-1)",2023-07-01,2023,7,182,1,55
2023-07-01 13:58:00,40.763554,-111.909485,1284.1,0.0,165.4,1.0,13.64,23.37,24.18,30.71,4.0,2.0,22.61,29.0,876.2,0.0,38.5,2.28,35.8,823.5,-9999.0,-9999.0,-9999.0,-9999.0,-9999.0,-9999.0,-9999.0,0.0,0,1,"time.struct_time(tm_year=2023, tm_mon=7, tm_mday=1, tm_hour=13, tm_min=58, tm_sec=0, tm_wday=5, tm_yday=182, tm_isdst=-1)",2023-07-01,2023,7,182,1,58
2023-07-01 14:00:30,40.765007,-111.906258,1291.3,9.62,88.8,1.0,13.64,23.56,23.94,32.77,4.0,2.0,22.89,29.0,875.8,0.0,32.6,2.31,35.9,823.2,-9999.0,-9999.0,-9999.0,-9999.0,-9999.0,-9999.0,-9999.0,0.0,0,1,"time.struct_time(tm_year=2023, tm_mon=7, tm_mday=1, tm_hour=14, tm_min=0, tm_sec=30, tm_wday=5, tm_yday=182, tm_isdst=-1)",2023-07-01,2023,7,182,1,0
2023-07-01 14:03:00,40.76889,-111.902534,1301.9,0.0,357.9,1.0,13.64,23.74,23.47,33.98,39.0,2.0,23.0,30.0,875.2,0.0,34.0,2.31,36.0,822.5,-9999.0,-9999.0,-9999.0,-9999.0,-9999.0,-9999.0,-9999.0,0.0,0,1,"time.struct_time(tm_year=2023, tm_mon=7, tm_mday=1, tm_hour=14, tm_min=3, tm_sec=0, tm_wday=5, tm_yday=182, tm_isdst=-1)",2023-07-01,2023,7,182,1,3
2023-07-01 14:05:30,40.769264,-111.900085,1310.1,0.0,89.2,1.0,13.64,23.9,23.14,34.25,3.0,2.0,23.22,29.0,874.9,0.0,37.2,2.28,36.1,822.3,-9999.0,-9999.0,-9999.0,-9999.0,-9999.0,-9999.0,-9999.0,0.0,0,0,"time.struct_time(tm_year=2023, tm_mon=7, tm_mday=1, tm_hour=14, tm_min=5, tm_sec=30, tm_wday=5, tm_yday=182, tm_isdst=-1)",2023-07-01,2023,7,182,1,5
2023-07-01 14:08:00,40.767662,-111.888054,1353.6,9.26,166.4,1.0,13.64,24.05,22.75,35.06,4.0,2.0,23.22,29.0,873.5,0.0,35.6,2.29,36.3,820.8,-9999.0,-9999.0,-9999.0,-9999.0,-9999.0,-9999.0,-9999.0,0.0,0,0,"time.struct_time(tm_year=2023, tm_mon=7, tm_mday=1, tm_hour=14, tm_min=8, tm_sec=0, tm_wday=5, tm_yday=182, tm_isdst=-1)",2023-07-01,2023,7,182,1,8
2023-07-01 14:10:30,40.767124,-111.878609,1335.8,12.09,90.1,1.0,13.64,24.18,22.51,37.07,4.0,2.0,23.28,30.0,872.9,0.0,38.3,2.31,36.4,820.3,-9999.0,-9999.0,-9999.0,-9999.0,-9999.0,-9999.0,-9999.0,0.0,0,0,"time.struct_time(tm_year=2023, tm_mon=7, tm_mday=1, tm_hour=14, tm_min=10, tm_sec=30, tm_wday=5, tm_yday=182, tm_isdst=-1)",2023-07-01,2023,7,182,1,10
2023-07-01 14:13:00,40.767143,-111.865585,1356.6,4.37,88.9,1.0,13.58,24.29,21.95,37.84,4.0,2.0,23.28,30.0,870.3,0.0,40.4,2.3,36.5,817.8,-9999.0,-9999.0,-9999.0,-9999.0,-9999.0,-9999.0,-9999.0,0.0,0,0,"time.struct_time(tm_year=2023, tm_mon=7, tm_mday=1, tm_hour=14, tm_min=13, tm_sec=0, tm_wday=5, tm_yday=182, tm_isdst=-1)",2023-07-01,2023,7,182,1,13
2023-07-01 14:15:30,40.764977,-111.859261,1366.5,10.08,90.2,1.0,13.57,24.39,21.69,38.25,3.0,2.0,23.22,30.0,868.9,0.0,43.1,2.31,36.6,816.5,-9999.0,-9999.0,-9999.0,-9999.0,-9999.0,-9999.0,-9999.0,0.0,0,0,"time.struct_time(tm_year=2023, tm_mon=7, tm_mday=1, tm_hour=14, tm_min=15, tm_sec=30, tm_wday=5, tm_yday=182, tm_isdst=-1)",2023-07-01,2023,7,182,1,15
2023-07-01 14:18:00,40.766998,-111.849548,1421.4,9.41,90.2,1.0,13.56,24.48,21.48,40.36,4.0,2.0,23.22,30.0,862.7,0.0,39.0,2.33,36.7,810.3,-9999.0,-9999.0,-9999.0,-9999.0,-9999.0,-9999.0,-9999.0,0.0,0,0,"time.struct_time(tm_year=2023, tm_mon=7, tm_mday=1, tm_hour=14, tm_min=18, tm_sec=0, tm_wday=5, tm_yday=182, tm_isdst=-1)",2023-07-01,2023,7,182,1,18
2023-07-01 14:20:30,40.772076,-111.840698,1488.9,11.21,173.0,1.0,13.58,24.54,21.32,34.62,3.0,2.0,23.22,28.0,855.7,0.0,49.8,2.36,36.8,804.0,-9999.0,-9999.0,-9999.0,-9999.0,-9999.0,-9999.0,-9999.0,0.0,0,0,"time.struct_time(tm_year=2023, tm_mon=7, tm_mday=1, tm_hour=14, tm_min=20, tm_sec=30, tm_wday=5, tm_yday=182, tm_isdst=-1)",2023-07-01,2023,7,182,1,20
2023-07-01 14:23:00,40.766949,-111.838295,1465.6,9.05,322.6,1.0,13.58,24.57,21.63,33.65,5.0,2.0,23.22,27.0,857.8,0.0,47.6,2.37,36.9,805.7,-9999.0,-9999.0,-9999.0,-9999.0,-9999.0,-9999.0,-9999.0,0.0,0,0,"time.struct_time(tm_year=2023, tm_mon=7, tm_mday=1, tm_hour=14, tm_min=23, tm_sec=0, tm_wday=5, tm_yday=182, tm_isdst=-1)",2023-07-01,2023,7,182,1,23
2023-07-01 14:25:30,40.770203,-111.847931,1443.7,14.25,187.6,1.0,13.57,24.62,22.19,38.33,7.0,2.0,23.28,29.0,860.5,0.0,41.0,2.35,37.0,808.5,-9999.0,-9999.0,-9999.0,-9999.0,-9999.0,-9999.0,-9999.0,0.0,0,0,"time.struct_time(tm_year=2023, tm_mon=7, tm_mday=1, tm_hour=14, tm_min=25, tm_sec=30, tm_wday=5, tm_yday=182, tm_isdst=-1)",2023-07-01,2023,7,182,1,25
2023-07-01 14:28:00,40.764889,-111.85762,1372.2,12.19,270.9,1.0,13.55,24.68,22.19,38.28,3.0,2.0,23.28,29.0,867.5,0.0,41.4,2.33,37.1,815.1,-9999.0,-9999.0,-9999.0,-9999.0,-9999.0,-9999.0,-9999.0,0.0,0,0,"time.struct_time(tm_year=2023, tm_mon=7, tm_mday=1, tm_hour=14, tm_min=28, tm_sec=0, tm_wday=5, tm_yday=182, tm_isdst=-1)",2023-07-01,2023,7,182,1,28
2023-07-01 14:30:30,40.767197,-111.868484,1338.8,6.79,272.9,1.0,13.55,24.74,22.19,37.77,4.0,2.0,23.28,29.0,871.1,0.0,40.9,2.31,37.2,818.8,-9999.0,-9999.0,-9999.0,-9999.0,-9999.0,-9999.0,-9999.0,0.0,0,0,"time.struct_time(tm_year=2023, tm_mon=7, tm_mday=1, tm_hour=14, tm_min=30, tm_sec=30, tm_wday=5, tm_yday=182, tm_isdst=-1)",2023-07-01,2023,7,182,1,30
2023-07-01 14:33:00,40.767155,-111.87529,1324.3,10.39,271.3,1.0,13.52,24.79,22.63,35.83,4.0,2.0,23.28,29.0,872.5,0.0,44.3,2.31,37.3,819.8,-9999.0,-9999.0,-9999.0,-9999.0,-9999.0,-9999.0,-9999.0,0.0,0,0,"time.struct_time(tm_year=2023, tm_mon=7, tm_mday=1, tm_hour=14, tm_min=33, tm_sec=0, tm_wday=5, tm_yday=182, tm_isdst=-1)",2023-07-01,2023,7,182,1,33
2023-07-01 14:35:30,40.767117,-111.88932,1309.6,8.08,270.5,1.0,13.51,24.84,22.95,34.44,4.0,2.0,23.39,28.0,873.7,0.0,40.2,2.32,37.4,821.2,-9999.0,-9999.0,-9999.0,-9999.0,-9999.0,-9999.0,-9999.0,0.0,0,0,"time.struct_time(tm_year=2023, tm_mon=7, tm_mday=1, tm_hour=14, tm_min=35, tm_sec=30, tm_wday=5, tm_yday=182, tm_isdst=-1)",2023-07-01,2023,7,182,1,35
2023-07-01 14:39:05,40.769337,-111.896988,1312.7,9.57,269.1,1.0,13.6,24.93,23.38,33.2,5.0,2.0,23.61,28.0,874.1,0.0,38.1,2.31,37.5,821.7,-9999.0,-9999.0,-9999.0,-9999.0,-9999.0,-9999.0,-9999.0,0.0,0,1,"time.struct_time(tm_year=2023, tm_mon=7, tm_mday=1, tm_hour=14, tm_min=39, tm_sec=5, tm_wday=5, tm_yday=182, tm_isdst=-1)",2023-07-01,2023,7,182,1,39
2023-07-01 14:41:35,40.769154,-111.902596,1301.5,8.28,201.3,1.0,13.6,25.01,23.86,32.34,3.0,2.0,23.72,27.0,875.1,0.0,42.0,2.33,37.6,822.8,-9999.0,-9999.0,-9999.0,-9999.0,-9999.0,-9999.0,-9999.0,0.0,0,1,"time.struct_time(tm_year=2023, tm_mon=7, tm_mday=1, tm_hour=14, tm_min=41, tm_sec=35, tm_wday=5, tm_yday=182, tm_isdst=-1)",2023-07-01,2023,7,182,1,41
2023-07-01 14:44:05,40.764652,-111.908318,1278.7,8.9,178.4,1.0,13.6,25.1,24.17,32.6,5.0,2.0,23.89,28.0,876.1,0.0,39.3,2.31,37.7,823.5,-9999.0,-9999.0,-9999.0,-9999.0,-9999.0,-9999.0,-9999.0,0.0,0,1,"time.struct_time(tm_year=2023, tm_mon=7, tm_mday=1, tm_hour=14, tm_min=44, tm_sec=5, tm_wday=5, tm_yday=182, tm_isdst=-1)",2023-07-01,2023,7,182,1,44
2023-07-01 14:46:35,40.763897,-111.909645,1286.7,0.0,172.1,1.0,13.6,25.21,24.83,30.13,6.0,2.0,24.22,27.0,876.5,0.0,35.6,2.29,37.7,823.8,-9999.0,-9999.0,-9999.0,-9999.0,-9999.0,-9999.0,-9999.0,0.0,0,1,"time.struct_time(tm_year=2023, tm_mon=7, tm_mday=1, tm_hour=14, tm_min=46, tm_sec=35, tm_wday=5, tm_yday=182, tm_isdst=-1)",2023-07-01,2023,7,182,1,46
2023-07-01 14:49:05,40.763897,-111.909645,1286.7,0.0,172.1,1.0,13.6,25.35,25.13,29.2,3.0,2.0,24.5,27.0,876.2,0.0,38.4,2.31,37.8,823.6,-9999.0,-9999.0,-9999.0,-9999.0,-9999.0,-9999.0,-9999.0,0.0,0,1,"time.struct_time(tm_year=2023, tm_mon=7, tm_mday=1, tm_hour=14, tm_min=49, tm_sec=5, tm_wday=5, tm_yday=182, tm_isdst=-1)",2023-07-01,2023,7,182,1,49
2023-07-01 14:51:35,40.763546,-111.909515,1279.9,0.0,175.2,1.0,13.6,25.53,25.15,28.94,4.0,2.0,24.78,26.0,876.5,0.0,33.6,2.3,37.9,823.8,-9999.0,-9999.0,-9999.0,-9999.0,-9999.0,-9999.0,-9999.0,0.0,0,1,"time.struct_time(tm_year=2023, tm_mon=7, tm_mday=1, tm_hour=14, tm_min=51, tm_sec=35, tm_wday=5, tm_yday=182, tm_isdst=-1)",2023-07-01,2023,7,182,1,51
2023-07-01 14:54:05,40.763546,-111.909515,1279.2,0.0,175.2,1.0,13.6,25.74,26.04,27.03,3.0,2.0,25.11,26.0,876.3,0.0,37.9,2.32,38.0,823.7,-9999.0,-9999.0,-9999.0,-9999.0,-9999.0,-9999.0,-9999.0,0.0,0,1,"time.struct_time(tm_year=2023, tm_mon=7, tm_mday=1, tm_hour=14, tm_min=54, tm_sec=5, tm_wday=5, tm_yday=182, tm_isdst=-1)",2023-07-01,2023,7,182,1,54
2023-07-01 14:56:35,40.763546,-111.909523,1278.7,0.0,175.2,1.0,13.57,25.96,26.46,26.52,3.0,2.0,25.28,26.0,876.5,0.0,37.5,2.31,38.1,823.8,-9999.0,-9999.0,-9999.0,-9999.0,-9999.0,-9999.0,-9999.0,0.0,0,1,"time.struct_time(tm_year=2023, tm_mon=7, tm_mday=1, tm_hour=14, tm_min=56, tm_sec=35, tm_wday=5, tm_yday=182, tm_isdst=-1)",2023-07-01,2023,7,182,1,56
2023-07-01 14:59:05,40.763809,-111.909027,1283.5,5.35,13.6,1.0,13.57,26.2,26.46,27.37,4.0,2.0,25.72,26.0,876.4,0.0,35.6,2.31,38.2,823.6,-9999.0,-9999.0,-9999.0,-9999.0,-9999.0,-9999.0,-9999.0,0.0,0,1,"time.struct_time(tm_year=2023, tm_mon=7, tm_mday=1, tm_hour=14, tm_min=59, tm_sec=5, tm_wday=5, tm_yday=182, tm_isdst=-1)",2023-07-01,2023,7,182,1,59
2023-07-01 15:01:35,40.765354,-111.902443,1302.5,9.77,357.0,1.0,13.57,26.44,26.55,28.7,4.0,2.0,25.89,27.0,876.0,0.0,40.7,2.31,38.4,823.3,-9999.0,-9999.0,-9999.0,-9999.0,-9999.0,-9999.0,-9999.0,0.0,0,1,"time.struct_time(tm_year=2023, tm_mon=7, tm_mday=1, tm_hour=15, tm_min=1, tm_sec=35, tm_wday=5, tm_yday=182, tm_isdst=-1)",2023-07-01,2023,7,182,1,1
2023-07-01 15:04:05,40.769272,-111.897018,1315.6,5.4,86.6,1.0,13.57,26.66,25.8,31.29,4.0,2.0,26.11,27.0,874.4,0.0,40.0,2.32,38.5,821.8,-9999.0,-9999.0,-9999.0,-9999.0,-9999.0,-9999.0,-9999.0,0.0,0,0,"time.struct_time(tm_year=2023, tm_mon=7, tm_mday=1, tm_hour=15, tm_min=4, tm_sec=5, tm_wday=5, tm_yday=182, tm_isdst=-1)",2023-07-01,2023,7,182,1,4
2023-07-01 15:06:35,40.769302,-111.88855,1336.4,0.77,89.5,1.0,13.56,26.85,25.05,30.98,3.0,2.0,26.11,27.0,873.0,0.0,38.5,2.3,38.6,820.5,-9999.0,-9999.0,-9999.0,-9999.0,-9999.0,-9999.0,-9999.0,0.0,0,0,"time.struct_time(tm_year=2023, tm_mon=7, tm_mday=1, tm_hour=15, tm_min=6, tm_sec=35, tm_wday=5, tm_yday=182, tm_isdst=-1)",2023-07-01,2023,7,182,1,6
2023-07-01 15:09:05,40.76712,-111.882835,1319.5,0.0,90.1,1.0,13.57,27.02,24.89,31.84,3.0,2.0,26.22,26.0,874.0,0.0,40.1,2.33,38.8,821.4,-9999.0,-9999.0,-9999.0,-9999.0,-9999.0,-9999.0,-9999.0,0.0,0,0,"time.struct_time(tm_year=2023, tm_mon=7, tm_mday=1, tm_hour=15, tm_min=9, tm_sec=5, tm_wday=5, tm_yday=182, tm_isdst=-1)",2023-07-01,2023,7,182,1,9
2023-07-01 15:11:35,40.767124,-111.871704,1344.4,4.58,88.2,1.0,13.57,27.16,24.53,33.84,6.0,2.0,26.22,27.0,871.9,0.0,41.2,2.31,38.9,819.4,-9999.0,-9999.0,-9999.0,-9999.0,-9999.0,-9999.0,-9999.0,0.0,0,0,"time.struct_time(tm_year=2023, tm_mon=7, tm_mday=1, tm_hour=15, tm_min=11, tm_sec=35, tm_wday=5, tm_yday=182, tm_isdst=-1)",2023-07-01,2023,7,182,1,11
2023-07-01 15:14:05,40.765259,-111.865288,1346.6,0.0,177.1,1.0,13.57,27.26,24.33,32.88,6.0,2.0,26.22,26.0,871.1,0.0,41.1,2.33,39.0,818.5,-9999.0,-9999.0,-9999.0,-9999.0,-9999.0,-9999.0,-9999.0,0.0,0,0,"time.struct_time(tm_year=2023, tm_mon=7, tm_mday=1, tm_hour=15, tm_min=14, tm_sec=5, tm_wday=5, tm_yday=182, tm_isdst=-1)",2023-07-01,2023,7,182,1,14
2023-07-01 15:16:35,40.764977,-111.853798,1406.6,8.59,89.8,1.0,13.56,27.36,24.37,31.73,3.0,2.0,26.22,26.0,865.3,0.0,47.6,2.34,39.1,813.4,-9999.0,-9999.0,-9999.0,-9999.0,-9999.0,-9999.0,-9999.0,0.0,0,0,"time.struct_time(tm_year=2023, tm_mon=7, tm_mday=1, tm_hour=15, tm_min=16, tm_sec=35, tm_wday=5, tm_yday=182, tm_isdst=-1)",2023-07-01,2023,7,182,1,16
2023-07-01 15:19:05,40.770947,-111.845284,1468.0,14.35,90.5,1.0,13.56,27.43,24.19,34.58,3.0,2.0,26.22,26.0,859.4,0.0,44.3,2.36,39.3,807.3,-9999.0,-9999.0,-9999.0,-9999.0,-9999.0,-9999.0,-9999.0,0.0,0,0,"time.struct_time(tm_year=2023, tm_mon=7, tm_mday=1, tm_hour=15, tm_min=19, tm_sec=5, tm_wday=5, tm_yday=182, tm_isdst=-1)",2023-07-01,2023,7,182,1,19
2023-07-01 15:21:35,40.767647,-111.836281,1488.3,10.8,166.9,1.0,13.56,27.48,24.08,32.64,3.0,2.0,26.22,25.0,856.5,0.0,49.1,2.37,39.4,804.6,-9999.0,-9999.0,-9999.0,-9999.0,-9999.0,-9999.0,-9999.0,0.0,0,0,"time.struct_time(tm_year=2023, tm_mon=7, tm_mday=1, tm_hour=15, tm_min=21, tm_sec=35, tm_wday=5, tm_yday=182, tm_isdst=-1)",2023-07-01,2023,7,182,1,21
2023-07-01 15:24:05,40.769459,-111.844856,1461.9,10.85,359.3,1.0,13.56,27.53,24.49,33.19,4.0,2.0,26.22,26.0,859.5,0.0,43.6,2.38,39.5,807.3,-9999.0,-9999.0,-9999.0,-9999.0,-9999.0,-9999.0,-9999.0,0.0,0,0,"time.struct_time(tm_year=2023, tm_mon=7, tm_mday=1, tm_hour=15, tm_min=24, tm_sec=5, tm_wday=5, tm_yday=182, tm_isdst=-1)",2023-07-01,2023,7,182,1,24
2023-07-01 15:26:35,40.765732,-111.852379,1407.0,0.0,185.5,1.0,13.56,27.58,24.57,31.86,6.0,2.0,26.22,25.0,864.6,0.0,47.4,2.35,39.6,812.5,-9999.0,-9999.0,-9999.0,-9999.0,-9999.0,-9999.0,-9999.0,0.0,0,0,"time.struct_time(tm_year=2023, tm_mon=7, tm_mday=1, tm_hour=15, tm_min=26, tm_sec=35, tm_wday=5, tm_yday=182, tm_isdst=-1)",2023-07-01,2023,7,182,1,26
2023-07-01 15:29:05,40.765057,-111.862144,1351.6,2.57,275.2,1.0,13.56,27.64,25.07,31.54,3.0,2.0,26.28,25.0,870.4,0.0,48.4,2.34,39.7,817.6,-9999.0,-9999.0,-9999.0,-9999.0,-9999.0,-9999.0,-9999.0,0.0,0,0,"time.struct_time(tm_year=2023, tm_mon=7, tm_mday=1, tm_hour=15, tm_min=29, tm_sec=5, tm_wday=5, tm_yday=182, tm_isdst=-1)",2023-07-01,2023,7,182,1,29
2023-07-01 15:31:35,40.766911,-111.865349,1358.3,0.0,358.2,1.0,13.56,27.72,25.21,31.41,5.0,2.0,26.39,25.0,870.6,0.0,44.8,2.33,39.8,818.2,-9999.0,-9999.0,-9999.0,-9999.0,-9999.0,-9999.0,-9999.0,0.0,0,0,"time.struct_time(tm_year=2023, tm_mon=7, tm_mday=1, tm_hour=15, tm_min=31, tm_sec=35, tm_wday=5, tm_yday=182, tm_isdst=-1)",2023-07-01,2023,7,182,1,31
2023-07-01 15:34:05,40.767208,-111.874741,1331.4,11.83,269.7,1.0,13.56,27.79,25.54,30.61,3.0,2.0,26.5,25.0,872.2,0.0,42.9,2.33,39.9,819.6,-9999.0,-9999.0,-9999.0,-9999.0,-9999.0,-9999.0,-9999.0,0.0,0,0,"time.struct_time(tm_year=2023, tm_mon=7, tm_mday=1, tm_hour=15, tm_min=34, tm_sec=5, tm_wday=5, tm_yday=182, tm_isdst=-1)",2023-07-01,2023,7,182,1,34
2023-07-01 15:36:35,40.767246,-111.886902,1314.0,10.7,269.3,1.0,13.56,27.86,26.04,30.07,4.0,2.0,26.61,25.0,873.8,0.0,48.0,2.32,40.0,821.5,-9999.0,-9999.0,-9999.0,-9999.0,-9999.0,-9999.0,-9999.0,0.0,0,0,"time.struct_time(tm_year=2023, tm_mon=7, tm_mday=1, tm_hour=15, tm_min=36, tm_sec=35, tm_wday=5, tm_yday=182, tm_isdst=-1)",2023-07-01,2023,7,182,1,36
2023-07-01 15:40:10,40.769409,-111.896454,1315.2,12.86,271.1,1.0,13.53,27.99,26.4,29.83,7.0,2.0,26.89,25.0,874.1,0.0,42.3,2.33,40.1,821.5,-9999.0,-9999.0,-9999.0,-9999.0,-9999.0,-9999.0,-9999.0,0.0,0,0,"time.struct_time(tm_year=2023, tm_mon=7, tm_mday=1, tm_hour=15, tm_min=40, tm_sec=10, tm_wday=5, tm_yday=182, tm_isdst=-1)",2023-07-01,2023,7,182,1,40
2023-07-01 15:42:40,40.76939,-111.902344,1302.7,5.86,259.5,1.0,13.52,28.1,26.91,27.54,52.0,2.0,27.0,25.0,875.2,0.0,41.4,2.32,40.2,822.5,-9999.0,-9999.0,-9999.0,-9999.0,-9999.0,-9999.0,-9999.0,0.0,0,1,"time.struct_time(tm_year=2023, tm_mon=7, tm_mday=1, tm_hour=15, tm_min=42, tm_sec=40, tm_wday=5, tm_yday=182, tm_isdst=-1)",2023-07-01,2023,7,182,1,42
2023-07-01 15:45:10,40.765049,-111.90786,1289.9,0.0,270.4,1.0,13.52,28.22,27.31,25.74,5.0,2.0,27.22,23.0,876.3,0.0,46.4,2.32,40.3,823.7,-9999.0,-9999.0,-9999.0,-9999.0,-9999.0,-9999.0,-9999.0,0.0,0,1,"time.struct_time(tm_year=2023, tm_mon=7, tm_mday=1, tm_hour=15, tm_min=45, tm_sec=10, tm_wday=5, tm_yday=182, tm_isdst=-1)",2023-07-01,2023,7,182,1,45
2023-07-01 15:47:40,40.763504,-111.909416,1292.1,0.0,174.5,1.0,13.52,28.34,27.36,26.67,4.0,2.0,27.39,24.0,876.3,0.0,44.3,2.32,40.4,823.5,-9999.0,-9999.0,-9999.0,-9999.0,-9999.0,-9999.0,-9999.0,0.0,0,1,"time.struct_time(tm_year=2023, tm_mon=7, tm_mday=1, tm_hour=15, tm_min=47, tm_sec=40, tm_wday=5, tm_yday=182, tm_isdst=-1)",2023-07-01,2023,7,182,1,47
2023-07-01 15:50:10,40.763504,-111.909416,1292.1,0.0,174.5,1.0,13.53,28.5,27.86,25.95,4.0,2.0,27.72,24.0,876.4,0.0,46.4,2.33,40.5,823.6,-9999.0,-9999.0,-9999.0,-9999.0,-9999.0,-9999.0,-9999.0,0.0,0,1,"time.struct_time(tm_year=2023, tm_mon=7, tm_mday=1, tm_hour=15, tm_min=50, tm_sec=10, tm_wday=5, tm_yday=182, tm_isdst=-1)",2023-07-01,2023,7,182,1,50
2023-07-01 15:52:40,40.763504,-111.909424,1291.6,0.0,174.5,1.0,13.52,28.69,28.0,25.97,4.0,2.0,28.11,24.0,876.4,0.0,48.8,2.34,40.6,823.5,-9999.0,-9999.0,-9999.0,-9999.0,-9999.0,-9999.0,-9999.0,0.0,0,1,"time.struct_time(tm_year=2023, tm_mon=7, tm_mday=1, tm_hour=15, tm_min=52, tm_sec=40, tm_wday=5, tm_yday=182, tm_isdst=-1)",2023-07-01,2023,7,182,1,52
2023-07-01 15:55:10,40.763504,-111.909431,1291.0,0.0,174.5,1.0,13.52,28.91,27.74,26.17,3.0,2.0,28.39,23.0,876.4,0.0,48.6,2.32,40.7,823.6,-9999.0,-9999.0,-9999.0,-9999.0,-9999.0,-9999.0,-9999.0,0.0,0,1,"time.struct_time(tm_year=2023, tm_mon=7, tm_mday=1, tm_hour=15, tm_min=55, tm_sec=10, tm_wday=5, tm_yday=182, tm_isdst=-1)",2023-07-01,2023,7,182,1,55
2023-07-01 15:57:40,40.763508,-111.909431,1290.5,0.0,174.5,1.0,13.52,29.14,28.06,25.58,4.0,2.0,28.61,23.0,876.2,0.0,49.0,2.33,40.8,823.5,-9999.0,-9999.0,-9999.0,-9999.0,-9999.0,-9999.0,-9999.0,0.0,0,1,"time.struct_time(tm_year=2023, tm_mon=7, tm_mday=1, tm_hour=15, tm_min=57, tm_sec=40, tm_wday=5, tm_yday=182, tm_isdst=-1)",2023-07-01,2023,7,182,1,57
2023-07-01 16:00:10,40.764915,-111.909027,1289.8,0.0,91.0,1.0,13.52,29.38,28.36,25.54,5.0,2.0,29.0,23.0,876.2,0.0,48.6,2.34,41.0,823.6,-9999.0,-9999.0,-9999.0,-9999.0,-9999.0,-9999.0,-9999.0,0.0,0,1,"time.struct_time(tm_year=2023, tm_mon=7, tm_mday=1, tm_hour=16, tm_min=0, tm_sec=10, tm_wday=5, tm_yday=182, tm_isdst=-1)",2023-07-01,2023,7,182,1,0
2023-07-01 16:02:40,40.764957,-111.902893,1300.0,0.0,88.6,1.0,13.49,29.61,28.0,26.95,4.0,2.0,29.28,23.0,875.8,0.0,47.7,2.35,41.1,823.0,-9999.0,-9999.0,-9999.0,-9999.0,-9999.0,-9999.0,-9999.0,0.0,0,1,"time.struct_time(tm_year=2023, tm_mon=7, tm_mday=1, tm_hour=16, tm_min=2, tm_sec=40, tm_wday=5, tm_yday=182, tm_isdst=-1)",2023-07-01,2023,7,182,1,2
2023-07-01 16:05:10,40.769245,-111.900208,1310.0,3.6,89.9,1.0,13.49,29.84,27.72,26.46,3.0,2.0,29.39,23.0,874.7,0.0,47.7,2.33,41.2,822.3,-9999.0,-9999.0,-9999.0,-9999.0,-9999.0,-9999.0,-9999.0,0.0,0,0,"time.struct_time(tm_year=2023, tm_mon=7, tm_mday=1, tm_hour=16, tm_min=5, tm_sec=10, tm_wday=5, tm_yday=182, tm_isdst=-1)",2023-07-01,2023,7,182,1,5
2023-07-01 16:07:40,40.769272,-111.894119,1318.5,5.92,89.6,1.0,13.49,30.04,27.76,26.31,4.0,2.0,29.5,23.0,873.9,0.0,53.2,2.32,41.4,821.1,-9999.0,-9999.0,-9999.0,-9999.0,-9999.0,-9999.0,-9999.0,0.0,0,0,"time.struct_time(tm_year=2023, tm_mon=7, tm_mday=1, tm_hour=16, tm_min=7, tm_sec=40, tm_wday=5, tm_yday=182, tm_isdst=-1)",2023-07-01,2023,7,182,1,7
2023-07-01 16:10:10,40.769043,-111.88829,1327.8,8.44,174.0,1.0,13.49,30.21,27.35,27.07,5.0,2.0,29.5,22.0,872.5,0.0,47.1,2.34,41.5,820.1,-9999.0,-9999.0,-9999.0,-9999.0,-9999.0,-9999.0,-9999.0,0.0,0,0,"time.struct_time(tm_year=2023, tm_mon=7, tm_mday=1, tm_hour=16, tm_min=10, tm_sec=10, tm_wday=5, tm_yday=182, tm_isdst=-1)",2023-07-01,2023,7,182,1,10
2023-07-01 16:12:40,40.767143,-111.880852,1323.6,11.37,89.2,1.0,13.49,30.34,27.34,27.37,4.0,2.0,29.61,22.0,873.4,0.0,54.5,2.34,41.7,820.7,-9999.0,-9999.0,-9999.0,-9999.0,-9999.0,-9999.0,-9999.0,0.0,0,0,"time.struct_time(tm_year=2023, tm_mon=7, tm_mday=1, tm_hour=16, tm_min=12, tm_sec=40, tm_wday=5, tm_yday=182, tm_isdst=-1)",2023-07-01,2023,7,182,1,12
2023-07-01 16:15:10,40.767143,-111.865868,1351.0,1.59,91.0,1.0,13.49,30.46,27.22,28.2,4.0,2.0,29.61,23.0,870.4,0.0,52.0,2.35,41.8,818.0,-9999.0,-9999.0,-9999.0,-9999.0,-9999.0,-9999.0,-9999.0,0.0,0,0,"time.struct_time(tm_year=2023, tm_mon=7, tm_mday=1, tm_hour=16, tm_min=15, tm_sec=10, tm_wday=5, tm_yday=182, tm_isdst=-1)",2023-07-01,2023,7,182,1,15
2023-07-01 16:17:40,40.764954,-111.859985,1358.5,0.0,92.7,1.0,13.49,30.55,27.17,28.02,4.0,2.0,29.61,23.0,869.2,0.0,53.2,2.34,41.9,816.7,-9999.0,-9999.0,-9999.0,-9999.0,-9999.0,-9999.0,-9999.0,0.0,0,0,"time.struct_time(tm_year=2023, tm_mon=7, tm_mday=1, tm_hour=16, tm_min=17, tm_sec=40, tm_wday=5, tm_yday=182, tm_isdst=-1)",2023-07-01,2023,7,182,1,17
2023-07-01 16:21:15,40.770271,-111.847809,1442.2,14.04,4.4,1.0,13.49,30.65,27.15,29.39,4.0,2.0,29.61,22.0,860.9,0.0,46.6,2.36,42.1,808.6,-9999.0,-9999.0,-9999.0,-9999.0,-9999.0,-9999.0,-9999.0,0.0,0,0,"time.struct_time(tm_year=2023, tm_mon=7, tm_mday=1, tm_hour=16, tm_min=21, tm_sec=15, tm_wday=5, tm_yday=182, tm_isdst=-1)",2023-07-01,2023,7,182,1,21
2023-07-01 16:23:45,40.765949,-111.836884,1478.0,4.73,192.3,1.0,13.48,30.69,26.85,25.89,4.0,2.0,29.5,21.0,857.5,0.0,55.0,2.37,42.3,805.2,-9999.0,-9999.0,-9999.0,-9999.0,-9999.0,-9999.0,-9999.0,0.0,0,0,"time.struct_time(tm_year=2023, tm_mon=7, tm_mday=1, tm_hour=16, tm_min=23, tm_sec=45, tm_wday=5, tm_yday=182, tm_isdst=-1)",2023-07-01,2023,7,182,1,23
2023-07-01 16:26:15,40.771015,-111.845306,1462.3,10.7,271.5,1.0,13.48,30.7,26.91,28.27,4.0,2.0,29.5,22.0,859.0,0.0,53.4,2.4,42.4,806.8,-9999.0,-9999.0,-9999.0,-9999.0,-9999.0,-9999.0,-9999.0,0.0,0,0,"time.struct_time(tm_year=2023, tm_mon=7, tm_mday=1, tm_hour=16, tm_min=26, tm_sec=15, tm_wday=5, tm_yday=182, tm_isdst=-1)",2023-07-01,2023,7,182,1,26
2023-07-01 16:28:45,40.764996,-111.854874,1396.8,12.66,268.3,1.0,13.49,30.72,27.07,27.64,4.0,2.0,29.39,21.0,865.1,0.0,55.0,2.37,42.5,812.7,-9999.0,-9999.0,-9999.0,-9999.0,-9999.0,-9999.0,-9999.0,0.0,0,0,"time.struct_time(tm_year=2023, tm_mon=7, tm_mday=1, tm_hour=16, tm_min=28, tm_sec=45, tm_wday=5, tm_yday=182, tm_isdst=-1)",2023-07-01,2023,7,182,1,28
2023-07-01 16:31:15,40.765671,-111.865341,1348.0,11.68,358.8,1.0,13.48,30.75,27.51,27.12,4.0,2.0,29.39,22.0,870.6,0.0,59.7,2.34,42.6,818.1,-9999.0,-9999.0,-9999.0,-9999.0,-9999.0,-9999.0,-9999.0,0.0,0,0,"time.struct_time(tm_year=2023, tm_mon=7, tm_mday=1, tm_hour=16, tm_min=31, tm_sec=15, tm_wday=5, tm_yday=182, tm_isdst=-1)",2023-07-01,2023,7,182,1,31
2023-07-01 16:33:45,40.767227,-111.870483,1338.1,8.18,271.6,1.0,13.48,30.79,27.82,26.33,4.0,2.0,29.61,21.0,871.4,0.0,55.1,2.35,42.7,818.5,-9999.0,-9999.0,-9999.0,-9999.0,-9999.0,-9999.0,-9999.0,0.0,0,0,"time.struct_time(tm_year=2023, tm_mon=7, tm_mday=1, tm_hour=16, tm_min=33, tm_sec=45, tm_wday=5, tm_yday=182, tm_isdst=-1)",2023-07-01,2023,7,182,1,33
2023-07-01 16:36:15,40.767227,-111.876663,1325.4,6.33,267.2,1.0,13.48,30.85,28.15,25.08,4.0,2.0,29.72,21.0,872.3,0.0,55.5,2.35,42.8,820.0,-9999.0,-9999.0,-9999.0,-9999.0,-9999.0,-9999.0,-9999.0,0.0,0,0,"time.struct_time(tm_year=2023, tm_mon=7, tm_mday=1, tm_hour=16, tm_min=36, tm_sec=15, tm_wday=5, tm_yday=182, tm_isdst=-1)",2023-07-01,2023,7,182,1,36
2023-07-01 16:38:45,40.767178,-111.88504,1315.6,12.66,270.0,1.0,13.48,30.92,28.66,24.33,4.0,2.0,29.89,21.0,873.8,0.0,54.0,2.35,42.8,821.0,-9999.0,-9999.0,-9999.0,-9999.0,-9999.0,-9999.0,-9999.0,0.0,0,0,"time.struct_time(tm_year=2023, tm_mon=7, tm_mday=1, tm_hour=16, tm_min=38, tm_sec=45, tm_wday=5, tm_yday=182, tm_isdst=-1)",2023-07-01,2023,7,182,1,38
2023-07-01 16:42:20,40.767567,-111.893898,1312.1,9.72,4.9,1.0,13.48,31.05,29.47,23.63,3.0,2.0,30.22,21.0,873.5,0.0,53.7,2.35,43.0,820.9,-9999.0,-9999.0,-9999.0,-9999.0,-9999.0,-9999.0,-9999.0,0.0,0,1,"time.struct_time(tm_year=2023, tm_mon=7, tm_mday=1, tm_hour=16, tm_min=42, tm_sec=20, tm_wday=5, tm_yday=182, tm_isdst=-1)",2023-07-01,2023,7,182,1,42
2023-07-01 16:44:50,40.769386,-111.901749,1301.0,0.0,267.6,1.0,13.48,31.17,29.47,21.32,3.0,2.0,30.28,19.0,874.9,0.0,56.0,2.37,43.1,822.5,-9999.0,-9999.0,-9999.0,-9999.0,-9999.0,-9999.0,-9999.0,0.0,0,1,"time.struct_time(tm_year=2023, tm_mon=7, tm_mday=1, tm_hour=16, tm_min=44, tm_sec=50, tm_wday=5, tm_yday=182, tm_isdst=-1)",2023-07-01,2023,7,182,1,44
2023-07-01 16:47:20,40.764969,-111.908173,1290.8,6.38,243.9,1.0,13.48,31.28,29.81,21.06,4.0,2.0,30.61,19.0,875.9,0.0,56.5,2.35,43.2,823.1,-9999.0,-9999.0,-9999.0,-9999.0,-9999.0,-9999.0,-9999.0,0.0,0,1,"time.struct_time(tm_year=2023, tm_mon=7, tm_mday=1, tm_hour=16, tm_min=47, tm_sec=20, tm_wday=5, tm_yday=182, tm_isdst=-1)",2023-07-01,2023,7,182,1,47
2023-07-01 16:49:50,40.763489,-111.909439,1289.7,0.0,168.0,1.0,13.48,31.42,30.1,21.53,4.0,2.0,30.78,19.0,875.9,0.0,53.9,2.34,43.2,823.4,-9999.0,-9999.0,-9999.0,-9999.0,-9999.0,-9999.0,-9999.0,0.0,0,1,"time.struct_time(tm_year=2023, tm_mon=7, tm_mday=1, tm_hour=16, tm_min=49, tm_sec=50, tm_wday=5, tm_yday=182, tm_isdst=-1)",2023-07-01,2023,7,182,1,49
2023-07-01 16:52:20,40.763489,-111.909439,1289.7,0.0,168.0,1.0,13.45,31.58,29.83,21.47,4.0,2.0,31.0,19.0,875.9,0.0,55.5,2.34,43.3,823.2,-9999.0,-9999.0,-9999.0,-9999.0,-9999.0,-9999.0,-9999.0,0.0,0,1,"time.struct_time(tm_year=2023, tm_mon=7, tm_mday=1, tm_hour=16, tm_min=52, tm_sec=20, tm_wday=5, tm_yday=182, tm_isdst=-1)",2023-07-01,2023,7,182,1,52
2023-07-01 16:54:50,40.763489,-111.909447,1289.2,0.0,168.0,1.0,13.45,31.76,29.84,21.38,3.0,2.0,31.22,19.0,876.1,0.0,55.3,2.34,43.4,823.3,-9999.0,-9999.0,-9999.0,-9999.0,-9999.0,-9999.0,-9999.0,0.0,0,1,"time.struct_time(tm_year=2023, tm_mon=7, tm_mday=1, tm_hour=16, tm_min=54, tm_sec=50, tm_wday=5, tm_yday=182, tm_isdst=-1)",2023-07-01,2023,7,182,1,54
2023-07-01 16:57:20,40.763489,-111.909447,1288.7,0.0,168.0,1.0,13.45,31.95,29.77,21.3,3.0,2.0,31.5,18.0,875.9,0.0,56.6,2.35,43.6,823.2,-9999.0,-9999.0,-9999.0,-9999.0,-9999.0,-9999.0,-9999.0,0.0,0,1,"time.struct_time(tm_year=2023, tm_mon=7, tm_mday=1, tm_hour=16, tm_min=57, tm_sec=20, tm_wday=5, tm_yday=182, tm_isdst=-1)",2023-07-01,2023,7,182,1,57
2023-07-01 16:59:50,40.764938,-111.909454,1290.3,7.1,91.3,1.0,13.45,32.15,29.84,21.38,3.0,2.0,31.72,18.0,875.8,0.0,61.3,2.36,43.7,823.3,-9999.0,-9999.0,-9999.0,-9999.0,-9999.0,-9999.0,-9999.0,0.0,0,1,"time.struct_time(tm_year=2023, tm_mon=7, tm_mday=1, tm_hour=16, tm_min=59, tm_sec=50, tm_wday=5, tm_yday=182, tm_isdst=-1)",2023-07-01,2023,7,182,1,59
2023-07-01 17:02:20,40.766861,-111.902542,1316.3,0.0,1.3,1.0,13.44,32.34,30.12,21.2,5.0,2.0,31.89,18.0,875.2,0.0,52.3,2.37,43.8,822.4,-9999.0,-9999.0,-9999.0,-9999.0,-9999.0,-9999.0,-9999.0,0.0,0,1,"time.struct_time(tm_year=2023, tm_mon=7, tm_mday=1, tm_hour=17, tm_min=2, tm_sec=20, tm_wday=5, tm_yday=182, tm_isdst=-1)",2023-07-01,2023,7,182,1,2
2023-07-01 17:04:50,40.769283,-111.900055,1307.9,0.0,86.1,1.0,13.44,32.5,29.8,20.88,4.0,2.0,32.0,18.0,874.8,0.0,59.8,2.36,43.9,822.0,-9999.0,-9999.0,-9999.0,-9999.0,-9999.0,-9999.0,-9999.0,0.0,0,0,"time.struct_time(tm_year=2023, tm_mon=7, tm_mday=1, tm_hour=17, tm_min=4, tm_sec=50, tm_wday=5, tm_yday=182, tm_isdst=-1)",2023-07-01,2023,7,182,1,4
2023-07-01 17:07:20,40.769352,-111.892174,1314.5,6.58,76.6,1.0,13.44,32.65,29.47,21.6,4.0,2.0,32.11,18.0,873.3,0.0,63.6,2.35,44.0,820.5,-9999.0,-9999.0,-9999.0,-9999.0,-9999.0,-9999.0,-9999.0,0.0,0,0,"time.struct_time(tm_year=2023, tm_mon=7, tm_mday=1, tm_hour=17, tm_min=7, tm_sec=20, tm_wday=5, tm_yday=182, tm_isdst=-1)",2023-07-01,2023,7,182,1,7
2023-07-01 17:09:50,40.767311,-111.888191,1325.1,3.14,194.5,1.0,13.44,32.76,29.19,21.36,3.0,2.0,32.11,17.0,873.3,0.0,56.1,2.37,44.1,820.9,-9999.0,-9999.0,-9999.0,-9999.0,-9999.0,-9999.0,-9999.0,0.0,0,0,"time.struct_time(tm_year=2023, tm_mon=7, tm_mday=1, tm_hour=17, tm_min=9, tm_sec=50, tm_wday=5, tm_yday=182, tm_isdst=-1)",2023-07-01,2023,7,182,1,9
2023-07-01 17:12:20,40.767155,-111.88044,1328.2,6.94,90.2,1.0,13.44,32.86,29.5,21.58,3.0,2.0,32.22,18.0,873.3,0.0,62.3,2.36,44.2,820.5,-9999.0,-9999.0,-9999.0,-9999.0,-9999.0,-9999.0,-9999.0,0.0,0,0,"time.struct_time(tm_year=2023, tm_mon=7, tm_mday=1, tm_hour=17, tm_min=12, tm_sec=20, tm_wday=5, tm_yday=182, tm_isdst=-1)",2023-07-01,2023,7,182,1,12
2023-07-01 17:14:50,40.767159,-111.868248,1336.4,12.24,89.4,1.0,13.43,32.95,29.54,22.85,3.0,2.0,32.22,18.0,871.0,0.0,61.6,2.36,44.4,818.4,-9999.0,-9999.0,-9999.0,-9999.0,-9999.0,-9999.0,-9999.0,0.0,0,0,"time.struct_time(tm_year=2023, tm_mon=7, tm_mday=1, tm_hour=17, tm_min=14, tm_sec=50, tm_wday=5, tm_yday=182, tm_isdst=-1)",2023-07-01,2023,7,182,1,14
2023-07-01 17:17:20,40.764931,-111.861488,1341.7,11.68,89.9,1.0,13.43,33.02,29.61,22.09,3.0,2.0,32.28,18.0,869.6,0.0,58.8,2.37,44.5,817.0,-9999.0,-9999.0,-9999.0,-9999.0,-9999.0,-9999.0,-9999.0,0.0,0,0,"time.struct_time(tm_year=2023, tm_mon=7, tm_mday=1, tm_hour=17, tm_min=17, tm_sec=20, tm_wday=5, tm_yday=182, tm_isdst=-1)",2023-07-01,2023,7,182,1,17
2023-07-01 17:19:50,40.766895,-111.852303,1399.8,0.0,357.4,1.0,13.43,33.08,29.52,22.1,17.0,2.0,32.28,17.0,864.7,0.0,61.5,2.38,44.6,812.3,-9999.0,-9999.0,-9999.0,-9999.0,-9999.0,-9999.0,-9999.0,0.0,0,0,"time.struct_time(tm_year=2023, tm_mon=7, tm_mday=1, tm_hour=17, tm_min=19, tm_sec=50, tm_wday=5, tm_yday=182, tm_isdst=-1)",2023-07-01,2023,7,182,1,19
2023-07-01 17:22:20,40.772903,-111.84079,1496.0,3.7,129.7,1.0,13.41,33.14,29.39,22.06,4.0,2.0,32.28,18.0,856.0,0.0,59.5,2.4,44.7,803.8,-9999.0,-9999.0,-9999.0,-9999.0,-9999.0,-9999.0,-9999.0,0.0,0,0,"time.struct_time(tm_year=2023, tm_mon=7, tm_mday=1, tm_hour=17, tm_min=22, tm_sec=20, tm_wday=5, tm_yday=182, tm_isdst=-1)",2023-07-01,2023,7,182,1,22
2023-07-01 17:24:50,40.76894,-111.840706,1470.8,6.64,295.1,1.0,13.41,33.18,29.25,23.68,3.0,2.0,32.22,17.0,857.7,0.0,58.2,2.41,44.8,805.4,-9999.0,-9999.0,-9999.0,-9999.0,-9999.0,-9999.0,-9999.0,0.0,0,0,"time.struct_time(tm_year=2023, tm_mon=7, tm_mday=1, tm_hour=17, tm_min=24, tm_sec=50, tm_wday=5, tm_yday=182, tm_isdst=-1)",2023-07-01,2023,7,182,1,24
