Timestamp_UTC,Latitude_ddeg,Longitude_ddeg,Elevation_m,GPS_Speed_m/s,GPS_Direction_deg,GPS_RMC_Valid_binary,Battery_Voltage_volts,Bus_Box_Temperature_degC,Bus_Top_Temperature_degC,Bus_Top_Relative_Humidity_%,ES642_PM2.5_Concentration_ug/m3,ES642_Air_Flow_Rate_L/min,ES642_Internal_Air_Temperature_degC,ES642_Internal_Relative_Humidity_%,ES642_Internal_Air_Pressure_hpa,ES642_Error_Code_code,2B_Ozone_Concentration_ppbv,2B_Air_Flow_Rate_L/min,2B_Internal_Air_Temperature_degC,2B_Internal_Air_Pressure_hpa,2B405_NO_Concentration_ppbv,2B405_NO2_Concentration_ppbv,2B405_NOX_Concentration_ppbv,2B405_Internal_Air_Temperature_degC,2B405_Internal_Air_Pressure_hpa,2B405_Air_Flow_Rate_L/min,2B405_Cell_O3_Flow_Rate_mL/min,PM2.5_Data_Flagged_binary,Ozone_Data_Flagged_binary,GPS_Data_Flagged_binary,Time_Tuple,Date,Year,Month,Day_of_Year,Day_of_Month,Minute
2022-12-01 00:00:00,40.765724,-111.909752,1279.4,-9999.0,-9999.0,-9999.0,13.77,15.35,5.95,39.95,5.0,2.0,11.28,20.0,868.8,0.0,2.2,1.83,32.2,827.9,-9999.0,-9999.0,-9999.0,-9999.0,-9999.0,-9999.0,-9999.0,0.0,0,1,"time.struct_time(tm_year=2022, tm_mon=12, tm_mday=1, tm_hour=0, tm_min=0, tm_sec=0, tm_wday=3, tm_yday=335, tm_isdst=-1)",2022-12-01,2022,12,335,1,0
2022-12-01 00:02:30,40.76572,-111.909744,1279.0,-9999.0,-9999.0,-9999.0,13.77,15.27,5.5,40.59,4.0,2.0,11.22,20.0,868.9,0.0,4.7,1.84,32.1,827.8,-9999.0,-9999.0,-9999.0,-9999.0,-9999.0,-9999.0,-9999.0,0.0,0,1,"time.struct_time(tm_year=2022, tm_mon=12, tm_mday=1, tm_hour=0, tm_min=2, tm_sec=30, tm_wday=3, tm_yday=335, tm_isdst=-1)",2022-12-01,2022,12,335,1,2
2022-12-01 00:05:00,40.765717,-111.909744,1279.8,-9999.0,-9999.0,-9999.0,13.77,15.19,5.46,39.39,4.0,2.0,11.11,20.0,868.8,0.0,4.2,1.83,32.1,827.9,-9999.0,-9999.0,-9999.0,-9999.0,-9999.0,-9999.0,-9999.0,0.0,0,0,"time.struct_time(tm_year=2022, tm_mon=12, tm_mday=1, tm_hour=0, tm_min=5, tm_sec=0, tm_wday=3, tm_yday=335, tm_isdst=-1)",2022-12-01,2022,12,335,1,5
2022-12-01 00:07:30,40.765724,-111.909744,1279.4,-9999.0,-9999.0,-9999.0,13.77,15.1,5.5,38.58,3.0,2.0,10.89,20.0,868.8,0.0,5.5,1.83,32.0,827.7,-9999.0,-9999.0,-9999.0,-9999.0,-9999.0,-9999.0,-9999.0,0.0,0,0,"time.struct_time(tm_year=2022, tm_mon=12, tm_mday=1, tm_hour=0, tm_min=7, tm_sec=30, tm_wday=3, tm_yday=335, tm_isdst=-1)",2022-12-01,2022,12,335,1,7
2022-12-01 00:10:00,40.765736,-111.909744,1279.2,-9999.0,-9999.0,-9999.0,13.77,15.0,5.48,39.07,4.0,2.0,10.78,20.0,868.8,0.0,0.5,1.83,32.0,827.9,-9999.0,-9999.0,-9999.0,-9999.0,-9999.0,-9999.0,-9999.0,0.0,0,0,"time.struct_time(tm_year=2022, tm_mon=12, tm_mday=1, tm_hour=0, tm_min=10, tm_sec=0, tm_wday=3, tm_yday=335, tm_isdst=-1)",2022-12-01,2022,12,335,1,10
2022-12-01 00:12:30,40.765728,-111.909737,1278.8,-9999.0,-9999.0,-9999.0,13.77,14.9,5.64,38.68,6.0,2.0,10.72,20.0,868.9,0.0,-1.0,1.83,31.9,827.8,-9999.0,-9999.0,-9999.0,-9999.0,-9999.0,-9999.0,-9999.0,0.0,0,0,"time.struct_time(tm_year=2022, tm_mon=12, tm_mday=1, tm_hour=0, tm_min=12, tm_sec=30, tm_wday=3, tm_yday=335, tm_isdst=-1)",2022-12-01,2022,12,335,1,12
2022-12-01 00:15:00,40.765732,-111.909729,1278.3,-9999.0,-9999.0,-9999.0,13.77,14.8,5.54,39.31,4.0,2.0,10.5,20.0,869.0,0.0,1.7,1.83,31.9,828.0,-9999.0,-9999.0,-9999.0,-9999.0,-9999.0,-9999.0,-9999.0,0.0,0,0,"time.struct_time(tm_year=2022, tm_mon=12, tm_mday=1, tm_hour=0, tm_min=15, tm_sec=0, tm_wday=3, tm_yday=335, tm_isdst=-1)",2022-12-01,2022,12,335,1,15
2022-12-01 00:17:30,40.765728,-111.909737,1278.3,-9999.0,-9999.0,-9999.0,13.77,14.7,5.36,39.28,5.0,2.0,10.39,20.0,869.0,0.0,3.8,1.83,31.8,827.7,-9999.0,-9999.0,-9999.0,-9999.0,-9999.0,-9999.0,-9999.0,0.0,0,0,"time.struct_time(tm_year=2022, tm_mon=12, tm_mday=1, tm_hour=0, tm_min=17, tm_sec=30, tm_wday=3, tm_yday=335, tm_isdst=-1)",2022-12-01,2022,12,335,1,17
2022-12-01 00:20:00,40.765728,-111.909737,1279.7,-9999.0,-9999.0,-9999.0,13.77,14.6,5.26,38.93,5.0,2.0,10.22,20.0,868.9,0.0,4.1,1.83,31.7,827.9,-9999.0,-9999.0,-9999.0,-9999.0,-9999.0,-9999.0,-9999.0,0.0,0,0,"time.struct_time(tm_year=2022, tm_mon=12, tm_mday=1, tm_hour=0, tm_min=20, tm_sec=0, tm_wday=3, tm_yday=335, tm_isdst=-1)",2022-12-01,2022,12,335,1,20
2022-12-01 00:22:30,40.765732,-111.909729,1279.2,-9999.0,-9999.0,-9999.0,13.77,14.5,5.16,39.2,4.0,2.0,10.11,20.0,868.8,0.0,4.1,1.83,31.7,827.6,-9999.0,-9999.0,-9999.0,-9999.0,-9999.0,-9999.0,-9999.0,0.0,0,0,"time.struct_time(tm_year=2022, tm_mon=12, tm_mday=1, tm_hour=0, tm_min=22, tm_sec=30, tm_wday=3, tm_yday=335, tm_isdst=-1)",2022-12-01,2022,12,335,1,22
2022-12-01 00:25:00,40.765736,-111.909729,1280.3,-9999.0,-9999.0,-9999.0,13.77,14.4,5.18,39.85,3.0,2.0,9.89,20.0,868.8,0.0,1.7,1.83,31.6,827.8,-9999.0,-9999.0,-9999.0,-9999.0,-9999.0,-9999.0,-9999.0,0.0,0,0,"time.struct_time(tm_year=2022, tm_mon=12, tm_mday=1, tm_hour=0, tm_min=25, tm_sec=0, tm_wday=3, tm_yday=335, tm_isdst=-1)",2022-12-01,2022,12,335,1,25
2022-12-01 00:27:30,40.765736,-111.909721,1280.3,-9999.0,-9999.0,-9999.0,13.77,14.31,5.21,39.65,4.0,2.0,9.89,20.0,869.1,0.0,2.7,1.82,31.5,827.8,-9999.0,-9999.0,-9999.0,-9999.0,-9999.0,-9999.0,-9999.0,0.0,0,0,"time.struct_time(tm_year=2022, tm_mon=12, tm_mday=1, tm_hour=0, tm_min=27, tm_sec=30, tm_wday=3, tm_yday=335, tm_isdst=-1)",2022-12-01,2022,12,335,1,27
2022-12-01 00:30:00,40.765724,-111.909729,1280.1,-9999.0,-9999.0,-9999.0,13.77,14.22,5.06,40.35,4.0,2.0,9.78,20.0,869.0,0.0,3.5,1.83,31.4,828.0,-9999.0,-9999.0,-9999.0,-9999.0,-9999.0,-9999.0,-9999.0,0.0,0,0,"time.struct_time(tm_year=2022, tm_mon=12, tm_mday=1, tm_hour=0, tm_min=30, tm_sec=0, tm_wday=3, tm_yday=335, tm_isdst=-1)",2022-12-01,2022,12,335,1,30
2022-12-01 00:32:30,40.765717,-111.909729,1279.9,-9999.0,-9999.0,-9999.0,13.81,14.13,4.98,40.65,4.0,2.0,9.61,20.0,869.0,0.0,0.8,1.82,31.4,827.8,-9999.0,-9999.0,-9999.0,-9999.0,-9999.0,-9999.0,-9999.0,0.0,0,0,"time.struct_time(tm_year=2022, tm_mon=12, tm_mday=1, tm_hour=0, tm_min=32, tm_sec=30, tm_wday=3, tm_yday=335, tm_isdst=-1)",2022-12-01,2022,12,335,1,32
2022-12-01 00:36:05,40.765671,-111.909744,1277.1,-9999.0,-9999.0,-9999.0,13.81,14.0,4.94,40.79,5.0,2.0,9.5,20.0,869.1,0.0,0.1,1.83,31.2,828.0,-9999.0,-9999.0,-9999.0,-9999.0,-9999.0,-9999.0,-9999.0,0.0,0,0,"time.struct_time(tm_year=2022, tm_mon=12, tm_mday=1, tm_hour=0, tm_min=36, tm_sec=5, tm_wday=3, tm_yday=335, tm_isdst=-1)",2022-12-01,2022,12,335,1,36
2022-12-01 00:38:35,40.765621,-111.909706,1277.5,-9999.0,-9999.0,-9999.0,13.81,13.92,5.02,39.29,5.0,2.0,9.5,20.0,869.0,0.0,1.9,1.83,31.2,828.0,-9999.0,-9999.0,-9999.0,-9999.0,-9999.0,-9999.0,-9999.0,0.0,0,0,"time.struct_time(tm_year=2022, tm_mon=12, tm_mday=1, tm_hour=0, tm_min=38, tm_sec=35, tm_wday=3, tm_yday=335, tm_isdst=-1)",2022-12-01,2022,12,335,1,38
2022-12-01 00:41:05,40.765636,-111.909706,1276.5,-9999.0,-9999.0,-9999.0,13.81,13.84,4.94,39.97,6.0,2.0,9.39,20.0,869.1,0.0,1.1,1.83,31.1,828.0,-9999.0,-9999.0,-9999.0,-9999.0,-9999.0,-9999.0,-9999.0,0.0,0,0,"time.struct_time(tm_year=2022, tm_mon=12, tm_mday=1, tm_hour=0, tm_min=41, tm_sec=5, tm_wday=3, tm_yday=335, tm_isdst=-1)",2022-12-01,2022,12,335,1,41
2022-12-01 00:43:35,40.765652,-111.909714,1276.1,-9999.0,-9999.0,-9999.0,13.81,13.76,4.76,41.3,5.0,2.0,9.28,20.0,869.2,0.0,-0.9,1.83,31.0,827.8,-9999.0,-9999.0,-9999.0,-9999.0,-9999.0,-9999.0,-9999.0,0.0,0,0,"time.struct_time(tm_year=2022, tm_mon=12, tm_mday=1, tm_hour=0, tm_min=43, tm_sec=35, tm_wday=3, tm_yday=335, tm_isdst=-1)",2022-12-01,2022,12,335,1,43
2022-12-01 00:46:05,40.765663,-111.909721,1275.5,-9999.0,-9999.0,-9999.0,13.81,13.68,4.49,40.81,5.0,2.0,9.22,20.0,869.3,0.0,1.7,1.82,30.9,828.2,-9999.0,-9999.0,-9999.0,-9999.0,-9999.0,-9999.0,-9999.0,0.0,0,0,"time.struct_time(tm_year=2022, tm_mon=12, tm_mday=1, tm_hour=0, tm_min=46, tm_sec=5, tm_wday=3, tm_yday=335, tm_isdst=-1)",2022-12-01,2022,12,335,1,46
2022-12-01 00:48:35,40.765678,-111.909729,1275.3,-9999.0,-9999.0,-9999.0,13.81,13.59,4.33,41.46,5.0,2.0,9.11,20.0,869.2,0.0,1.6,1.81,30.9,828.0,-9999.0,-9999.0,-9999.0,-9999.0,-9999.0,-9999.0,-9999.0,0.0,0,0,"time.struct_time(tm_year=2022, tm_mon=12, tm_mday=1, tm_hour=0, tm_min=48, tm_sec=35, tm_wday=3, tm_yday=335, tm_isdst=-1)",2022-12-01,2022,12,335,1,48
2022-12-01 00:51:05,40.76569,-111.909744,1275.8,-9999.0,-9999.0,-9999.0,13.81,13.5,4.3,40.77,5.0,2.0,9.0,20.0,869.3,0.0,0.5,1.83,30.8,828.2,-9999.0,-9999.0,-9999.0,-9999.0,-9999.0,-9999.0,-9999.0,0.0,0,0,"time.struct_time(tm_year=2022, tm_mon=12, tm_mday=1, tm_hour=0, tm_min=51, tm_sec=5, tm_wday=3, tm_yday=335, tm_isdst=-1)",2022-12-01,2022,12,335,1,51
2022-12-01 00:53:35,40.765701,-111.909744,1275.8,-9999.0,-9999.0,-9999.0,13.8,13.41,4.28,41.39,5.0,2.0,8.89,20.0,869.1,0.0,0.8,1.83,30.7,828.1,-9999.0,-9999.0,-9999.0,-9999.0,-9999.0,-9999.0,-9999.0,0.0,0,0,"time.struct_time(tm_year=2022, tm_mon=12, tm_mday=1, tm_hour=0, tm_min=53, tm_sec=35, tm_wday=3, tm_yday=335, tm_isdst=-1)",2022-12-01,2022,12,335,1,53
2022-12-01 00:56:05,40.765709,-111.909752,1275.4,-9999.0,-9999.0,-9999.0,13.81,13.33,4.29,41.11,5.0,2.0,8.78,20.0,869.1,0.0,1.8,1.82,30.6,828.0,-9999.0,-9999.0,-9999.0,-9999.0,-9999.0,-9999.0,-9999.0,0.0,0,0,"time.struct_time(tm_year=2022, tm_mon=12, tm_mday=1, tm_hour=0, tm_min=56, tm_sec=5, tm_wday=3, tm_yday=335, tm_isdst=-1)",2022-12-01,2022,12,335,1,56
2022-12-01 00:58:35,40.765701,-111.909767,1275.7,-9999.0,-9999.0,-9999.0,13.81,13.24,4.23,41.43,4.0,2.0,8.72,20.0,869.1,0.0,0.3,1.82,30.5,827.8,-9999.0,-9999.0,-9999.0,-9999.0,-9999.0,-9999.0,-9999.0,0.0,0,0,"time.struct_time(tm_year=2022, tm_mon=12, tm_mday=1, tm_hour=0, tm_min=58, tm_sec=35, tm_wday=3, tm_yday=335, tm_isdst=-1)",2022-12-01,2022,12,335,1,58
2022-12-01 01:01:05,40.765694,-111.909775,1275.4,-9999.0,-9999.0,-9999.0,13.81,13.16,4.35,40.75,5.0,2.0,8.72,21.0,869.1,0.0,-0.2,1.82,30.5,828.2,-9999.0,-9999.0,-9999.0,-9999.0,-9999.0,-9999.0,-9999.0,0.0,0,0,"time.struct_time(tm_year=2022, tm_mon=12, tm_mday=1, tm_hour=1, tm_min=1, tm_sec=5, tm_wday=3, tm_yday=335, tm_isdst=-1)",2022-12-01,2022,12,335,1,1
2022-12-01 01:03:35,40.765694,-111.909782,1275.5,-9999.0,-9999.0,-9999.0,13.81,13.07,4.29,40.83,7.0,2.0,8.61,21.0,869.0,0.0,2.7,1.82,30.4,828.0,-9999.0,-9999.0,-9999.0,-9999.0,-9999.0,-9999.0,-9999.0,0.0,0,0,"time.struct_time(tm_year=2022, tm_mon=12, tm_mday=1, tm_hour=1, tm_min=3, tm_sec=35, tm_wday=3, tm_yday=335, tm_isdst=-1)",2022-12-01,2022,12,335,1,3
2022-12-01 01:06:05,40.76569,-111.909782,1275.6,-9999.0,-9999.0,-9999.0,13.81,12.99,3.93,43.16,5.0,2.0,8.5,21.0,869.3,0.0,-0.3,1.82,30.3,828.2,-9999.0,-9999.0,-9999.0,-9999.0,-9999.0,-9999.0,-9999.0,0.0,0,0,"time.struct_time(tm_year=2022, tm_mon=12, tm_mday=1, tm_hour=1, tm_min=6, tm_sec=5, tm_wday=3, tm_yday=335, tm_isdst=-1)",2022-12-01,2022,12,335,1,6
2022-12-01 01:08:35,40.765701,-111.909782,1274.8,-9999.0,-9999.0,-9999.0,13.8,12.91,3.81,43.04,5.0,2.0,8.39,21.0,869.0,0.0,0.2,1.82,30.2,827.9,-9999.0,-9999.0,-9999.0,-9999.0,-9999.0,-9999.0,-9999.0,0.0,0,0,"time.struct_time(tm_year=2022, tm_mon=12, tm_mday=1, tm_hour=1, tm_min=8, tm_sec=35, tm_wday=3, tm_yday=335, tm_isdst=-1)",2022-12-01,2022,12,335,1,8
2022-12-01 01:11:05,40.765709,-111.909775,1274.2,-9999.0,-9999.0,-9999.0,13.81,12.82,3.65,44.09,5.0,2.0,8.39,21.0,869.4,0.0,-2.0,1.82,30.1,828.2,-9999.0,-9999.0,-9999.0,-9999.0,-9999.0,-9999.0,-9999.0,0.0,0,0,"time.struct_time(tm_year=2022, tm_mon=12, tm_mday=1, tm_hour=1, tm_min=11, tm_sec=5, tm_wday=3, tm_yday=335, tm_isdst=-1)",2022-12-01,2022,12,335,1,11
2022-12-01 01:13:35,40.761658,-111.916878,1281.6,-9999.0,-9999.0,-9999.0,13.81,12.71,3.63,42.17,6.0,2.0,8.22,21.0,869.4,0.0,3.6,1.81,30.1,828.1,-9999.0,-9999.0,-9999.0,-9999.0,-9999.0,-9999.0,-9999.0,0.0,0,0,"time.struct_time(tm_year=2022, tm_mon=12, tm_mday=1, tm_hour=1, tm_min=13, tm_sec=35, tm_wday=3, tm_yday=335, tm_isdst=-1)",2022-12-01,2022,12,335,1,13
2022-12-01 01:16:05,40.760487,-111.912346,1280.1,-9999.0,-9999.0,-9999.0,13.81,12.58,3.37,43.42,11.0,2.0,7.89,21.0,869.2,0.0,-1.2,1.82,30.0,828.2,-9999.0,-9999.0,-9999.0,-9999.0,-9999.0,-9999.0,-9999.0,0.0,0,0,"time.struct_time(tm_year=2022, tm_mon=12, tm_mday=1, tm_hour=1, tm_min=16, tm_sec=5, tm_wday=3, tm_yday=335, tm_isdst=-1)",2022-12-01,2022,12,335,1,16
2022-12-01 01:18:35,40.760464,-111.909889,1285.1,-9999.0,-9999.0,-9999.0,13.81,12.43,6.83,30.93,8.0,2.0,7.61,21.0,869.0,0.0,-0.2,1.81,29.9,827.9,-9999.0,-9999.0,-9999.0,-9999.0,-9999.0,-9999.0,-9999.0,0.0,0,0,"time.struct_time(tm_year=2022, tm_mon=12, tm_mday=1, tm_hour=1, tm_min=18, tm_sec=35, tm_wday=3, tm_yday=335, tm_isdst=-1)",2022-12-01,2022,12,335,1,18
2022-12-01 01:21:05,40.760456,-111.91008,1251.5,-9999.0,-9999.0,-9999.0,13.81,12.34,12.47,21.61,8.0,2.0,8.0,21.0,869.0,0.0,1.2,1.82,29.8,828.0,-9999.0,-9999.0,-9999.0,-9999.0,-9999.0,-9999.0,-9999.0,0.0,0,0,"time.struct_time(tm_year=2022, tm_mon=12, tm_mday=1, tm_hour=1, tm_min=21, tm_sec=5, tm_wday=3, tm_yday=335, tm_isdst=-1)",2022-12-01,2022,12,335,1,21
2022-12-01 01:23:35,40.760628,-111.91008,1282.6,-9999.0,-9999.0,-9999.0,13.81,12.37,13.72,21.76,6.0,2.0,8.78,22.0,869.0,0.0,3.1,1.82,29.7,827.7,-9999.0,-9999.0,-9999.0,-9999.0,-9999.0,-9999.0,-9999.0,0.0,0,0,"time.struct_time(tm_year=2022, tm_mon=12, tm_mday=1, tm_hour=1, tm_min=23, tm_sec=35, tm_wday=3, tm_yday=335, tm_isdst=-1)",2022-12-01,2022,12,335,1,23
2022-12-01 01:28:10,40.76038,-111.909782,1288.8,-9999.0,-9999.0,-9999.0,13.81,12.61,11.03,62.24,19.0,2.0,9.61,40.0,869.1,0.0,-1.9,1.81,29.6,827.3,-9999.0,-9999.0,-9999.0,-9999.0,-9999.0,-9999.0,-9999.0,0.0,0,0,"time.struct_time(tm_year=2022, tm_mon=12, tm_mday=1, tm_hour=1, tm_min=28, tm_sec=10, tm_wday=3, tm_yday=335, tm_isdst=-1)",2022-12-01,2022,12,335,1,28
2022-12-01 01:30:40,40.760235,-111.90979,1295.1,-9999.0,-9999.0,-9999.0,13.8,12.74,7.75,67.33,14.0,2.0,9.61,37.0,868.8,0.0,1.8,1.81,29.6,827.9,-9999.0,-9999.0,-9999.0,-9999.0,-9999.0,-9999.0,-9999.0,0.0,0,0,"time.struct_time(tm_year=2022, tm_mon=12, tm_mday=1, tm_hour=1, tm_min=30, tm_sec=40, tm_wday=3, tm_yday=335, tm_isdst=-1)",2022-12-01,2022,12,335,1,30
2022-12-01 01:33:10,40.760231,-111.90979,1295.3,-9999.0,-9999.0,-9999.0,13.81,12.8,6.21,68.49,9.0,2.0,9.28,37.0,869.1,0.0,1.2,1.83,29.5,827.7,-9999.0,-9999.0,-9999.0,-9999.0,-9999.0,-9999.0,-9999.0,0.0,0,0,"time.struct_time(tm_year=2022, tm_mon=12, tm_mday=1, tm_hour=1, tm_min=33, tm_sec=10, tm_wday=3, tm_yday=335, tm_isdst=-1)",2022-12-01,2022,12,335,1,33
2022-12-01 01:37:05,40.760227,-111.909782,1295.8,-9999.0,-9999.0,-9999.0,13.81,12.73,4.36,70.31,6.0,2.0,8.72,34.0,868.7,0.0,-1.2,1.82,29.5,828.1,-9999.0,-9999.0,-9999.0,-9999.0,-9999.0,-9999.0,-9999.0,0.0,0,0,"time.struct_time(tm_year=2022, tm_mon=12, tm_mday=1, tm_hour=1, tm_min=37, tm_sec=5, tm_wday=3, tm_yday=335, tm_isdst=-1)",2022-12-01,2022,12,335,1,37
2022-12-01 01:39:35,40.760223,-111.909782,1295.7,-9999.0,-9999.0,-9999.0,13.81,12.61,3.71,73.08,6.0,2.0,8.39,34.0,868.7,0.0,-0.5,1.81,29.4,827.8,-9999.0,-9999.0,-9999.0,-9999.0,-9999.0,-9999.0,-9999.0,1.0,0,0,"time.struct_time(tm_year=2022, tm_mon=12, tm_mday=1, tm_hour=1, tm_min=39, tm_sec=35, tm_wday=3, tm_yday=335, tm_isdst=-1)",2022-12-01,2022,12,335,1,39
2022-12-01 01:42:05,40.760223,-111.909775,1295.6,-9999.0,-9999.0,-9999.0,13.8,12.46,3.03,70.66,7.0,2.0,8.11,33.0,868.9,0.0,1.0,1.81,29.4,828.0,-9999.0,-9999.0,-9999.0,-9999.0,-9999.0,-9999.0,-9999.0,1.0,0,0,"time.struct_time(tm_year=2022, tm_mon=12, tm_mday=1, tm_hour=1, tm_min=42, tm_sec=5, tm_wday=3, tm_yday=335, tm_isdst=-1)",2022-12-01,2022,12,335,1,42
2022-12-01 01:44:35,40.76022,-111.909775,1295.4,-9999.0,-9999.0,-9999.0,13.81,12.29,2.61,72.82,7.0,2.0,7.78,32.0,868.7,0.0,-2.7,1.81,29.3,827.7,-9999.0,-9999.0,-9999.0,-9999.0,-9999.0,-9999.0,-9999.0,1.0,0,0,"time.struct_time(tm_year=2022, tm_mon=12, tm_mday=1, tm_hour=1, tm_min=44, tm_sec=35, tm_wday=3, tm_yday=335, tm_isdst=-1)",2022-12-01,2022,12,335,1,44
2022-12-01 01:47:05,40.760216,-111.909775,1295.3,-9999.0,-9999.0,-9999.0,13.84,12.1,2.32,73.82,7.0,2.0,7.39,31.0,868.6,0.0,-0.4,1.82,29.3,828.0,-9999.0,-9999.0,-9999.0,-9999.0,-9999.0,-9999.0,-9999.0,1.0,0,0,"time.struct_time(tm_year=2022, tm_mon=12, tm_mday=1, tm_hour=1, tm_min=47, tm_sec=5, tm_wday=3, tm_yday=335, tm_isdst=-1)",2022-12-01,2022,12,335,1,47
2022-12-01 01:49:35,40.760216,-111.909775,1295.3,-9999.0,-9999.0,-9999.0,13.84,11.91,2.16,72.61,8.0,2.0,7.11,31.0,868.6,0.0,-2.9,1.81,29.2,827.8,-9999.0,-9999.0,-9999.0,-9999.0,-9999.0,-9999.0,-9999.0,1.0,0,0,"time.struct_time(tm_year=2022, tm_mon=12, tm_mday=1, tm_hour=1, tm_min=49, tm_sec=35, tm_wday=3, tm_yday=335, tm_isdst=-1)",2022-12-01,2022,12,335,1,49
2022-12-01 01:52:05,40.760212,-111.909782,1295.3,-9999.0,-9999.0,-9999.0,13.85,11.71,1.96,72.76,7.0,2.0,6.78,30.0,868.7,0.0,2.5,1.83,29.1,828.0,-9999.0,-9999.0,-9999.0,-9999.0,-9999.0,-9999.0,-9999.0,1.0,0,0,"time.struct_time(tm_year=2022, tm_mon=12, tm_mday=1, tm_hour=1, tm_min=52, tm_sec=5, tm_wday=3, tm_yday=335, tm_isdst=-1)",2022-12-01,2022,12,335,1,52
2022-12-01 01:54:35,40.760212,-111.909782,1295.0,-9999.0,-9999.0,-9999.0,13.84,11.51,1.78,67.19,8.0,2.0,6.5,29.0,868.6,0.0,0.6,1.82,29.0,827.9,-9999.0,-9999.0,-9999.0,-9999.0,-9999.0,-9999.0,-9999.0,0.0,0,0,"time.struct_time(tm_year=2022, tm_mon=12, tm_mday=1, tm_hour=1, tm_min=54, tm_sec=35, tm_wday=3, tm_yday=335, tm_isdst=-1)",2022-12-01,2022,12,335,1,54
2022-12-01 01:57:05,40.760212,-111.90979,1294.5,-9999.0,-9999.0,-9999.0,13.84,11.31,1.62,66.71,7.0,2.0,6.28,29.0,868.5,0.0,0.4,1.81,28.9,827.7,-9999.0,-9999.0,-9999.0,-9999.0,-9999.0,-9999.0,-9999.0,0.0,0,0,"time.struct_time(tm_year=2022, tm_mon=12, tm_mday=1, tm_hour=1, tm_min=57, tm_sec=5, tm_wday=3, tm_yday=335, tm_isdst=-1)",2022-12-01,2022,12,335,1,57
2022-12-01 01:59:35,40.760216,-111.90979,1294.1,-9999.0,-9999.0,-9999.0,13.84,11.11,1.48,67.15,9.0,2.0,6.0,28.0,868.5,0.0,-0.6,1.81,28.8,827.8,-9999.0,-9999.0,-9999.0,-9999.0,-9999.0,-9999.0,-9999.0,0.0,0,0,"time.struct_time(tm_year=2022, tm_mon=12, tm_mday=1, tm_hour=1, tm_min=59, tm_sec=35, tm_wday=3, tm_yday=335, tm_isdst=-1)",2022-12-01,2022,12,335,1,59
2022-12-01 02:02:05,40.760216,-111.909798,1293.7,-9999.0,-9999.0,-9999.0,13.84,10.92,1.46,66.93,8.0,2.0,5.78,28.0,868.5,0.0,-3.2,1.82,28.7,827.9,-9999.0,-9999.0,-9999.0,-9999.0,-9999.0,-9999.0,-9999.0,0.0,0,0,"time.struct_time(tm_year=2022, tm_mon=12, tm_mday=1, tm_hour=2, tm_min=2, tm_sec=5, tm_wday=3, tm_yday=335, tm_isdst=-1)",2022-12-01,2022,12,335,1,2
2022-12-01 02:04:35,40.760216,-111.909805,1293.3,-9999.0,-9999.0,-9999.0,13.84,10.73,1.58,65.99,7.0,2.0,5.61,28.0,868.7,0.0,2.6,1.8,28.6,827.9,-9999.0,-9999.0,-9999.0,-9999.0,-9999.0,-9999.0,-9999.0,0.0,0,0,"time.struct_time(tm_year=2022, tm_mon=12, tm_mday=1, tm_hour=2, tm_min=4, tm_sec=35, tm_wday=3, tm_yday=335, tm_isdst=-1)",2022-12-01,2022,12,335,1,4
2022-12-01 02:07:05,40.760216,-111.909813,1292.9,-9999.0,-9999.0,-9999.0,13.85,10.54,1.7,65.0,7.0,2.0,5.22,28.0,868.7,0.0,-1.1,1.81,28.4,827.9,-9999.0,-9999.0,-9999.0,-9999.0,-9999.0,-9999.0,-9999.0,0.0,0,0,"time.struct_time(tm_year=2022, tm_mon=12, tm_mday=1, tm_hour=2, tm_min=7, tm_sec=5, tm_wday=3, tm_yday=335, tm_isdst=-1)",2022-12-01,2022,12,335,1,7
2022-12-01 02:09:35,40.760216,-111.909821,1292.4,-9999.0,-9999.0,-9999.0,13.88,10.36,1.72,61.5,7.0,2.0,5.0,27.0,868.5,0.0,1.2,1.8,28.3,827.7,-9999.0,-9999.0,-9999.0,-9999.0,-9999.0,-9999.0,-9999.0,0.0,0,0,"time.struct_time(tm_year=2022, tm_mon=12, tm_mday=1, tm_hour=2, tm_min=9, tm_sec=35, tm_wday=3, tm_yday=335, tm_isdst=-1)",2022-12-01,2022,12,335,1,9
2022-12-01 02:12:05,40.760216,-111.909821,1291.9,-9999.0,-9999.0,-9999.0,13.88,10.19,1.8,60.31,10.0,2.0,4.78,27.0,868.7,0.0,0.0,1.81,28.2,827.8,-9999.0,-9999.0,-9999.0,-9999.0,-9999.0,-9999.0,-9999.0,0.0,0,0,"time.struct_time(tm_year=2022, tm_mon=12, tm_mday=1, tm_hour=2, tm_min=12, tm_sec=5, tm_wday=3, tm_yday=335, tm_isdst=-1)",2022-12-01,2022,12,335,1,12
2022-12-01 02:14:35,40.760216,-111.909828,1291.6,-9999.0,-9999.0,-9999.0,13.88,10.02,1.91,55.83,5.0,2.0,4.61,26.0,868.6,0.0,-0.3,1.8,28.0,828.0,-9999.0,-9999.0,-9999.0,-9999.0,-9999.0,-9999.0,-9999.0,0.0,0,0,"time.struct_time(tm_year=2022, tm_mon=12, tm_mday=1, tm_hour=2, tm_min=14, tm_sec=35, tm_wday=3, tm_yday=335, tm_isdst=-1)",2022-12-01,2022,12,335,1,14
2022-12-01 02:17:05,40.760216,-111.909828,1291.2,-9999.0,-9999.0,-9999.0,13.88,9.85,2.09,56.19,7.0,2.0,4.39,26.0,868.7,0.0,-0.7,1.8,27.9,828.1,-9999.0,-9999.0,-9999.0,-9999.0,-9999.0,-9999.0,-9999.0,0.0,0,0,"time.struct_time(tm_year=2022, tm_mon=12, tm_mday=1, tm_hour=2, tm_min=17, tm_sec=5, tm_wday=3, tm_yday=335, tm_isdst=-1)",2022-12-01,2022,12,335,1,17
2022-12-01 02:19:35,40.76022,-111.909836,1291.1,-9999.0,-9999.0,-9999.0,13.88,9.7,2.15,52.19,6.0,2.0,4.28,26.0,868.8,0.0,-1.2,1.81,27.7,828.1,-9999.0,-9999.0,-9999.0,-9999.0,-9999.0,-9999.0,-9999.0,0.0,0,0,"time.struct_time(tm_year=2022, tm_mon=12, tm_mday=1, tm_hour=2, tm_min=19, tm_sec=35, tm_wday=3, tm_yday=335, tm_isdst=-1)",2022-12-01,2022,12,335,1,19
2022-12-01 02:22:05,40.760216,-111.909843,1290.9,-9999.0,-9999.0,-9999.0,13.88,9.54,2.23,54.84,6.0,2.0,4.22,26.0,868.9,0.0,-1.0,1.82,27.6,828.2,-9999.0,-9999.0,-9999.0,-9999.0,-9999.0,-9999.0,-9999.0,0.0,0,0,"time.struct_time(tm_year=2022, tm_mon=12, tm_mday=1, tm_hour=2, tm_min=22, tm_sec=5, tm_wday=3, tm_yday=335, tm_isdst=-1)",2022-12-01,2022,12,335,1,22
2022-12-01 02:24:35,40.760216,-111.909843,1290.6,-9999.0,-9999.0,-9999.0,13.88,9.39,2.29,48.15,4.0,2.0,4.11,26.0,868.7,0.0,5.1,1.8,27.4,828.2,-9999.0,-9999.0,-9999.0,-9999.0,-9999.0,-9999.0,-9999.0,0.0,0,0,"time.struct_time(tm_year=2022, tm_mon=12, tm_mday=1, tm_hour=2, tm_min=24, tm_sec=35, tm_wday=3, tm_yday=335, tm_isdst=-1)",2022-12-01,2022,12,335,1,24
2022-12-01 02:27:05,40.760216,-111.909843,1290.4,-9999.0,-9999.0,-9999.0,13.88,9.25,2.38,50.37,6.0,2.0,4.0,26.0,868.6,0.0,0.2,1.8,27.3,828.0,-9999.0,-9999.0,-9999.0,-9999.0,-9999.0,-9999.0,-9999.0,0.0,0,0,"time.struct_time(tm_year=2022, tm_mon=12, tm_mday=1, tm_hour=2, tm_min=27, tm_sec=5, tm_wday=3, tm_yday=335, tm_isdst=-1)",2022-12-01,2022,12,335,1,27
2022-12-01 02:29:35,40.76022,-111.909843,1290.1,-9999.0,-9999.0,-9999.0,13.88,9.11,2.37,48.57,5.0,2.0,3.89,26.0,868.9,0.0,3.9,1.81,27.1,828.1,-9999.0,-9999.0,-9999.0,-9999.0,-9999.0,-9999.0,-9999.0,0.0,0,0,"time.struct_time(tm_year=2022, tm_mon=12, tm_mday=1, tm_hour=2, tm_min=29, tm_sec=35, tm_wday=3, tm_yday=335, tm_isdst=-1)",2022-12-01,2022,12,335,1,29
2022-12-01 02:32:05,40.76022,-111.909851,1289.8,-9999.0,-9999.0,-9999.0,13.88,8.98,2.38,47.29,5.0,2.0,3.89,26.0,868.6,0.0,8.2,1.81,27.0,828.0,-9999.0,-9999.0,-9999.0,-9999.0,-9999.0,-9999.0,-9999.0,0.0,0,0,"time.struct_time(tm_year=2022, tm_mon=12, tm_mday=1, tm_hour=2, tm_min=32, tm_sec=5, tm_wday=3, tm_yday=335, tm_isdst=-1)",2022-12-01,2022,12,335,1,32
2022-12-01 02:34:35,40.760223,-111.909851,1289.3,-9999.0,-9999.0,-9999.0,13.88,8.85,2.39,49.19,5.0,2.0,3.78,26.0,868.7,0.0,8.6,1.81,26.8,828.0,-9999.0,-9999.0,-9999.0,-9999.0,-9999.0,-9999.0,-9999.0,0.0,0,0,"time.struct_time(tm_year=2022, tm_mon=12, tm_mday=1, tm_hour=2, tm_min=34, tm_sec=35, tm_wday=3, tm_yday=335, tm_isdst=-1)",2022-12-01,2022,12,335,1,34
2022-12-01 02:38:15,40.760223,-111.909859,1288.4,-9999.0,-9999.0,-9999.0,13.88,8.67,2.49,45.65,4.0,2.0,3.72,26.0,868.6,0.0,5.0,1.8,26.6,828.0,-9999.0,-9999.0,-9999.0,-9999.0,-9999.0,-9999.0,-9999.0,0.0,0,0,"time.struct_time(tm_year=2022, tm_mon=12, tm_mday=1, tm_hour=2, tm_min=38, tm_sec=15, tm_wday=3, tm_yday=335, tm_isdst=-1)",2022-12-01,2022,12,335,1,38
2022-12-01 02:40:45,40.760223,-111.909859,1288.1,-9999.0,-9999.0,-9999.0,13.88,8.56,2.62,48.19,4.0,2.0,3.72,25.0,868.8,0.0,3.4,1.8,26.5,828.1,-9999.0,-9999.0,-9999.0,-9999.0,-9999.0,-9999.0,-9999.0,0.0,0,0,"time.struct_time(tm_year=2022, tm_mon=12, tm_mday=1, tm_hour=2, tm_min=40, tm_sec=45, tm_wday=3, tm_yday=335, tm_isdst=-1)",2022-12-01,2022,12,335,1,40
2022-12-01 02:43:15,40.760223,-111.909859,1287.8,-9999.0,-9999.0,-9999.0,13.88,8.45,2.69,45.66,4.0,2.0,3.72,26.0,868.6,0.0,3.4,1.8,26.4,827.9,-9999.0,-9999.0,-9999.0,-9999.0,-9999.0,-9999.0,-9999.0,0.0,0,0,"time.struct_time(tm_year=2022, tm_mon=12, tm_mday=1, tm_hour=2, tm_min=43, tm_sec=15, tm_wday=3, tm_yday=335, tm_isdst=-1)",2022-12-01,2022,12,335,1,43
2022-12-01 02:45:45,40.760223,-111.909866,1287.7,-9999.0,-9999.0,-9999.0,13.88,8.36,2.67,45.44,5.0,2.0,3.72,26.0,868.5,0.0,8.3,1.8,26.2,827.9,-9999.0,-9999.0,-9999.0,-9999.0,-9999.0,-9999.0,-9999.0,0.0,0,0,"time.struct_time(tm_year=2022, tm_mon=12, tm_mday=1, tm_hour=2, tm_min=45, tm_sec=45, tm_wday=3, tm_yday=335, tm_isdst=-1)",2022-12-01,2022,12,335,1,45
2022-12-01 02:48:15,40.760227,-111.909874,1287.8,-9999.0,-9999.0,-9999.0,13.91,8.26,2.65,46.38,5.0,2.0,3.72,26.0,868.8,0.0,9.5,1.8,26.1,828.0,-9999.0,-9999.0,-9999.0,-9999.0,-9999.0,-9999.0,-9999.0,0.0,0,0,"time.struct_time(tm_year=2022, tm_mon=12, tm_mday=1, tm_hour=2, tm_min=48, tm_sec=15, tm_wday=3, tm_yday=335, tm_isdst=-1)",2022-12-01,2022,12,335,1,48
2022-12-01 02:50:45,40.760227,-111.909874,1288.2,-9999.0,-9999.0,-9999.0,13.92,8.18,2.65,45.57,4.0,2.0,3.72,26.0,868.8,0.0,6.2,1.8,26.0,828.1,-9999.0,-9999.0,-9999.0,-9999.0,-9999.0,-9999.0,-9999.0,0.0,0,0,"time.struct_time(tm_year=2022, tm_mon=12, tm_mday=1, tm_hour=2, tm_min=50, tm_sec=45, tm_wday=3, tm_yday=335, tm_isdst=-1)",2022-12-01,2022,12,335,1,50
2022-12-01 02:53:15,40.760227,-111.909874,1288.5,-9999.0,-9999.0,-9999.0,13.92,8.1,2.63,46.06,4.0,2.0,3.61,26.0,868.8,0.0,8.7,1.78,25.9,828.1,-9999.0,-9999.0,-9999.0,-9999.0,-9999.0,-9999.0,-9999.0,0.0,0,0,"time.struct_time(tm_year=2022, tm_mon=12, tm_mday=1, tm_hour=2, tm_min=53, tm_sec=15, tm_wday=3, tm_yday=335, tm_isdst=-1)",2022-12-01,2022,12,335,1,53
2022-12-01 02:55:45,40.760231,-111.909882,1288.8,-9999.0,-9999.0,-9999.0,13.91,8.03,2.63,46.3,5.0,2.0,3.61,26.0,868.7,0.0,5.5,1.8,25.7,828.0,-9999.0,-9999.0,-9999.0,-9999.0,-9999.0,-9999.0,-9999.0,0.0,0,0,"time.struct_time(tm_year=2022, tm_mon=12, tm_mday=1, tm_hour=2, tm_min=55, tm_sec=45, tm_wday=3, tm_yday=335, tm_isdst=-1)",2022-12-01,2022,12,335,1,55
2022-12-01 02:58:15,40.760231,-111.909874,1289.5,-9999.0,-9999.0,-9999.0,13.92,7.96,2.65,46.34,4.0,2.0,3.5,27.0,868.7,0.0,3.9,1.79,25.6,828.0,-9999.0,-9999.0,-9999.0,-9999.0,-9999.0,-9999.0,-9999.0,0.0,0,0,"time.struct_time(tm_year=2022, tm_mon=12, tm_mday=1, tm_hour=2, tm_min=58, tm_sec=15, tm_wday=3, tm_yday=335, tm_isdst=-1)",2022-12-01,2022,12,335,1,58
2022-12-01 03:00:45,40.760235,-111.909882,1289.9,-9999.0,-9999.0,-9999.0,13.92,7.89,2.65,47.32,5.0,2.0,3.39,27.0,868.9,0.0,8.0,1.79,25.5,828.0,-9999.0,-9999.0,-9999.0,-9999.0,-9999.0,-9999.0,-9999.0,0.0,0,0,"time.struct_time(tm_year=2022, tm_mon=12, tm_mday=1, tm_hour=3, tm_min=0, tm_sec=45, tm_wday=3, tm_yday=335, tm_isdst=-1)",2022-12-01,2022,12,335,1,0
2022-12-01 03:03:15,40.760239,-111.909874,1290.6,-9999.0,-9999.0,-9999.0,13.92,7.83,2.62,45.85,5.0,2.0,3.39,27.0,868.7,0.0,5.2,1.79,25.4,828.0,-9999.0,-9999.0,-9999.0,-9999.0,-9999.0,-9999.0,-9999.0,0.0,0,0,"time.struct_time(tm_year=2022, tm_mon=12, tm_mday=1, tm_hour=3, tm_min=3, tm_sec=15, tm_wday=3, tm_yday=335, tm_isdst=-1)",2022-12-01,2022,12,335,1,3
2022-12-01 03:05:45,40.760242,-111.909882,1291.1,-9999.0,-9999.0,-9999.0,13.91,7.77,2.65,45.05,4.0,2.0,3.39,27.0,868.7,0.0,5.6,1.79,25.3,828.0,-9999.0,-9999.0,-9999.0,-9999.0,-9999.0,-9999.0,-9999.0,0.0,0,0,"time.struct_time(tm_year=2022, tm_mon=12, tm_mday=1, tm_hour=3, tm_min=5, tm_sec=45, tm_wday=3, tm_yday=335, tm_isdst=-1)",2022-12-01,2022,12,335,1,5
2022-12-01 03:08:15,40.760246,-111.909882,1292.0,-9999.0,-9999.0,-9999.0,13.92,7.72,2.67,44.22,3.0,2.0,3.39,27.0,868.7,0.0,9.2,1.79,25.2,828.0,-9999.0,-9999.0,-9999.0,-9999.0,-9999.0,-9999.0,-9999.0,0.0,0,0,"time.struct_time(tm_year=2022, tm_mon=12, tm_mday=1, tm_hour=3, tm_min=8, tm_sec=15, tm_wday=3, tm_yday=335, tm_isdst=-1)",2022-12-01,2022,12,335,1,8
2022-12-01 03:10:45,40.760246,-111.909882,1292.7,-9999.0,-9999.0,-9999.0,13.91,7.67,2.81,43.74,4.0,2.0,3.39,27.0,868.6,0.0,8.6,1.79,25.1,828.1,-9999.0,-9999.0,-9999.0,-9999.0,-9999.0,-9999.0,-9999.0,0.0,0,0,"time.struct_time(tm_year=2022, tm_mon=12, tm_mday=1, tm_hour=3, tm_min=10, tm_sec=45, tm_wday=3, tm_yday=335, tm_isdst=-1)",2022-12-01,2022,12,335,1,10
2022-12-01 03:13:15,40.760246,-111.909882,1293.4,-9999.0,-9999.0,-9999.0,13.92,7.62,2.99,42.61,4.0,2.0,3.39,27.0,868.8,0.0,7.5,1.78,25.0,828.1,-9999.0,-9999.0,-9999.0,-9999.0,-9999.0,-9999.0,-9999.0,0.0,0,0,"time.struct_time(tm_year=2022, tm_mon=12, tm_mday=1, tm_hour=3, tm_min=13, tm_sec=15, tm_wday=3, tm_yday=335, tm_isdst=-1)",2022-12-01,2022,12,335,1,13
2022-12-01 03:15:45,40.760246,-111.909874,1294.3,-9999.0,-9999.0,-9999.0,13.92,7.58,3.14,42.75,3.0,2.0,3.39,27.0,868.7,0.0,12.9,1.78,25.0,828.1,-9999.0,-9999.0,-9999.0,-9999.0,-9999.0,-9999.0,-9999.0,0.0,0,0,"time.struct_time(tm_year=2022, tm_mon=12, tm_mday=1, tm_hour=3, tm_min=15, tm_sec=45, tm_wday=3, tm_yday=335, tm_isdst=-1)",2022-12-01,2022,12,335,1,15
2022-12-01 03:18:15,40.760246,-111.909866,1295.3,-9999.0,-9999.0,-9999.0,13.92,7.55,3.23,42.14,3.0,2.0,3.5,27.0,868.4,0.0,10.5,1.78,24.9,827.8,-9999.0,-9999.0,-9999.0,-9999.0,-9999.0,-9999.0,-9999.0,0.0,0,0,"time.struct_time(tm_year=2022, tm_mon=12, tm_mday=1, tm_hour=3, tm_min=18, tm_sec=15, tm_wday=3, tm_yday=335, tm_isdst=-1)",2022-12-01,2022,12,335,1,18
2022-12-01 03:20:45,40.760246,-111.909859,1296.1,-9999.0,-9999.0,-9999.0,13.91,7.52,3.37,40.57,4.0,2.0,3.5,27.0,868.5,0.0,14.0,1.78,24.8,827.9,-9999.0,-9999.0,-9999.0,-9999.0,-9999.0,-9999.0,-9999.0,0.0,0,0,"time.struct_time(tm_year=2022, tm_mon=12, tm_mday=1, tm_hour=3, tm_min=20, tm_sec=45, tm_wday=3, tm_yday=335, tm_isdst=-1)",2022-12-01,2022,12,335,1,20
2022-12-01 03:23:15,40.760242,-111.909836,1296.9,-9999.0,-9999.0,-9999.0,13.91,7.5,3.45,41.67,4.0,2.0,3.5,27.0,868.6,0.0,19.4,1.78,24.7,828.0,-9999.0,-9999.0,-9999.0,-9999.0,-9999.0,-9999.0,-9999.0,0.0,0,0,"time.struct_time(tm_year=2022, tm_mon=12, tm_mday=1, tm_hour=3, tm_min=23, tm_sec=15, tm_wday=3, tm_yday=335, tm_isdst=-1)",2022-12-01,2022,12,335,1,23
2022-12-01 03:25:45,40.760242,-111.909828,1298.0,-9999.0,-9999.0,-9999.0,13.92,7.48,3.57,39.92,3.0,2.0,3.5,27.0,868.7,0.0,15.6,1.79,24.7,827.6,-9999.0,-9999.0,-9999.0,-9999.0,-9999.0,-9999.0,-9999.0,0.0,0,0,"time.struct_time(tm_year=2022, tm_mon=12, tm_mday=1, tm_hour=3, tm_min=25, tm_sec=45, tm_wday=3, tm_yday=335, tm_isdst=-1)",2022-12-01,2022,12,335,1,25
2022-12-01 03:28:15,40.760239,-111.909813,1298.8,-9999.0,-9999.0,-9999.0,13.92,7.46,3.65,40.11,3.0,2.0,3.5,27.0,868.6,0.0,14.8,1.78,24.6,827.8,-9999.0,-9999.0,-9999.0,-9999.0,-9999.0,-9999.0,-9999.0,0.0,0,0,"time.struct_time(tm_year=2022, tm_mon=12, tm_mday=1, tm_hour=3, tm_min=28, tm_sec=15, tm_wday=3, tm_yday=335, tm_isdst=-1)",2022-12-01,2022,12,335,1,28
2022-12-01 03:30:45,40.760239,-111.909813,1299.1,-9999.0,-9999.0,-9999.0,13.91,7.45,3.63,40.59,4.0,2.0,3.61,27.0,868.7,0.0,13.7,1.79,24.6,827.6,-9999.0,-9999.0,-9999.0,-9999.0,-9999.0,-9999.0,-9999.0,0.0,0,0,"time.struct_time(tm_year=2022, tm_mon=12, tm_mday=1, tm_hour=3, tm_min=30, tm_sec=45, tm_wday=3, tm_yday=335, tm_isdst=-1)",2022-12-01,2022,12,335,1,30
2022-12-01 03:33:15,40.760239,-111.909798,1299.4,-9999.0,-9999.0,-9999.0,13.92,7.44,3.59,41.1,4.0,2.0,3.61,27.0,868.5,0.0,11.1,1.79,24.5,828.0,-9999.0,-9999.0,-9999.0,-9999.0,-9999.0,-9999.0,-9999.0,0.0,0,0,"time.struct_time(tm_year=2022, tm_mon=12, tm_mday=1, tm_hour=3, tm_min=33, tm_sec=15, tm_wday=3, tm_yday=335, tm_isdst=-1)",2022-12-01,2022,12,335,1,33
2022-12-01 03:35:45,40.760239,-111.90979,1299.5,-9999.0,-9999.0,-9999.0,13.92,7.43,3.53,42.24,4.0,2.0,3.61,28.0,868.5,0.0,9.9,1.79,24.5,827.6,-9999.0,-9999.0,-9999.0,-9999.0,-9999.0,-9999.0,-9999.0,0.0,0,0,"time.struct_time(tm_year=2022, tm_mon=12, tm_mday=1, tm_hour=3, tm_min=35, tm_sec=45, tm_wday=3, tm_yday=335, tm_isdst=-1)",2022-12-01,2022,12,335,1,35
2022-12-01 03:39:25,40.760242,-111.909782,1299.6,-9999.0,-9999.0,-9999.0,13.91,7.42,3.51,41.52,4.0,2.0,3.61,28.0,868.7,0.0,13.5,1.8,24.4,827.6,-9999.0,-9999.0,-9999.0,-9999.0,-9999.0,-9999.0,-9999.0,0.0,0,0,"time.struct_time(tm_year=2022, tm_mon=12, tm_mday=1, tm_hour=3, tm_min=39, tm_sec=25, tm_wday=3, tm_yday=335, tm_isdst=-1)",2022-12-01,2022,12,335,1,39
2022-12-01 03:41:55,40.760242,-111.909767,1300.0,-9999.0,-9999.0,-9999.0,13.92,7.42,3.59,40.57,2.0,2.0,3.61,28.0,868.8,0.0,20.2,1.78,24.4,827.8,-9999.0,-9999.0,-9999.0,-9999.0,-9999.0,-9999.0,-9999.0,0.0,0,0,"time.struct_time(tm_year=2022, tm_mon=12, tm_mday=1, tm_hour=3, tm_min=41, tm_sec=55, tm_wday=3, tm_yday=335, tm_isdst=-1)",2022-12-01,2022,12,335,1,41
2022-12-01 03:44:25,40.760246,-111.909767,1300.3,-9999.0,-9999.0,-9999.0,13.92,7.41,3.73,41.69,2.0,2.0,3.61,27.0,868.8,0.0,25.4,1.78,24.3,827.7,-9999.0,-9999.0,-9999.0,-9999.0,-9999.0,-9999.0,-9999.0,0.0,0,0,"time.struct_time(tm_year=2022, tm_mon=12, tm_mday=1, tm_hour=3, tm_min=44, tm_sec=25, tm_wday=3, tm_yday=335, tm_isdst=-1)",2022-12-01,2022,12,335,1,44
2022-12-01 03:46:55,40.760246,-111.90976,1300.5,-9999.0,-9999.0,-9999.0,13.91,7.42,3.9,39.7,2.0,2.0,3.72,27.0,868.7,0.0,20.4,1.78,24.3,828.1,-9999.0,-9999.0,-9999.0,-9999.0,-9999.0,-9999.0,-9999.0,0.0,0,0,"time.struct_time(tm_year=2022, tm_mon=12, tm_mday=1, tm_hour=3, tm_min=46, tm_sec=55, tm_wday=3, tm_yday=335, tm_isdst=-1)",2022-12-01,2022,12,335,1,46
2022-12-01 03:49:25,40.760246,-111.909767,1300.6,-9999.0,-9999.0,-9999.0,13.92,7.42,3.98,39.89,2.0,2.0,3.72,27.0,868.8,0.0,24.6,1.79,24.3,827.7,-9999.0,-9999.0,-9999.0,-9999.0,-9999.0,-9999.0,-9999.0,0.0,0,0,"time.struct_time(tm_year=2022, tm_mon=12, tm_mday=1, tm_hour=3, tm_min=49, tm_sec=25, tm_wday=3, tm_yday=335, tm_isdst=-1)",2022-12-01,2022,12,335,1,49
2022-12-01 03:51:55,40.76025,-111.909767,1300.9,-9999.0,-9999.0,-9999.0,13.92,7.43,4.0,40.44,3.0,2.0,3.78,27.0,868.7,0.0,20.2,1.78,24.2,828.1,-9999.0,-9999.0,-9999.0,-9999.0,-9999.0,-9999.0,-9999.0,0.0,0,0,"time.struct_time(tm_year=2022, tm_mon=12, tm_mday=1, tm_hour=3, tm_min=51, tm_sec=55, tm_wday=3, tm_yday=335, tm_isdst=-1)",2022-12-01,2022,12,335,1,51
2022-12-01 03:54:25,40.760246,-111.909767,1300.9,-9999.0,-9999.0,-9999.0,13.91,7.45,4.01,39.39,2.0,2.0,3.78,28.0,868.7,0.0,23.7,1.8,24.2,827.7,-9999.0,-9999.0,-9999.0,-9999.0,-9999.0,-9999.0,-9999.0,0.0,0,0,"time.struct_time(tm_year=2022, tm_mon=12, tm_mday=1, tm_hour=3, tm_min=54, tm_sec=25, tm_wday=3, tm_yday=335, tm_isdst=-1)",2022-12-01,2022,12,335,1,54
2022-12-01 03:56:55,40.760242,-111.90976,1301.5,-9999.0,-9999.0,-9999.0,13.92,7.46,4.01,40.47,2.0,2.0,3.78,28.0,868.9,0.0,17.4,1.78,24.2,828.1,-9999.0,-9999.0,-9999.0,-9999.0,-9999.0,-9999.0,-9999.0,0.0,0,0,"time.struct_time(tm_year=2022, tm_mon=12, tm_mday=1, tm_hour=3, tm_min=56, tm_sec=55, tm_wday=3, tm_yday=335, tm_isdst=-1)",2022-12-01,2022,12,335,1,56
2022-12-01 03:59:25,40.760239,-111.90976,1301.6,-9999.0,-9999.0,-9999.0,13.91,7.47,4.0,39.91,3.0,2.0,3.78,28.0,868.8,0.0,21.6,1.78,24.2,827.8,-9999.0,-9999.0,-9999.0,-9999.0,-9999.0,-9999.0,-9999.0,0.0,0,0,"time.struct_time(tm_year=2022, tm_mon=12, tm_mday=1, tm_hour=3, tm_min=59, tm_sec=25, tm_wday=3, tm_yday=335, tm_isdst=-1)",2022-12-01,2022,12,335,1,59
2022-12-01 04:01:55,40.760235,-111.90976,1301.8,-9999.0,-9999.0,-9999.0,13.91,7.48,3.97,40.63,3.0,2.0,3.78,28.0,868.8,0.0,18.8,1.79,24.2,828.2,-9999.0,-9999.0,-9999.0,-9999.0,-9999.0,-9999.0,-9999.0,0.0,0,0,"time.struct_time(tm_year=2022, tm_mon=12, tm_mday=1, tm_hour=4, tm_min=1, tm_sec=55, tm_wday=3, tm_yday=335, tm_isdst=-1)",2022-12-01,2022,12,335,1,1
2022-12-01 04:04:25,40.760231,-111.90976,1301.9,-9999.0,-9999.0,-9999.0,13.92,7.5,3.97,41.54,2.0,2.0,3.89,28.0,868.8,0.0,20.3,1.79,24.1,827.8,-9999.0,-9999.0,-9999.0,-9999.0,-9999.0,-9999.0,-9999.0,0.0,0,0,"time.struct_time(tm_year=2022, tm_mon=12, tm_mday=1, tm_hour=4, tm_min=4, tm_sec=25, tm_wday=3, tm_yday=335, tm_isdst=-1)",2022-12-01,2022,12,335,1,4
2022-12-01 04:06:55,40.760231,-111.909752,1302.2,-9999.0,-9999.0,-9999.0,13.92,7.51,3.99,40.28,2.0,2.0,3.78,28.0,868.7,0.0,20.6,1.78,24.1,828.2,-9999.0,-9999.0,-9999.0,-9999.0,-9999.0,-9999.0,-9999.0,0.0,0,0,"time.struct_time(tm_year=2022, tm_mon=12, tm_mday=1, tm_hour=4, tm_min=6, tm_sec=55, tm_wday=3, tm_yday=335, tm_isdst=-1)",2022-12-01,2022,12,335,1,6
2022-12-01 04:09:25,40.760231,-111.909752,1302.3,-9999.0,-9999.0,-9999.0,13.92,7.52,3.99,39.28,3.0,2.0,3.89,28.0,868.9,0.0,18.3,1.78,24.1,827.9,-9999.0,-9999.0,-9999.0,-9999.0,-9999.0,-9999.0,-9999.0,0.0,0,0,"time.struct_time(tm_year=2022, tm_mon=12, tm_mday=1, tm_hour=4, tm_min=9, tm_sec=25, tm_wday=3, tm_yday=335, tm_isdst=-1)",2022-12-01,2022,12,335,1,9
2022-12-01 04:11:55,40.760231,-111.909744,1302.2,-9999.0,-9999.0,-9999.0,13.92,7.53,4.21,38.03,2.0,2.0,3.89,27.0,868.9,0.0,25.0,1.77,24.1,828.1,-9999.0,-9999.0,-9999.0,-9999.0,-9999.0,-9999.0,-9999.0,0.0,0,0,"time.struct_time(tm_year=2022, tm_mon=12, tm_mday=1, tm_hour=4, tm_min=11, tm_sec=55, tm_wday=3, tm_yday=335, tm_isdst=-1)",2022-12-01,2022,12,335,1,11
2022-12-01 04:14:25,40.760235,-111.909744,1302.5,-9999.0,-9999.0,-9999.0,13.92,7.54,4.36,37.7,2.0,2.0,3.89,27.0,868.7,0.0,24.7,1.79,24.1,827.8,-9999.0,-9999.0,-9999.0,-9999.0,-9999.0,-9999.0,-9999.0,0.0,0,0,"time.struct_time(tm_year=2022, tm_mon=12, tm_mday=1, tm_hour=4, tm_min=14, tm_sec=25, tm_wday=3, tm_yday=335, tm_isdst=-1)",2022-12-01,2022,12,335,1,14
2022-12-01 04:16:55,40.760239,-111.909744,1302.7,-9999.0,-9999.0,-9999.0,13.92,7.56,4.47,37.62,3.0,2.0,4.0,27.0,869.0,0.0,23.8,1.78,24.1,828.3,-9999.0,-9999.0,-9999.0,-9999.0,-9999.0,-9999.0,-9999.0,0.0,0,0,"time.struct_time(tm_year=2022, tm_mon=12, tm_mday=1, tm_hour=4, tm_min=16, tm_sec=55, tm_wday=3, tm_yday=335, tm_isdst=-1)",2022-12-01,2022,12,335,1,16
2022-12-01 04:19:25,40.760239,-111.909737,1302.4,-9999.0,-9999.0,-9999.0,13.92,7.58,4.59,36.85,2.0,2.0,4.0,27.0,868.9,0.0,25.4,1.79,24.1,827.8,-9999.0,-9999.0,-9999.0,-9999.0,-9999.0,-9999.0,-9999.0,0.0,0,0,"time.struct_time(tm_year=2022, tm_mon=12, tm_mday=1, tm_hour=4, tm_min=19, tm_sec=25, tm_wday=3, tm_yday=335, tm_isdst=-1)",2022-12-01,2022,12,335,1,19
2022-12-01 04:21:55,40.760239,-111.909737,1302.1,-9999.0,-9999.0,-9999.0,13.92,7.61,4.67,36.07,1.0,2.0,4.11,27.0,868.7,0.0,21.5,1.78,24.1,828.2,-9999.0,-9999.0,-9999.0,-9999.0,-9999.0,-9999.0,-9999.0,0.0,0,0,"time.struct_time(tm_year=2022, tm_mon=12, tm_mday=1, tm_hour=4, tm_min=21, tm_sec=55, tm_wday=3, tm_yday=335, tm_isdst=-1)",2022-12-01,2022,12,335,1,21
2022-12-01 04:24:25,40.760239,-111.909737,1302.0,-9999.0,-9999.0,-9999.0,13.91,7.64,4.71,36.79,2.0,2.0,4.22,27.0,868.7,0.0,18.5,1.79,24.1,827.8,-9999.0,-9999.0,-9999.0,-9999.0,-9999.0,-9999.0,-9999.0,0.0,0,0,"time.struct_time(tm_year=2022, tm_mon=12, tm_mday=1, tm_hour=4, tm_min=24, tm_sec=25, tm_wday=3, tm_yday=335, tm_isdst=-1)",2022-12-01,2022,12,335,1,24
2022-12-01 04:26:55,40.760235,-111.909737,1301.9,-9999.0,-9999.0,-9999.0,13.92,7.67,4.74,38.31,2.0,2.0,4.22,27.0,869.0,0.0,22.7,1.79,24.1,828.2,-9999.0,-9999.0,-9999.0,-9999.0,-9999.0,-9999.0,-9999.0,0.0,0,0,"time.struct_time(tm_year=2022, tm_mon=12, tm_mday=1, tm_hour=4, tm_min=26, tm_sec=55, tm_wday=3, tm_yday=335, tm_isdst=-1)",2022-12-01,2022,12,335,1,26
2022-12-01 04:29:25,40.760235,-111.909737,1301.7,-9999.0,-9999.0,-9999.0,13.92,7.7,4.78,36.47,2.0,2.0,4.28,27.0,868.8,0.0,21.2,1.78,24.1,827.9,-9999.0,-9999.0,-9999.0,-9999.0,-9999.0,-9999.0,-9999.0,0.0,0,0,"time.struct_time(tm_year=2022, tm_mon=12, tm_mday=1, tm_hour=4, tm_min=29, tm_sec=25, tm_wday=3, tm_yday=335, tm_isdst=-1)",2022-12-01,2022,12,335,1,29
2022-12-01 04:31:55,40.760231,-111.909737,1301.4,-9999.0,-9999.0,-9999.0,13.91,7.74,4.8,36.65,2.0,2.0,4.39,27.0,869.0,0.0,26.4,1.78,24.1,828.2,-9999.0,-9999.0,-9999.0,-9999.0,-9999.0,-9999.0,-9999.0,0.0,0,0,"time.struct_time(tm_year=2022, tm_mon=12, tm_mday=1, tm_hour=4, tm_min=31, tm_sec=55, tm_wday=3, tm_yday=335, tm_isdst=-1)",2022-12-01,2022,12,335,1,31
2022-12-01 04:34:25,40.760235,-111.909744,1301.1,-9999.0,-9999.0,-9999.0,13.91,7.77,4.74,37.29,2.0,2.0,4.39,28.0,868.7,0.0,21.5,1.8,24.1,827.9,-9999.0,-9999.0,-9999.0,-9999.0,-9999.0,-9999.0,-9999.0,0.0,0,0,"time.struct_time(tm_year=2022, tm_mon=12, tm_mday=1, tm_hour=4, tm_min=34, tm_sec=25, tm_wday=3, tm_yday=335, tm_isdst=-1)",2022-12-01,2022,12,335,1,34
2022-12-01 04:36:55,40.760231,-111.909737,1300.9,-9999.0,-9999.0,-9999.0,13.92,7.8,4.71,36.33,2.0,2.0,4.5,27.0,868.9,0.0,19.6,1.78,24.2,828.3,-9999.0,-9999.0,-9999.0,-9999.0,-9999.0,-9999.0,-9999.0,0.0,0,0,"time.struct_time(tm_year=2022, tm_mon=12, tm_mday=1, tm_hour=4, tm_min=36, tm_sec=55, tm_wday=3, tm_yday=335, tm_isdst=-1)",2022-12-01,2022,12,335,1,36
2022-12-01 04:40:35,40.760231,-111.909737,1300.6,-9999.0,-9999.0,-9999.0,13.91,7.84,4.7,36.72,3.0,2.0,4.5,27.0,868.8,0.0,16.7,1.79,24.2,828.1,-9999.0,-9999.0,-9999.0,-9999.0,-9999.0,-9999.0,-9999.0,0.0,0,0,"time.struct_time(tm_year=2022, tm_mon=12, tm_mday=1, tm_hour=4, tm_min=40, tm_sec=35, tm_wday=3, tm_yday=335, tm_isdst=-1)",2022-12-01,2022,12,335,1,40
2022-12-01 04:43:05,40.760235,-111.909737,1300.2,-9999.0,-9999.0,-9999.0,13.92,7.87,4.68,36.81,2.0,2.0,4.5,28.0,868.8,0.0,24.9,1.78,24.2,827.8,-9999.0,-9999.0,-9999.0,-9999.0,-9999.0,-9999.0,-9999.0,0.0,0,0,"time.struct_time(tm_year=2022, tm_mon=12, tm_mday=1, tm_hour=4, tm_min=43, tm_sec=5, tm_wday=3, tm_yday=335, tm_isdst=-1)",2022-12-01,2022,12,335,1,43
2022-12-01 04:45:35,40.760235,-111.909737,1299.6,-9999.0,-9999.0,-9999.0,13.92,7.89,4.71,36.81,3.0,2.0,4.5,27.0,868.7,0.0,19.7,1.78,24.2,828.2,-9999.0,-9999.0,-9999.0,-9999.0,-9999.0,-9999.0,-9999.0,0.0,0,0,"time.struct_time(tm_year=2022, tm_mon=12, tm_mday=1, tm_hour=4, tm_min=45, tm_sec=35, tm_wday=3, tm_yday=335, tm_isdst=-1)",2022-12-01,2022,12,335,1,45
2022-12-01 04:48:05,40.760235,-111.909744,1299.3,-9999.0,-9999.0,-9999.0,13.92,7.92,4.78,37.13,3.0,2.0,4.5,28.0,868.7,0.0,19.6,1.79,24.2,827.8,-9999.0,-9999.0,-9999.0,-9999.0,-9999.0,-9999.0,-9999.0,0.0,0,0,"time.struct_time(tm_year=2022, tm_mon=12, tm_mday=1, tm_hour=4, tm_min=48, tm_sec=5, tm_wday=3, tm_yday=335, tm_isdst=-1)",2022-12-01,2022,12,335,1,48
2022-12-01 04:50:35,40.760235,-111.909744,1298.9,-9999.0,-9999.0,-9999.0,13.92,7.95,4.82,37.39,3.0,2.0,4.5,28.0,868.6,0.0,18.4,1.78,24.2,828.1,-9999.0,-9999.0,-9999.0,-9999.0,-9999.0,-9999.0,-9999.0,0.0,0,0,"time.struct_time(tm_year=2022, tm_mon=12, tm_mday=1, tm_hour=4, tm_min=50, tm_sec=35, tm_wday=3, tm_yday=335, tm_isdst=-1)",2022-12-01,2022,12,335,1,50
2022-12-01 04:53:05,40.760235,-111.909744,1298.5,-9999.0,-9999.0,-9999.0,13.92,7.97,4.84,37.31,3.0,2.0,4.61,28.0,868.6,0.0,22.7,1.78,24.3,827.7,-9999.0,-9999.0,-9999.0,-9999.0,-9999.0,-9999.0,-9999.0,0.0,0,0,"time.struct_time(tm_year=2022, tm_mon=12, tm_mday=1, tm_hour=4, tm_min=53, tm_sec=5, tm_wday=3, tm_yday=335, tm_isdst=-1)",2022-12-01,2022,12,335,1,53
2022-12-01 04:55:35,40.760235,-111.909744,1298.1,-9999.0,-9999.0,-9999.0,13.92,8.0,4.9,37.18,3.0,2.0,4.61,28.0,868.8,0.0,18.2,1.79,24.3,828.2,-9999.0,-9999.0,-9999.0,-9999.0,-9999.0,-9999.0,-9999.0,0.0,0,0,"time.struct_time(tm_year=2022, tm_mon=12, tm_mday=1, tm_hour=4, tm_min=55, tm_sec=35, tm_wday=3, tm_yday=335, tm_isdst=-1)",2022-12-01,2022,12,335,1,55
2022-12-01 04:58:05,40.760235,-111.909744,1297.8,-9999.0,-9999.0,-9999.0,13.92,8.03,4.96,36.95,3.0,2.0,4.72,27.0,868.7,0.0,24.4,1.78,24.3,827.7,-9999.0,-9999.0,-9999.0,-9999.0,-9999.0,-9999.0,-9999.0,0.0,0,0,"time.struct_time(tm_year=2022, tm_mon=12, tm_mday=1, tm_hour=4, tm_min=58, tm_sec=5, tm_wday=3, tm_yday=335, tm_isdst=-1)",2022-12-01,2022,12,335,1,58
2022-12-01 05:00:35,40.760235,-111.909752,1297.6,-9999.0,-9999.0,-9999.0,13.92,8.05,4.94,36.51,3.0,2.0,4.72,28.0,868.8,0.0,22.9,1.78,24.3,828.1,-9999.0,-9999.0,-9999.0,-9999.0,-9999.0,-9999.0,-9999.0,0.0,0,0,"time.struct_time(tm_year=2022, tm_mon=12, tm_mday=1, tm_hour=5, tm_min=0, tm_sec=35, tm_wday=3, tm_yday=335, tm_isdst=-1)",2022-12-01,2022,12,335,1,0
2022-12-01 05:03:05,40.760235,-111.909752,1297.4,-9999.0,-9999.0,-9999.0,13.92,8.08,4.9,37.23,3.0,2.0,4.72,27.0,868.7,0.0,26.1,1.78,24.3,827.7,-9999.0,-9999.0,-9999.0,-9999.0,-9999.0,-9999.0,-9999.0,0.0,0,0,"time.struct_time(tm_year=2022, tm_mon=12, tm_mday=1, tm_hour=5, tm_min=3, tm_sec=5, tm_wday=3, tm_yday=335, tm_isdst=-1)",2022-12-01,2022,12,335,1,3
2022-12-01 05:05:35,40.760239,-111.90976,1296.6,-9999.0,-9999.0,-9999.0,13.92,8.1,4.9,36.66,3.0,2.0,4.78,27.0,868.6,0.0,24.9,1.79,24.4,828.0,-9999.0,-9999.0,-9999.0,-9999.0,-9999.0,-9999.0,-9999.0,0.0,0,0,"time.struct_time(tm_year=2022, tm_mon=12, tm_mday=1, tm_hour=5, tm_min=5, tm_sec=35, tm_wday=3, tm_yday=335, tm_isdst=-1)",2022-12-01,2022,12,335,1,5
2022-12-01 05:08:05,40.760242,-111.90976,1296.4,-9999.0,-9999.0,-9999.0,13.91,8.13,4.88,36.55,3.0,2.0,4.78,27.0,868.8,0.0,29.9,1.79,24.4,827.8,-9999.0,-9999.0,-9999.0,-9999.0,-9999.0,-9999.0,-9999.0,0.0,0,0,"time.struct_time(tm_year=2022, tm_mon=12, tm_mday=1, tm_hour=5, tm_min=8, tm_sec=5, tm_wday=3, tm_yday=335, tm_isdst=-1)",2022-12-01,2022,12,335,1,8
2022-12-01 05:10:35,40.760242,-111.90976,1296.3,-9999.0,-9999.0,-9999.0,13.92,8.15,4.97,36.27,3.0,2.0,4.78,27.0,869.0,0.0,31.9,1.78,24.4,828.1,-9999.0,-9999.0,-9999.0,-9999.0,-9999.0,-9999.0,-9999.0,0.0,0,0,"time.struct_time(tm_year=2022, tm_mon=12, tm_mday=1, tm_hour=5, tm_min=10, tm_sec=35, tm_wday=3, tm_yday=335, tm_isdst=-1)",2022-12-01,2022,12,335,1,10
2022-12-01 05:13:05,40.760246,-111.909767,1296.0,-9999.0,-9999.0,-9999.0,13.92,8.17,5.0,35.56,2.0,2.0,4.89,27.0,868.9,0.0,26.4,1.79,24.4,827.9,-9999.0,-9999.0,-9999.0,-9999.0,-9999.0,-9999.0,-9999.0,0.0,0,0,"time.struct_time(tm_year=2022, tm_mon=12, tm_mday=1, tm_hour=5, tm_min=13, tm_sec=5, tm_wday=3, tm_yday=335, tm_isdst=-1)",2022-12-01,2022,12,335,1,13
2022-12-01 05:15:35,40.76025,-111.909775,1295.9,-9999.0,-9999.0,-9999.0,13.92,8.2,5.02,35.64,2.0,2.0,4.89,27.0,868.9,0.0,25.9,1.79,24.4,828.2,-9999.0,-9999.0,-9999.0,-9999.0,-9999.0,-9999.0,-9999.0,0.0,0,0,"time.struct_time(tm_year=2022, tm_mon=12, tm_mday=1, tm_hour=5, tm_min=15, tm_sec=35, tm_wday=3, tm_yday=335, tm_isdst=-1)",2022-12-01,2022,12,335,1,15
2022-12-01 05:18:05,40.760254,-111.909775,1295.9,-9999.0,-9999.0,-9999.0,13.91,8.23,5.06,35.88,2.0,2.0,5.0,27.0,868.9,0.0,25.9,1.77,24.5,827.9,-9999.0,-9999.0,-9999.0,-9999.0,-9999.0,-9999.0,-9999.0,0.0,0,0,"time.struct_time(tm_year=2022, tm_mon=12, tm_mday=1, tm_hour=5, tm_min=18, tm_sec=5, tm_wday=3, tm_yday=335, tm_isdst=-1)",2022-12-01,2022,12,335,1,18
2022-12-01 05:20:35,40.760254,-111.909775,1295.4,-9999.0,-9999.0,-9999.0,13.91,8.26,5.2,35.66,3.0,2.0,5.0,27.0,868.8,0.0,28.2,1.79,24.5,828.2,-9999.0,-9999.0,-9999.0,-9999.0,-9999.0,-9999.0,-9999.0,0.0,0,0,"time.struct_time(tm_year=2022, tm_mon=12, tm_mday=1, tm_hour=5, tm_min=20, tm_sec=35, tm_wday=3, tm_yday=335, tm_isdst=-1)",2022-12-01,2022,12,335,1,20
2022-12-01 05:23:05,40.760254,-111.909782,1295.1,-9999.0,-9999.0,-9999.0,13.92,8.29,5.24,34.69,2.0,2.0,5.0,27.0,869.1,0.0,26.4,1.79,24.5,828.0,-9999.0,-9999.0,-9999.0,-9999.0,-9999.0,-9999.0,-9999.0,0.0,0,0,"time.struct_time(tm_year=2022, tm_mon=12, tm_mday=1, tm_hour=5, tm_min=23, tm_sec=5, tm_wday=3, tm_yday=335, tm_isdst=-1)",2022-12-01,2022,12,335,1,23
2022-12-01 05:25:35,40.760254,-111.909782,1294.6,-9999.0,-9999.0,-9999.0,13.92,8.33,5.26,35.07,2.0,2.0,5.11,27.0,869.0,0.0,31.3,1.79,24.5,828.3,-9999.0,-9999.0,-9999.0,-9999.0,-9999.0,-9999.0,-9999.0,0.0,0,0,"time.struct_time(tm_year=2022, tm_mon=12, tm_mday=1, tm_hour=5, tm_min=25, tm_sec=35, tm_wday=3, tm_yday=335, tm_isdst=-1)",2022-12-01,2022,12,335,1,25
2022-12-01 05:28:05,40.760258,-111.90979,1294.2,-9999.0,-9999.0,-9999.0,13.92,8.36,5.3,34.99,2.0,2.0,5.11,27.0,868.8,0.0,30.3,1.8,24.6,827.8,-9999.0,-9999.0,-9999.0,-9999.0,-9999.0,-9999.0,-9999.0,0.0,0,0,"time.struct_time(tm_year=2022, tm_mon=12, tm_mday=1, tm_hour=5, tm_min=28, tm_sec=5, tm_wday=3, tm_yday=335, tm_isdst=-1)",2022-12-01,2022,12,335,1,28
2022-12-01 05:30:35,40.760262,-111.909798,1293.6,-9999.0,-9999.0,-9999.0,13.92,8.4,5.32,35.04,2.0,2.0,5.22,27.0,868.8,0.0,26.0,1.79,24.6,828.1,-9999.0,-9999.0,-9999.0,-9999.0,-9999.0,-9999.0,-9999.0,0.0,0,0,"time.struct_time(tm_year=2022, tm_mon=12, tm_mday=1, tm_hour=5, tm_min=30, tm_sec=35, tm_wday=3, tm_yday=335, tm_isdst=-1)",2022-12-01,2022,12,335,1,30
2022-12-01 05:33:05,40.760262,-111.909798,1293.2,-9999.0,-9999.0,-9999.0,13.92,8.43,5.34,35.1,2.0,2.0,5.22,27.0,868.9,0.0,29.4,1.79,24.6,827.7,-9999.0,-9999.0,-9999.0,-9999.0,-9999.0,-9999.0,-9999.0,0.0,0,0,"time.struct_time(tm_year=2022, tm_mon=12, tm_mday=1, tm_hour=5, tm_min=33, tm_sec=5, tm_wday=3, tm_yday=335, tm_isdst=-1)",2022-12-01,2022,12,335,1,33
2022-12-01 05:35:35,40.760262,-111.909805,1292.9,-9999.0,-9999.0,-9999.0,13.88,8.47,5.32,35.18,2.0,2.0,5.28,27.0,868.9,0.0,29.6,1.79,24.6,828.0,-9999.0,-9999.0,-9999.0,-9999.0,-9999.0,-9999.0,-9999.0,0.0,0,0,"time.struct_time(tm_year=2022, tm_mon=12, tm_mday=1, tm_hour=5, tm_min=35, tm_sec=35, tm_wday=3, tm_yday=335, tm_isdst=-1)",2022-12-01,2022,12,335,1,35
2022-12-01 05:38:05,40.760262,-111.909805,1292.6,-9999.0,-9999.0,-9999.0,13.88,8.5,5.28,35.6,2.0,2.0,5.28,27.0,868.7,0.0,28.4,1.79,24.7,827.7,-9999.0,-9999.0,-9999.0,-9999.0,-9999.0,-9999.0,-9999.0,0.0,0,0,"time.struct_time(tm_year=2022, tm_mon=12, tm_mday=1, tm_hour=5, tm_min=38, tm_sec=5, tm_wday=3, tm_yday=335, tm_isdst=-1)",2022-12-01,2022,12,335,1,38
2022-12-01 05:41:40,40.760262,-111.909805,1292.3,-9999.0,-9999.0,-9999.0,13.88,8.55,5.24,35.94,2.0,2.0,5.28,27.0,868.6,0.0,27.2,1.78,24.7,827.9,-9999.0,-9999.0,-9999.0,-9999.0,-9999.0,-9999.0,-9999.0,0.0,0,0,"time.struct_time(tm_year=2022, tm_mon=12, tm_mday=1, tm_hour=5, tm_min=41, tm_sec=40, tm_wday=3, tm_yday=335, tm_isdst=-1)",2022-12-01,2022,12,335,1,41
2022-12-01 05:44:10,40.760262,-111.909805,1292.0,-9999.0,-9999.0,-9999.0,13.88,8.58,5.24,35.4,2.0,2.0,5.39,27.0,868.6,0.0,27.7,1.79,24.7,827.7,-9999.0,-9999.0,-9999.0,-9999.0,-9999.0,-9999.0,-9999.0,0.0,0,0,"time.struct_time(tm_year=2022, tm_mon=12, tm_mday=1, tm_hour=5, tm_min=44, tm_sec=10, tm_wday=3, tm_yday=335, tm_isdst=-1)",2022-12-01,2022,12,335,1,44
2022-12-01 05:46:40,40.760258,-111.909813,1291.9,-9999.0,-9999.0,-9999.0,13.88,8.61,5.26,34.44,3.0,2.0,5.39,26.0,868.9,0.0,24.3,1.8,24.8,828.0,-9999.0,-9999.0,-9999.0,-9999.0,-9999.0,-9999.0,-9999.0,0.0,0,0,"time.struct_time(tm_year=2022, tm_mon=12, tm_mday=1, tm_hour=5, tm_min=46, tm_sec=40, tm_wday=3, tm_yday=335, tm_isdst=-1)",2022-12-01,2022,12,335,1,46
2022-12-01 05:49:10,40.760262,-111.909813,1291.8,-9999.0,-9999.0,-9999.0,13.88,8.64,5.3,35.42,3.0,2.0,5.39,26.0,868.6,0.0,14.1,1.8,24.8,827.7,-9999.0,-9999.0,-9999.0,-9999.0,-9999.0,-9999.0,-9999.0,0.0,0,0,"time.struct_time(tm_year=2022, tm_mon=12, tm_mday=1, tm_hour=5, tm_min=49, tm_sec=10, tm_wday=3, tm_yday=335, tm_isdst=-1)",2022-12-01,2022,12,335,1,49
2022-12-01 05:51:40,40.760262,-111.909813,1291.5,-9999.0,-9999.0,-9999.0,13.88,8.67,5.26,35.18,2.0,2.0,5.39,27.0,868.8,0.0,27.1,1.79,24.8,828.0,-9999.0,-9999.0,-9999.0,-9999.0,-9999.0,-9999.0,-9999.0,0.0,0,0,"time.struct_time(tm_year=2022, tm_mon=12, tm_mday=1, tm_hour=5, tm_min=51, tm_sec=40, tm_wday=3, tm_yday=335, tm_isdst=-1)",2022-12-01,2022,12,335,1,51
2022-12-01 05:54:10,40.760262,-111.909813,1291.6,-9999.0,-9999.0,-9999.0,13.88,8.69,5.26,34.93,3.0,2.0,5.39,26.0,868.7,0.0,20.6,1.8,24.8,827.8,-9999.0,-9999.0,-9999.0,-9999.0,-9999.0,-9999.0,-9999.0,0.0,0,0,"time.struct_time(tm_year=2022, tm_mon=12, tm_mday=1, tm_hour=5, tm_min=54, tm_sec=10, tm_wday=3, tm_yday=335, tm_isdst=-1)",2022-12-01,2022,12,335,1,54
2022-12-01 05:56:40,40.760258,-111.909821,1291.5,-9999.0,-9999.0,-9999.0,13.88,8.71,5.24,35.15,2.0,2.0,5.39,26.0,868.9,0.0,21.3,1.79,24.9,828.1,-9999.0,-9999.0,-9999.0,-9999.0,-9999.0,-9999.0,-9999.0,0.0,0,0,"time.struct_time(tm_year=2022, tm_mon=12, tm_mday=1, tm_hour=5, tm_min=56, tm_sec=40, tm_wday=3, tm_yday=335, tm_isdst=-1)",2022-12-01,2022,12,335,1,56
2022-12-01 05:59:10,40.760258,-111.909821,1291.3,-9999.0,-9999.0,-9999.0,13.88,8.74,5.22,35.31,2.0,2.0,5.39,26.0,868.9,0.0,23.9,1.8,24.9,827.9,-9999.0,-9999.0,-9999.0,-9999.0,-9999.0,-9999.0,-9999.0,0.0,0,0,"time.struct_time(tm_year=2022, tm_mon=12, tm_mday=1, tm_hour=5, tm_min=59, tm_sec=10, tm_wday=3, tm_yday=335, tm_isdst=-1)",2022-12-01,2022,12,335,1,59
2022-12-01 06:01:40,40.760258,-111.909813,1291.6,-9999.0,-9999.0,-9999.0,13.88,8.76,5.22,35.38,2.0,2.0,5.39,26.0,868.8,0.0,7.4,1.79,24.9,828.0,-9999.0,-9999.0,-9999.0,-9999.0,-9999.0,-9999.0,-9999.0,0.0,0,0,"time.struct_time(tm_year=2022, tm_mon=12, tm_mday=1, tm_hour=6, tm_min=1, tm_sec=40, tm_wday=3, tm_yday=335, tm_isdst=-1)",2022-12-01,2022,12,335,1,1
2022-12-01 06:04:10,40.760262,-111.909813,1291.6,-9999.0,-9999.0,-9999.0,13.88,8.77,5.26,34.8,2.0,2.0,5.39,26.0,869.0,0.0,17.1,1.79,24.9,827.9,-9999.0,-9999.0,-9999.0,-9999.0,-9999.0,-9999.0,-9999.0,0.0,0,0,"time.struct_time(tm_year=2022, tm_mon=12, tm_mday=1, tm_hour=6, tm_min=4, tm_sec=10, tm_wday=3, tm_yday=335, tm_isdst=-1)",2022-12-01,2022,12,335,1,4
2022-12-01 06:06:40,40.760262,-111.909805,1292.1,-9999.0,-9999.0,-9999.0,13.88,8.79,5.24,35.39,2.0,2.0,5.39,26.0,869.1,0.0,25.3,1.78,25.0,828.2,-9999.0,-9999.0,-9999.0,-9999.0,-9999.0,-9999.0,-9999.0,0.0,0,0,"time.struct_time(tm_year=2022, tm_mon=12, tm_mday=1, tm_hour=6, tm_min=6, tm_sec=40, tm_wday=3, tm_yday=335, tm_isdst=-1)",2022-12-01,2022,12,335,1,6
2022-12-01 06:09:10,40.760265,-111.909805,1292.3,-9999.0,-9999.0,-9999.0,13.88,8.81,5.2,35.05,3.0,2.0,5.39,26.0,868.9,0.0,25.5,1.79,25.0,828.1,-9999.0,-9999.0,-9999.0,-9999.0,-9999.0,-9999.0,-9999.0,0.0,0,0,"time.struct_time(tm_year=2022, tm_mon=12, tm_mday=1, tm_hour=6, tm_min=9, tm_sec=10, tm_wday=3, tm_yday=335, tm_isdst=-1)",2022-12-01,2022,12,335,1,9
2022-12-01 06:11:40,40.760269,-111.909805,1292.7,-9999.0,-9999.0,-9999.0,13.88,8.82,5.18,36.3,2.0,2.0,5.39,26.0,869.0,0.0,22.6,1.79,25.0,828.3,-9999.0,-9999.0,-9999.0,-9999.0,-9999.0,-9999.0,-9999.0,0.0,0,0,"time.struct_time(tm_year=2022, tm_mon=12, tm_mday=1, tm_hour=6, tm_min=11, tm_sec=40, tm_wday=3, tm_yday=335, tm_isdst=-1)",2022-12-01,2022,12,335,1,11
2022-12-01 06:14:10,40.760265,-111.909798,1292.8,-9999.0,-9999.0,-9999.0,13.88,8.84,5.1,36.79,2.0,2.0,5.39,26.0,869.0,0.0,27.1,1.8,25.0,828.1,-9999.0,-9999.0,-9999.0,-9999.0,-9999.0,-9999.0,-9999.0,0.0,0,0,"time.struct_time(tm_year=2022, tm_mon=12, tm_mday=1, tm_hour=6, tm_min=14, tm_sec=10, tm_wday=3, tm_yday=335, tm_isdst=-1)",2022-12-01,2022,12,335,1,14
2022-12-01 06:16:40,40.760265,-111.909805,1292.4,-9999.0,-9999.0,-9999.0,13.88,8.85,5.04,35.59,3.0,2.0,5.39,26.0,868.8,0.0,25.7,1.78,25.0,828.2,-9999.0,-9999.0,-9999.0,-9999.0,-9999.0,-9999.0,-9999.0,0.0,0,0,"time.struct_time(tm_year=2022, tm_mon=12, tm_mday=1, tm_hour=6, tm_min=16, tm_sec=40, tm_wday=3, tm_yday=335, tm_isdst=-1)",2022-12-01,2022,12,335,1,16
2022-12-01 06:19:10,40.760262,-111.909805,1292.0,-9999.0,-9999.0,-9999.0,13.88,8.87,5.1,35.14,2.0,2.0,5.39,26.0,868.9,0.0,26.6,1.8,25.1,828.0,-9999.0,-9999.0,-9999.0,-9999.0,-9999.0,-9999.0,-9999.0,0.0,0,0,"time.struct_time(tm_year=2022, tm_mon=12, tm_mday=1, tm_hour=6, tm_min=19, tm_sec=10, tm_wday=3, tm_yday=335, tm_isdst=-1)",2022-12-01,2022,12,335,1,19
2022-12-01 06:21:40,40.760262,-111.909805,1291.7,-9999.0,-9999.0,-9999.0,13.88,8.88,5.16,35.48,3.0,2.0,5.5,26.0,868.8,0.0,27.9,1.78,25.1,828.1,-9999.0,-9999.0,-9999.0,-9999.0,-9999.0,-9999.0,-9999.0,0.0,0,0,"time.struct_time(tm_year=2022, tm_mon=12, tm_mday=1, tm_hour=6, tm_min=21, tm_sec=40, tm_wday=3, tm_yday=335, tm_isdst=-1)",2022-12-01,2022,12,335,1,21
2022-12-01 06:24:10,40.760258,-111.909805,1291.6,-9999.0,-9999.0,-9999.0,13.88,8.89,5.14,35.55,3.0,2.0,5.5,26.0,868.7,0.0,30.7,1.78,25.1,827.8,-9999.0,-9999.0,-9999.0,-9999.0,-9999.0,-9999.0,-9999.0,0.0,0,0,"time.struct_time(tm_year=2022, tm_mon=12, tm_mday=1, tm_hour=6, tm_min=24, tm_sec=10, tm_wday=3, tm_yday=335, tm_isdst=-1)",2022-12-01,2022,12,335,1,24
2022-12-01 06:26:40,40.760254,-111.909805,1291.6,-9999.0,-9999.0,-9999.0,13.88,8.91,5.12,34.8,2.0,2.0,5.5,26.0,868.9,0.0,25.7,1.79,25.1,827.9,-9999.0,-9999.0,-9999.0,-9999.0,-9999.0,-9999.0,-9999.0,0.0,0,0,"time.struct_time(tm_year=2022, tm_mon=12, tm_mday=1, tm_hour=6, tm_min=26, tm_sec=40, tm_wday=3, tm_yday=335, tm_isdst=-1)",2022-12-01,2022,12,335,1,26
2022-12-01 06:29:10,40.760254,-111.909805,1291.7,-9999.0,-9999.0,-9999.0,13.88,8.92,5.12,36.13,2.0,2.0,5.5,26.0,868.6,0.0,24.1,1.8,25.1,827.7,-9999.0,-9999.0,-9999.0,-9999.0,-9999.0,-9999.0,-9999.0,0.0,0,0,"time.struct_time(tm_year=2022, tm_mon=12, tm_mday=1, tm_hour=6, tm_min=29, tm_sec=10, tm_wday=3, tm_yday=335, tm_isdst=-1)",2022-12-01,2022,12,335,1,29
2022-12-01 06:31:40,40.760254,-111.909798,1292.1,-9999.0,-9999.0,-9999.0,13.88,8.93,5.14,35.35,2.0,2.0,5.5,26.0,868.8,0.0,26.7,1.8,25.1,828.0,-9999.0,-9999.0,-9999.0,-9999.0,-9999.0,-9999.0,-9999.0,0.0,0,0,"time.struct_time(tm_year=2022, tm_mon=12, tm_mday=1, tm_hour=6, tm_min=31, tm_sec=40, tm_wday=3, tm_yday=335, tm_isdst=-1)",2022-12-01,2022,12,335,1,31
2022-12-01 06:34:10,40.760254,-111.909798,1292.1,-9999.0,-9999.0,-9999.0,13.88,8.94,5.18,34.58,2.0,2.0,5.5,26.0,868.5,0.0,26.9,1.8,25.2,827.7,-9999.0,-9999.0,-9999.0,-9999.0,-9999.0,-9999.0,-9999.0,0.0,0,0,"time.struct_time(tm_year=2022, tm_mon=12, tm_mday=1, tm_hour=6, tm_min=34, tm_sec=10, tm_wday=3, tm_yday=335, tm_isdst=-1)",2022-12-01,2022,12,335,1,34
2022-12-01 06:36:40,40.760254,-111.909798,1292.2,-9999.0,-9999.0,-9999.0,13.88,8.95,5.16,35.34,2.0,2.0,5.5,26.0,868.6,0.0,27.8,1.78,25.2,827.8,-9999.0,-9999.0,-9999.0,-9999.0,-9999.0,-9999.0,-9999.0,0.0,0,0,"time.struct_time(tm_year=2022, tm_mon=12, tm_mday=1, tm_hour=6, tm_min=36, tm_sec=40, tm_wday=3, tm_yday=335, tm_isdst=-1)",2022-12-01,2022,12,335,1,36
2022-12-01 06:39:10,40.759998,-111.910027,1290.2,-9999.0,-9999.0,-9999.0,13.88,8.96,5.22,35.44,2.0,2.0,5.39,26.0,868.6,0.0,30.7,1.79,25.2,827.6,-9999.0,-9999.0,-9999.0,-9999.0,-9999.0,-9999.0,-9999.0,0.0,0,1,"time.struct_time(tm_year=2022, tm_mon=12, tm_mday=1, tm_hour=6, tm_min=39, tm_sec=10, tm_wday=3, tm_yday=335, tm_isdst=-1)",2022-12-01,2022,12,335,1,39
2022-12-01 06:42:45,40.764912,-111.915871,1290.4,-9999.0,-9999.0,-9999.0,13.88,8.97,5.22,36.58,4.0,2.0,5.5,26.0,869.0,0.0,27.3,1.78,25.2,827.6,-9999.0,-9999.0,-9999.0,-9999.0,-9999.0,-9999.0,-9999.0,0.0,0,1,"time.struct_time(tm_year=2022, tm_mon=12, tm_mday=1, tm_hour=6, tm_min=42, tm_sec=45, tm_wday=3, tm_yday=335, tm_isdst=-1)",2022-12-01,2022,12,335,1,42
2022-12-01 06:45:15,40.766293,-111.910728,1292.7,-9999.0,-9999.0,-9999.0,13.88,8.98,5.24,36.55,2.0,2.0,5.5,26.0,868.6,0.0,27.9,1.78,25.2,827.9,-9999.0,-9999.0,-9999.0,-9999.0,-9999.0,-9999.0,-9999.0,0.0,0,1,"time.struct_time(tm_year=2022, tm_mon=12, tm_mday=1, tm_hour=6, tm_min=45, tm_sec=15, tm_wday=3, tm_yday=335, tm_isdst=-1)",2022-12-01,2022,12,335,1,45
2022-12-01 06:47:45,40.765785,-111.909721,1293.1,-9999.0,-9999.0,-9999.0,13.88,9.01,5.32,34.94,2.0,2.0,5.61,26.0,868.7,0.0,30.1,1.8,25.2,827.7,-9999.0,-9999.0,-9999.0,-9999.0,-9999.0,-9999.0,-9999.0,0.0,0,1,"time.struct_time(tm_year=2022, tm_mon=12, tm_mday=1, tm_hour=6, tm_min=47, tm_sec=45, tm_wday=3, tm_yday=335, tm_isdst=-1)",2022-12-01,2022,12,335,1,47
2022-12-01 06:50:15,40.765793,-111.909721,1292.7,-9999.0,-9999.0,-9999.0,13.88,9.03,5.44,34.14,2.0,2.0,5.61,26.0,868.8,0.0,30.6,1.8,25.2,827.9,-9999.0,-9999.0,-9999.0,-9999.0,-9999.0,-9999.0,-9999.0,0.0,0,1,"time.struct_time(tm_year=2022, tm_mon=12, tm_mday=1, tm_hour=6, tm_min=50, tm_sec=15, tm_wday=3, tm_yday=335, tm_isdst=-1)",2022-12-01,2022,12,335,1,50
2022-12-01 06:52:45,40.765789,-111.909729,1291.3,-9999.0,-9999.0,-9999.0,13.88,9.07,5.54,34.12,1.0,2.0,5.72,26.0,868.6,0.0,32.8,1.79,25.3,827.7,-9999.0,-9999.0,-9999.0,-9999.0,-9999.0,-9999.0,-9999.0,0.0,0,1,"time.struct_time(tm_year=2022, tm_mon=12, tm_mday=1, tm_hour=6, tm_min=52, tm_sec=45, tm_wday=3, tm_yday=335, tm_isdst=-1)",2022-12-01,2022,12,335,1,52
2022-12-01 06:55:15,40.765778,-111.909729,1290.8,-9999.0,-9999.0,-9999.0,13.88,9.11,5.66,33.67,3.0,2.0,5.72,26.0,868.6,0.0,33.7,1.79,25.3,827.9,-9999.0,-9999.0,-9999.0,-9999.0,-9999.0,-9999.0,-9999.0,0.0,0,1,"time.struct_time(tm_year=2022, tm_mon=12, tm_mday=1, tm_hour=6, tm_min=55, tm_sec=15, tm_wday=3, tm_yday=335, tm_isdst=-1)",2022-12-01,2022,12,335,1,55
2022-12-01 06:57:45,40.765759,-111.909729,1290.1,-9999.0,-9999.0,-9999.0,13.88,9.16,5.76,33.72,2.0,2.0,5.78,26.0,868.6,0.0,31.1,1.8,25.3,827.6,-9999.0,-9999.0,-9999.0,-9999.0,-9999.0,-9999.0,-9999.0,0.0,0,1,"time.struct_time(tm_year=2022, tm_mon=12, tm_mday=1, tm_hour=6, tm_min=57, tm_sec=45, tm_wday=3, tm_yday=335, tm_isdst=-1)",2022-12-01,2022,12,335,1,57
2022-12-01 07:00:15,40.765739,-111.909744,1290.1,-9999.0,-9999.0,-9999.0,13.88,9.21,5.84,33.3,2.0,2.0,5.89,26.0,868.5,0.0,26.1,1.79,25.3,827.9,-9999.0,-9999.0,-9999.0,-9999.0,-9999.0,-9999.0,-9999.0,0.0,0,1,"time.struct_time(tm_year=2022, tm_mon=12, tm_mday=1, tm_hour=7, tm_min=0, tm_sec=15, tm_wday=3, tm_yday=335, tm_isdst=-1)",2022-12-01,2022,12,335,1,0
2022-12-01 07:02:45,40.765743,-111.909744,1289.9,-9999.0,-9999.0,-9999.0,13.88,9.26,5.9,34.56,2.0,2.0,5.89,26.0,868.6,0.0,23.3,1.78,25.3,827.6,-9999.0,-9999.0,-9999.0,-9999.0,-9999.0,-9999.0,-9999.0,0.0,0,1,"time.struct_time(tm_year=2022, tm_mon=12, tm_mday=1, tm_hour=7, tm_min=2, tm_sec=45, tm_wday=3, tm_yday=335, tm_isdst=-1)",2022-12-01,2022,12,335,1,2
2022-12-01 07:05:15,40.765751,-111.909752,1289.6,-9999.0,-9999.0,-9999.0,13.88,9.32,5.92,34.23,2.0,2.0,6.0,26.0,868.5,0.0,28.8,1.79,25.4,827.7,-9999.0,-9999.0,-9999.0,-9999.0,-9999.0,-9999.0,-9999.0,0.0,0,1,"time.struct_time(tm_year=2022, tm_mon=12, tm_mday=1, tm_hour=7, tm_min=5, tm_sec=15, tm_wday=3, tm_yday=335, tm_isdst=-1)",2022-12-01,2022,12,335,1,5
2022-12-01 07:07:45,40.765743,-111.90976,1288.5,-9999.0,-9999.0,-9999.0,13.88,9.38,5.99,33.73,2.0,2.0,6.11,26.0,868.5,0.0,28.4,1.79,25.4,827.5,-9999.0,-9999.0,-9999.0,-9999.0,-9999.0,-9999.0,-9999.0,0.0,0,1,"time.struct_time(tm_year=2022, tm_mon=12, tm_mday=1, tm_hour=7, tm_min=7, tm_sec=45, tm_wday=3, tm_yday=335, tm_isdst=-1)",2022-12-01,2022,12,335,1,7
2022-12-01 07:10:15,40.765736,-111.90976,1288.1,-9999.0,-9999.0,-9999.0,13.88,9.44,6.03,33.98,2.0,2.0,6.11,26.0,868.4,0.0,29.0,1.79,25.4,827.6,-9999.0,-9999.0,-9999.0,-9999.0,-9999.0,-9999.0,-9999.0,0.0,0,1,"time.struct_time(tm_year=2022, tm_mon=12, tm_mday=1, tm_hour=7, tm_min=10, tm_sec=15, tm_wday=3, tm_yday=335, tm_isdst=-1)",2022-12-01,2022,12,335,1,10
2022-12-01 07:12:45,40.765732,-111.909752,1287.5,-9999.0,-9999.0,-9999.0,13.88,9.5,6.07,33.65,3.0,2.0,6.22,26.0,868.4,0.0,30.0,1.79,25.5,827.4,-9999.0,-9999.0,-9999.0,-9999.0,-9999.0,-9999.0,-9999.0,0.0,0,1,"time.struct_time(tm_year=2022, tm_mon=12, tm_mday=1, tm_hour=7, tm_min=12, tm_sec=45, tm_wday=3, tm_yday=335, tm_isdst=-1)",2022-12-01,2022,12,335,1,12
2022-12-01 07:15:15,40.765736,-111.90976,1287.4,-9999.0,-9999.0,-9999.0,13.88,9.56,6.12,34.33,2.0,2.0,6.22,26.0,868.4,0.0,28.5,1.8,25.5,827.5,-9999.0,-9999.0,-9999.0,-9999.0,-9999.0,-9999.0,-9999.0,0.0,0,1,"time.struct_time(tm_year=2022, tm_mon=12, tm_mday=1, tm_hour=7, tm_min=15, tm_sec=15, tm_wday=3, tm_yday=335, tm_isdst=-1)",2022-12-01,2022,12,335,1,15
2022-12-01 07:17:45,40.765743,-111.90976,1286.8,-9999.0,-9999.0,-9999.0,13.88,9.62,6.21,35.66,2.0,2.0,6.28,26.0,868.2,0.0,26.5,1.79,25.5,827.3,-9999.0,-9999.0,-9999.0,-9999.0,-9999.0,-9999.0,-9999.0,0.0,0,1,"time.struct_time(tm_year=2022, tm_mon=12, tm_mday=1, tm_hour=7, tm_min=17, tm_sec=45, tm_wday=3, tm_yday=335, tm_isdst=-1)",2022-12-01,2022,12,335,1,17
2022-12-01 07:20:15,40.765736,-111.909752,1286.4,-9999.0,-9999.0,-9999.0,13.88,9.68,6.33,35.85,3.0,2.0,6.28,26.0,868.2,0.0,23.4,1.79,25.6,827.4,-9999.0,-9999.0,-9999.0,-9999.0,-9999.0,-9999.0,-9999.0,0.0,0,1,"time.struct_time(tm_year=2022, tm_mon=12, tm_mday=1, tm_hour=7, tm_min=20, tm_sec=15, tm_wday=3, tm_yday=335, tm_isdst=-1)",2022-12-01,2022,12,335,1,20
2022-12-01 07:22:45,40.765739,-111.909752,1285.4,-9999.0,-9999.0,-9999.0,13.88,9.75,6.53,34.56,2.0,2.0,6.39,27.0,868.1,0.0,24.2,1.79,25.6,827.2,-9999.0,-9999.0,-9999.0,-9999.0,-9999.0,-9999.0,-9999.0,0.0,0,1,"time.struct_time(tm_year=2022, tm_mon=12, tm_mday=1, tm_hour=7, tm_min=22, tm_sec=45, tm_wday=3, tm_yday=335, tm_isdst=-1)",2022-12-01,2022,12,335,1,22
2022-12-01 07:25:15,40.765724,-111.90976,1285.4,-9999.0,-9999.0,-9999.0,13.88,9.82,6.71,34.99,2.0,2.0,6.5,27.0,868.1,0.0,23.6,1.8,25.7,827.5,-9999.0,-9999.0,-9999.0,-9999.0,-9999.0,-9999.0,-9999.0,0.0,0,1,"time.struct_time(tm_year=2022, tm_mon=12, tm_mday=1, tm_hour=7, tm_min=25, tm_sec=15, tm_wday=3, tm_yday=335, tm_isdst=-1)",2022-12-01,2022,12,335,1,25
2022-12-01 07:27:45,40.765728,-111.909752,1285.5,-9999.0,-9999.0,-9999.0,13.88,9.89,6.89,33.73,2.0,2.0,6.61,27.0,868.1,0.0,20.5,1.79,25.7,827.4,-9999.0,-9999.0,-9999.0,-9999.0,-9999.0,-9999.0,-9999.0,0.0,0,1,"time.struct_time(tm_year=2022, tm_mon=12, tm_mday=1, tm_hour=7, tm_min=27, tm_sec=45, tm_wday=3, tm_yday=335, tm_isdst=-1)",2022-12-01,2022,12,335,1,27
2022-12-01 07:30:15,40.765728,-111.909767,1285.4,-9999.0,-9999.0,-9999.0,13.88,9.96,6.97,33.43,2.0,2.0,6.61,27.0,868.3,0.0,27.5,1.8,25.8,827.5,-9999.0,-9999.0,-9999.0,-9999.0,-9999.0,-9999.0,-9999.0,0.0,0,1,"time.struct_time(tm_year=2022, tm_mon=12, tm_mday=1, tm_hour=7, tm_min=30, tm_sec=15, tm_wday=3, tm_yday=335, tm_isdst=-1)",2022-12-01,2022,12,335,1,30
2022-12-01 07:32:45,40.765739,-111.909767,1286.3,-9999.0,-9999.0,-9999.0,13.88,10.04,7.01,36.0,2.0,2.0,6.72,27.0,868.3,0.0,19.5,1.79,25.8,827.2,-9999.0,-9999.0,-9999.0,-9999.0,-9999.0,-9999.0,-9999.0,0.0,0,1,"time.struct_time(tm_year=2022, tm_mon=12, tm_mday=1, tm_hour=7, tm_min=32, tm_sec=45, tm_wday=3, tm_yday=335, tm_isdst=-1)",2022-12-01,2022,12,335,1,32
2022-12-01 07:35:15,40.765743,-111.909767,1287.2,-9999.0,-9999.0,-9999.0,13.88,10.12,7.07,34.04,3.0,2.0,6.78,27.0,868.0,0.0,21.2,1.79,25.9,827.4,-9999.0,-9999.0,-9999.0,-9999.0,-9999.0,-9999.0,-9999.0,0.0,0,1,"time.struct_time(tm_year=2022, tm_mon=12, tm_mday=1, tm_hour=7, tm_min=35, tm_sec=15, tm_wday=3, tm_yday=335, tm_isdst=-1)",2022-12-01,2022,12,335,1,35
2022-12-01 07:37:45,40.765732,-111.909767,1286.7,-9999.0,-9999.0,-9999.0,13.88,10.2,7.11,32.36,2.0,2.0,6.89,27.0,868.0,0.0,21.6,1.81,26.0,827.0,-9999.0,-9999.0,-9999.0,-9999.0,-9999.0,-9999.0,-9999.0,0.0,0,1,"time.struct_time(tm_year=2022, tm_mon=12, tm_mday=1, tm_hour=7, tm_min=37, tm_sec=45, tm_wday=3, tm_yday=335, tm_isdst=-1)",2022-12-01,2022,12,335,1,37
2022-12-01 07:40:15,40.765724,-111.909752,1286.8,-9999.0,-9999.0,-9999.0,13.88,10.28,7.15,33.47,2.0,2.0,7.0,27.0,867.8,0.0,24.2,1.79,26.0,827.1,-9999.0,-9999.0,-9999.0,-9999.0,-9999.0,-9999.0,-9999.0,0.0,0,1,"time.struct_time(tm_year=2022, tm_mon=12, tm_mday=1, tm_hour=7, tm_min=40, tm_sec=15, tm_wday=3, tm_yday=335, tm_isdst=-1)",2022-12-01,2022,12,335,1,40
2022-12-01 07:43:50,40.76572,-111.909721,1286.1,-9999.0,-9999.0,-9999.0,13.84,10.4,7.25,33.24,2.0,2.0,7.11,26.0,867.9,0.0,26.6,1.79,26.1,826.9,-9999.0,-9999.0,-9999.0,-9999.0,-9999.0,-9999.0,-9999.0,0.0,0,1,"time.struct_time(tm_year=2022, tm_mon=12, tm_mday=1, tm_hour=7, tm_min=43, tm_sec=50, tm_wday=3, tm_yday=335, tm_isdst=-1)",2022-12-01,2022,12,335,1,43
2022-12-01 07:46:20,40.765724,-111.909721,1287.5,-9999.0,-9999.0,-9999.0,13.84,10.48,7.29,33.47,2.0,2.0,7.22,26.0,867.9,0.0,22.4,1.8,26.2,827.0,-9999.0,-9999.0,-9999.0,-9999.0,-9999.0,-9999.0,-9999.0,0.0,0,1,"time.struct_time(tm_year=2022, tm_mon=12, tm_mday=1, tm_hour=7, tm_min=46, tm_sec=20, tm_wday=3, tm_yday=335, tm_isdst=-1)",2022-12-01,2022,12,335,1,46
2022-12-01 07:48:50,40.765713,-111.909714,1286.9,-9999.0,-9999.0,-9999.0,13.85,10.57,7.39,31.73,1.0,2.0,7.28,26.0,867.9,0.0,26.9,1.81,26.3,826.9,-9999.0,-9999.0,-9999.0,-9999.0,-9999.0,-9999.0,-9999.0,0.0,0,1,"time.struct_time(tm_year=2022, tm_mon=12, tm_mday=1, tm_hour=7, tm_min=48, tm_sec=50, tm_wday=3, tm_yday=335, tm_isdst=-1)",2022-12-01,2022,12,335,1,48
2022-12-01 07:51:20,40.76572,-111.909721,1286.8,-9999.0,-9999.0,-9999.0,13.84,10.66,7.51,33.38,2.0,2.0,7.39,26.0,867.8,0.0,28.5,1.79,26.4,827.1,-9999.0,-9999.0,-9999.0,-9999.0,-9999.0,-9999.0,-9999.0,0.0,0,1,"time.struct_time(tm_year=2022, tm_mon=12, tm_mday=1, tm_hour=7, tm_min=51, tm_sec=20, tm_wday=3, tm_yday=335, tm_isdst=-1)",2022-12-01,2022,12,335,1,51
2022-12-01 07:53:50,40.765724,-111.909706,1285.8,-9999.0,-9999.0,-9999.0,13.84,10.75,7.61,31.39,3.0,2.0,7.5,26.0,867.8,0.0,31.2,1.8,26.4,826.9,-9999.0,-9999.0,-9999.0,-9999.0,-9999.0,-9999.0,-9999.0,0.0,0,1,"time.struct_time(tm_year=2022, tm_mon=12, tm_mday=1, tm_hour=7, tm_min=53, tm_sec=50, tm_wday=3, tm_yday=335, tm_isdst=-1)",2022-12-01,2022,12,335,1,53
2022-12-01 07:56:20,40.76572,-111.909698,1285.1,-9999.0,-9999.0,-9999.0,13.84,10.85,7.71,30.81,2.0,2.0,7.61,26.0,867.9,0.0,21.2,1.79,26.5,827.1,-9999.0,-9999.0,-9999.0,-9999.0,-9999.0,-9999.0,-9999.0,0.0,0,1,"time.struct_time(tm_year=2022, tm_mon=12, tm_mday=1, tm_hour=7, tm_min=56, tm_sec=20, tm_wday=3, tm_yday=335, tm_isdst=-1)",2022-12-01,2022,12,335,1,56
2022-12-01 07:58:50,40.765717,-111.909698,1284.1,-9999.0,-9999.0,-9999.0,13.85,10.95,7.77,30.57,1.0,2.0,7.72,26.0,867.7,0.0,33.3,1.8,26.6,826.9,-9999.0,-9999.0,-9999.0,-9999.0,-9999.0,-9999.0,-9999.0,0.0,0,1,"time.struct_time(tm_year=2022, tm_mon=12, tm_mday=1, tm_hour=7, tm_min=58, tm_sec=50, tm_wday=3, tm_yday=335, tm_isdst=-1)",2022-12-01,2022,12,335,1,58
2022-12-01 08:01:20,40.765705,-111.909698,1283.3,-9999.0,-9999.0,-9999.0,13.85,11.04,7.79,30.45,5.0,2.0,7.89,26.0,867.8,0.0,6.5,1.8,26.7,826.9,-9999.0,-9999.0,-9999.0,-9999.0,-9999.0,-9999.0,-9999.0,0.0,0,1,"time.struct_time(tm_year=2022, tm_mon=12, tm_mday=1, tm_hour=8, tm_min=1, tm_sec=20, tm_wday=3, tm_yday=335, tm_isdst=-1)",2022-12-01,2022,12,335,1,1
2022-12-01 08:03:50,40.765713,-111.909698,1283.8,-9999.0,-9999.0,-9999.0,13.84,11.14,7.81,31.61,3.0,2.0,8.0,26.0,867.8,0.0,14.6,1.8,26.8,826.8,-9999.0,-9999.0,-9999.0,-9999.0,-9999.0,-9999.0,-9999.0,0.0,0,1,"time.struct_time(tm_year=2022, tm_mon=12, tm_mday=1, tm_hour=8, tm_min=3, tm_sec=50, tm_wday=3, tm_yday=335, tm_isdst=-1)",2022-12-01,2022,12,335,1,3
2022-12-01 08:06:20,40.765717,-111.909706,1284.3,-9999.0,-9999.0,-9999.0,13.85,11.24,7.83,31.08,2.0,2.0,8.11,26.0,867.7,0.0,22.3,1.81,26.9,826.9,-9999.0,-9999.0,-9999.0,-9999.0,-9999.0,-9999.0,-9999.0,0.0,0,1,"time.struct_time(tm_year=2022, tm_mon=12, tm_mday=1, tm_hour=8, tm_min=6, tm_sec=20, tm_wday=3, tm_yday=335, tm_isdst=-1)",2022-12-01,2022,12,335,1,6
2022-12-01 08:08:50,40.765717,-111.909714,1284.6,-9999.0,-9999.0,-9999.0,13.84,11.34,7.85,30.08,1.0,2.0,8.28,25.0,867.8,0.0,26.9,1.79,26.9,826.7,-9999.0,-9999.0,-9999.0,-9999.0,-9999.0,-9999.0,-9999.0,0.0,0,1,"time.struct_time(tm_year=2022, tm_mon=12, tm_mday=1, tm_hour=8, tm_min=8, tm_sec=50, tm_wday=3, tm_yday=335, tm_isdst=-1)",2022-12-01,2022,12,335,1,8
2022-12-01 08:11:20,40.765701,-111.909714,1284.4,-9999.0,-9999.0,-9999.0,13.85,11.44,7.85,29.98,2.0,2.0,8.39,25.0,867.9,0.0,23.8,1.8,27.0,826.9,-9999.0,-9999.0,-9999.0,-9999.0,-9999.0,-9999.0,-9999.0,0.0,0,1,"time.struct_time(tm_year=2022, tm_mon=12, tm_mday=1, tm_hour=8, tm_min=11, tm_sec=20, tm_wday=3, tm_yday=335, tm_isdst=-1)",2022-12-01,2022,12,335,1,11
2022-12-01 08:13:50,40.765701,-111.909706,1284.1,-9999.0,-9999.0,-9999.0,13.85,11.54,7.87,30.73,2.0,2.0,8.5,25.0,867.6,0.0,25.5,1.81,27.1,826.6,-9999.0,-9999.0,-9999.0,-9999.0,-9999.0,-9999.0,-9999.0,0.0,0,1,"time.struct_time(tm_year=2022, tm_mon=12, tm_mday=1, tm_hour=8, tm_min=13, tm_sec=50, tm_wday=3, tm_yday=335, tm_isdst=-1)",2022-12-01,2022,12,335,1,13
2022-12-01 08:16:20,40.765697,-111.909706,1284.2,-9999.0,-9999.0,-9999.0,13.85,11.64,7.87,30.52,5.0,2.0,8.61,25.0,867.5,0.0,23.3,1.81,27.2,826.8,-9999.0,-9999.0,-9999.0,-9999.0,-9999.0,-9999.0,-9999.0,0.0,0,1,"time.struct_time(tm_year=2022, tm_mon=12, tm_mday=1, tm_hour=8, tm_min=16, tm_sec=20, tm_wday=3, tm_yday=335, tm_isdst=-1)",2022-12-01,2022,12,335,1,16
2022-12-01 08:18:50,40.765694,-111.909698,1283.6,-9999.0,-9999.0,-9999.0,13.85,11.73,7.91,31.51,2.0,2.0,8.61,25.0,867.6,0.0,30.9,1.8,27.3,826.7,-9999.0,-9999.0,-9999.0,-9999.0,-9999.0,-9999.0,-9999.0,0.0,0,1,"time.struct_time(tm_year=2022, tm_mon=12, tm_mday=1, tm_hour=8, tm_min=18, tm_sec=50, tm_wday=3, tm_yday=335, tm_isdst=-1)",2022-12-01,2022,12,335,1,18
2022-12-01 08:21:20,40.765709,-111.909698,1283.2,-9999.0,-9999.0,-9999.0,13.84,11.83,7.98,33.18,2.0,2.0,8.72,25.0,867.5,0.0,28.5,1.81,27.4,826.8,-9999.0,-9999.0,-9999.0,-9999.0,-9999.0,-9999.0,-9999.0,0.0,0,1,"time.struct_time(tm_year=2022, tm_mon=12, tm_mday=1, tm_hour=8, tm_min=21, tm_sec=20, tm_wday=3, tm_yday=335, tm_isdst=-1)",2022-12-01,2022,12,335,1,21
2022-12-01 08:23:50,40.765694,-111.909706,1283.4,-9999.0,-9999.0,-9999.0,13.84,11.92,8.07,31.04,2.0,2.0,8.78,25.0,867.5,0.0,27.7,1.81,27.5,826.9,-9999.0,-9999.0,-9999.0,-9999.0,-9999.0,-9999.0,-9999.0,0.0,0,1,"time.struct_time(tm_year=2022, tm_mon=12, tm_mday=1, tm_hour=8, tm_min=23, tm_sec=50, tm_wday=3, tm_yday=335, tm_isdst=-1)",2022-12-01,2022,12,335,1,23
2022-12-01 08:26:20,40.765705,-111.909721,1283.4,-9999.0,-9999.0,-9999.0,13.84,12.02,8.07,31.22,1.0,2.0,9.0,25.0,867.7,0.0,26.6,1.82,27.6,826.9,-9999.0,-9999.0,-9999.0,-9999.0,-9999.0,-9999.0,-9999.0,0.0,0,1,"time.struct_time(tm_year=2022, tm_mon=12, tm_mday=1, tm_hour=8, tm_min=26, tm_sec=20, tm_wday=3, tm_yday=335, tm_isdst=-1)",2022-12-01,2022,12,335,1,26
2022-12-01 08:28:50,40.765701,-111.909714,1282.0,-9999.0,-9999.0,-9999.0,13.85,12.12,8.12,30.73,1.0,2.0,9.11,25.0,867.7,0.0,12.3,1.82,27.7,826.9,-9999.0,-9999.0,-9999.0,-9999.0,-9999.0,-9999.0,-9999.0,0.0,0,1,"time.struct_time(tm_year=2022, tm_mon=12, tm_mday=1, tm_hour=8, tm_min=28, tm_sec=50, tm_wday=3, tm_yday=335, tm_isdst=-1)",2022-12-01,2022,12,335,1,28
2022-12-01 08:31:20,40.765705,-111.909706,1281.1,-9999.0,-9999.0,-9999.0,13.81,12.22,8.12,30.55,2.0,2.0,9.22,25.0,867.4,0.0,26.7,1.82,27.8,826.7,-9999.0,-9999.0,-9999.0,-9999.0,-9999.0,-9999.0,-9999.0,0.0,0,1,"time.struct_time(tm_year=2022, tm_mon=12, tm_mday=1, tm_hour=8, tm_min=31, tm_sec=20, tm_wday=3, tm_yday=335, tm_isdst=-1)",2022-12-01,2022,12,335,1,31
2022-12-01 08:33:50,40.765697,-111.909698,1280.6,-9999.0,-9999.0,-9999.0,13.81,12.31,8.14,30.3,2.0,2.0,9.28,25.0,867.3,0.0,30.5,1.82,27.9,826.7,-9999.0,-9999.0,-9999.0,-9999.0,-9999.0,-9999.0,-9999.0,0.0,0,1,"time.struct_time(tm_year=2022, tm_mon=12, tm_mday=1, tm_hour=8, tm_min=33, tm_sec=50, tm_wday=3, tm_yday=335, tm_isdst=-1)",2022-12-01,2022,12,335,1,33
2022-12-01 08:36:20,40.765694,-111.909706,1280.8,-9999.0,-9999.0,-9999.0,13.81,12.41,8.14,30.11,2.0,2.0,9.28,25.0,867.4,0.0,29.8,1.82,28.0,826.8,-9999.0,-9999.0,-9999.0,-9999.0,-9999.0,-9999.0,-9999.0,0.0,0,1,"time.struct_time(tm_year=2022, tm_mon=12, tm_mday=1, tm_hour=8, tm_min=36, tm_sec=20, tm_wday=3, tm_yday=335, tm_isdst=-1)",2022-12-01,2022,12,335,1,36
2022-12-01 08:38:50,40.765678,-111.909714,1281.7,-9999.0,-9999.0,-9999.0,13.81,12.5,8.14,30.79,1.0,2.0,9.39,25.0,867.5,0.0,23.1,1.82,28.1,826.6,-9999.0,-9999.0,-9999.0,-9999.0,-9999.0,-9999.0,-9999.0,0.0,0,1,"time.struct_time(tm_year=2022, tm_mon=12, tm_mday=1, tm_hour=8, tm_min=38, tm_sec=50, tm_wday=3, tm_yday=335, tm_isdst=-1)",2022-12-01,2022,12,335,1,38
2022-12-01 08:41:20,40.765663,-111.909698,1281.3,-9999.0,-9999.0,-9999.0,13.81,12.6,8.16,31.39,2.0,2.0,9.5,25.0,867.3,0.0,28.9,1.81,28.2,826.5,-9999.0,-9999.0,-9999.0,-9999.0,-9999.0,-9999.0,-9999.0,0.0,0,1,"time.struct_time(tm_year=2022, tm_mon=12, tm_mday=1, tm_hour=8, tm_min=41, tm_sec=20, tm_wday=3, tm_yday=335, tm_isdst=-1)",2022-12-01,2022,12,335,1,41
2022-12-01 08:44:55,40.765667,-111.909698,1280.0,-9999.0,-9999.0,-9999.0,13.81,12.72,8.22,29.96,1.0,2.0,9.61,25.0,867.2,0.0,31.5,1.82,28.3,826.6,-9999.0,-9999.0,-9999.0,-9999.0,-9999.0,-9999.0,-9999.0,0.0,0,1,"time.struct_time(tm_year=2022, tm_mon=12, tm_mday=1, tm_hour=8, tm_min=44, tm_sec=55, tm_wday=3, tm_yday=335, tm_isdst=-1)",2022-12-01,2022,12,335,1,44
2022-12-01 08:47:25,40.765671,-111.909714,1281.5,-9999.0,-9999.0,-9999.0,13.81,12.81,8.22,31.93,2.0,2.0,9.61,24.0,867.3,0.0,34.3,1.81,28.4,826.3,-9999.0,-9999.0,-9999.0,-9999.0,-9999.0,-9999.0,-9999.0,0.0,0,1,"time.struct_time(tm_year=2022, tm_mon=12, tm_mday=1, tm_hour=8, tm_min=47, tm_sec=25, tm_wday=3, tm_yday=335, tm_isdst=-1)",2022-12-01,2022,12,335,1,47
2022-12-01 08:49:55,40.765671,-111.909706,1282.2,-9999.0,-9999.0,-9999.0,13.81,12.89,8.2,30.18,1.0,2.0,9.72,24.0,867.1,0.0,31.9,1.81,28.5,826.4,-9999.0,-9999.0,-9999.0,-9999.0,-9999.0,-9999.0,-9999.0,0.0,0,1,"time.struct_time(tm_year=2022, tm_mon=12, tm_mday=1, tm_hour=8, tm_min=49, tm_sec=55, tm_wday=3, tm_yday=335, tm_isdst=-1)",2022-12-01,2022,12,335,1,49
2022-12-01 08:52:25,40.765656,-111.909706,1282.9,-9999.0,-9999.0,-9999.0,13.81,12.97,8.25,30.04,2.0,2.0,9.72,24.0,867.3,0.0,33.7,1.82,28.6,826.2,-9999.0,-9999.0,-9999.0,-9999.0,-9999.0,-9999.0,-9999.0,0.0,0,1,"time.struct_time(tm_year=2022, tm_mon=12, tm_mday=1, tm_hour=8, tm_min=52, tm_sec=25, tm_wday=3, tm_yday=335, tm_isdst=-1)",2022-12-01,2022,12,335,1,52
2022-12-01 08:54:55,40.765663,-111.909721,1282.2,-9999.0,-9999.0,-9999.0,13.81,13.05,8.27,29.92,1.0,2.0,9.78,24.0,867.3,0.0,32.5,1.82,28.7,826.5,-9999.0,-9999.0,-9999.0,-9999.0,-9999.0,-9999.0,-9999.0,0.0,0,1,"time.struct_time(tm_year=2022, tm_mon=12, tm_mday=1, tm_hour=8, tm_min=54, tm_sec=55, tm_wday=3, tm_yday=335, tm_isdst=-1)",2022-12-01,2022,12,335,1,54
2022-12-01 08:57:25,40.765663,-111.909729,1281.9,-9999.0,-9999.0,-9999.0,13.81,13.12,8.31,30.3,1.0,2.0,9.89,24.0,867.3,0.0,26.0,1.82,28.8,826.2,-9999.0,-9999.0,-9999.0,-9999.0,-9999.0,-9999.0,-9999.0,0.0,0,1,"time.struct_time(tm_year=2022, tm_mon=12, tm_mday=1, tm_hour=8, tm_min=57, tm_sec=25, tm_wday=3, tm_yday=335, tm_isdst=-1)",2022-12-01,2022,12,335,1,57
2022-12-01 08:59:55,40.765663,-111.909729,1281.7,-9999.0,-9999.0,-9999.0,13.81,13.19,8.32,29.34,1.0,2.0,9.89,24.0,867.2,0.0,36.1,1.82,28.9,826.3,-9999.0,-9999.0,-9999.0,-9999.0,-9999.0,-9999.0,-9999.0,0.0,0,1,"time.struct_time(tm_year=2022, tm_mon=12, tm_mday=1, tm_hour=8, tm_min=59, tm_sec=55, tm_wday=3, tm_yday=335, tm_isdst=-1)",2022-12-01,2022,12,335,1,59
2022-12-01 09:02:25,40.765667,-111.909729,1282.2,-9999.0,-9999.0,-9999.0,13.81,13.26,8.4,28.43,1.0,2.0,9.89,23.0,867.1,0.0,33.1,1.81,28.9,826.3,-9999.0,-9999.0,-9999.0,-9999.0,-9999.0,-9999.0,-9999.0,0.0,0,1,"time.struct_time(tm_year=2022, tm_mon=12, tm_mday=1, tm_hour=9, tm_min=2, tm_sec=25, tm_wday=3, tm_yday=335, tm_isdst=-1)",2022-12-01,2022,12,335,1,2
2022-12-01 09:04:55,40.765667,-111.909737,1283.4,-9999.0,-9999.0,-9999.0,13.81,13.32,8.44,28.92,0.0,2.0,9.89,23.0,867.3,0.0,31.1,1.83,29.0,826.3,-9999.0,-9999.0,-9999.0,-9999.0,-9999.0,-9999.0,-9999.0,0.0,0,1,"time.struct_time(tm_year=2022, tm_mon=12, tm_mday=1, tm_hour=9, tm_min=4, tm_sec=55, tm_wday=3, tm_yday=335, tm_isdst=-1)",2022-12-01,2022,12,335,1,4
2022-12-01 09:07:25,40.765659,-111.909744,1283.9,-9999.0,-9999.0,-9999.0,13.81,13.37,8.48,28.72,1.0,2.0,10.0,23.0,867.1,0.0,31.4,1.82,29.1,826.2,-9999.0,-9999.0,-9999.0,-9999.0,-9999.0,-9999.0,-9999.0,0.0,0,1,"time.struct_time(tm_year=2022, tm_mon=12, tm_mday=1, tm_hour=9, tm_min=7, tm_sec=25, tm_wday=3, tm_yday=335, tm_isdst=-1)",2022-12-01,2022,12,335,1,7
2022-12-01 09:09:55,40.765663,-111.909737,1283.8,-9999.0,-9999.0,-9999.0,13.8,13.43,8.52,30.0,2.0,2.0,10.0,23.0,867.1,0.0,27.5,1.82,29.2,826.3,-9999.0,-9999.0,-9999.0,-9999.0,-9999.0,-9999.0,-9999.0,0.0,0,1,"time.struct_time(tm_year=2022, tm_mon=12, tm_mday=1, tm_hour=9, tm_min=9, tm_sec=55, tm_wday=3, tm_yday=335, tm_isdst=-1)",2022-12-01,2022,12,335,1,9
2022-12-01 09:12:25,40.765671,-111.909737,1285.0,-9999.0,-9999.0,-9999.0,13.81,13.48,8.5,29.26,1.0,2.0,10.0,23.0,867.1,0.0,31.2,1.82,29.2,826.1,-9999.0,-9999.0,-9999.0,-9999.0,-9999.0,-9999.0,-9999.0,0.0,0,1,"time.struct_time(tm_year=2022, tm_mon=12, tm_mday=1, tm_hour=9, tm_min=12, tm_sec=25, tm_wday=3, tm_yday=335, tm_isdst=-1)",2022-12-01,2022,12,335,1,12
2022-12-01 09:14:55,40.765667,-111.909737,1285.3,-9999.0,-9999.0,-9999.0,13.81,13.53,8.44,29.31,1.0,2.0,10.11,23.0,867.0,0.0,28.1,1.82,29.3,826.4,-9999.0,-9999.0,-9999.0,-9999.0,-9999.0,-9999.0,-9999.0,0.0,0,1,"time.struct_time(tm_year=2022, tm_mon=12, tm_mday=1, tm_hour=9, tm_min=14, tm_sec=55, tm_wday=3, tm_yday=335, tm_isdst=-1)",2022-12-01,2022,12,335,1,14
2022-12-01 09:17:25,40.765667,-111.909737,1285.7,-9999.0,-9999.0,-9999.0,13.81,13.58,8.42,29.74,2.0,2.0,10.11,23.0,866.9,0.0,27.7,1.82,29.4,826.2,-9999.0,-9999.0,-9999.0,-9999.0,-9999.0,-9999.0,-9999.0,0.0,0,1,"time.struct_time(tm_year=2022, tm_mon=12, tm_mday=1, tm_hour=9, tm_min=17, tm_sec=25, tm_wday=3, tm_yday=335, tm_isdst=-1)",2022-12-01,2022,12,335,1,17
2022-12-01 09:19:55,40.765678,-111.909737,1286.8,-9999.0,-9999.0,-9999.0,13.81,13.63,8.38,29.89,1.0,2.0,10.11,23.0,867.3,0.0,29.0,1.82,29.4,826.3,-9999.0,-9999.0,-9999.0,-9999.0,-9999.0,-9999.0,-9999.0,0.0,0,1,"time.struct_time(tm_year=2022, tm_mon=12, tm_mday=1, tm_hour=9, tm_min=19, tm_sec=55, tm_wday=3, tm_yday=335, tm_isdst=-1)",2022-12-01,2022,12,335,1,19
2022-12-01 09:22:25,40.765694,-111.909729,1287.3,-9999.0,-9999.0,-9999.0,13.81,13.67,8.36,29.26,1.0,2.0,10.22,23.0,867.1,0.0,30.0,1.83,29.4,826.1,-9999.0,-9999.0,-9999.0,-9999.0,-9999.0,-9999.0,-9999.0,0.0,0,1,"time.struct_time(tm_year=2022, tm_mon=12, tm_mday=1, tm_hour=9, tm_min=22, tm_sec=25, tm_wday=3, tm_yday=335, tm_isdst=-1)",2022-12-01,2022,12,335,1,22
2022-12-01 09:24:55,40.765701,-111.909714,1288.3,-9999.0,-9999.0,-9999.0,13.81,13.71,8.32,29.98,1.0,2.0,10.22,23.0,867.1,0.0,29.7,1.82,29.5,826.4,-9999.0,-9999.0,-9999.0,-9999.0,-9999.0,-9999.0,-9999.0,0.0,0,1,"time.struct_time(tm_year=2022, tm_mon=12, tm_mday=1, tm_hour=9, tm_min=24, tm_sec=55, tm_wday=3, tm_yday=335, tm_isdst=-1)",2022-12-01,2022,12,335,1,24
2022-12-01 09:27:25,40.765686,-111.909714,1289.3,-9999.0,-9999.0,-9999.0,13.81,13.74,8.3,29.52,1.0,2.0,10.22,22.0,867.1,0.0,34.2,1.82,29.6,826.2,-9999.0,-9999.0,-9999.0,-9999.0,-9999.0,-9999.0,-9999.0,0.0,0,1,"time.struct_time(tm_year=2022, tm_mon=12, tm_mday=1, tm_hour=9, tm_min=27, tm_sec=25, tm_wday=3, tm_yday=335, tm_isdst=-1)",2022-12-01,2022,12,335,1,27
2022-12-01 09:29:55,40.765694,-111.909698,1289.8,-9999.0,-9999.0,-9999.0,13.81,13.78,8.28,29.62,1.0,2.0,10.28,23.0,867.0,0.0,31.0,1.82,29.6,826.2,-9999.0,-9999.0,-9999.0,-9999.0,-9999.0,-9999.0,-9999.0,0.0,0,1,"time.struct_time(tm_year=2022, tm_mon=12, tm_mday=1, tm_hour=9, tm_min=29, tm_sec=55, tm_wday=3, tm_yday=335, tm_isdst=-1)",2022-12-01,2022,12,335,1,29
2022-12-01 09:32:25,40.765694,-111.909698,1290.8,-9999.0,-9999.0,-9999.0,13.81,13.81,8.22,29.5,1.0,2.0,10.28,22.0,867.1,0.0,31.1,1.82,29.7,826.2,-9999.0,-9999.0,-9999.0,-9999.0,-9999.0,-9999.0,-9999.0,0.0,0,1,"time.struct_time(tm_year=2022, tm_mon=12, tm_mday=1, tm_hour=9, tm_min=32, tm_sec=25, tm_wday=3, tm_yday=335, tm_isdst=-1)",2022-12-01,2022,12,335,1,32
2022-12-01 09:34:55,40.765701,-111.909691,1291.9,-9999.0,-9999.0,-9999.0,13.81,13.84,8.16,30.26,1.0,2.0,10.28,22.0,866.9,0.0,28.5,1.82,29.7,826.2,-9999.0,-9999.0,-9999.0,-9999.0,-9999.0,-9999.0,-9999.0,0.0,0,1,"time.struct_time(tm_year=2022, tm_mon=12, tm_mday=1, tm_hour=9, tm_min=34, tm_sec=55, tm_wday=3, tm_yday=335, tm_isdst=-1)",2022-12-01,2022,12,335,1,34
2022-12-01 09:37:25,40.765694,-111.909676,1293.2,-9999.0,-9999.0,-9999.0,13.81,13.86,8.15,29.52,1.0,2.0,10.28,22.0,866.9,0.0,33.3,1.82,29.7,826.1,-9999.0,-9999.0,-9999.0,-9999.0,-9999.0,-9999.0,-9999.0,0.0,0,1,"time.struct_time(tm_year=2022, tm_mon=12, tm_mday=1, tm_hour=9, tm_min=37, tm_sec=25, tm_wday=3, tm_yday=335, tm_isdst=-1)",2022-12-01,2022,12,335,1,37
2022-12-01 09:39:55,40.765694,-111.909668,1293.8,-9999.0,-9999.0,-9999.0,13.81,13.88,8.08,29.36,1.0,2.0,10.22,22.0,867.0,0.0,36.1,1.83,29.8,826.2,-9999.0,-9999.0,-9999.0,-9999.0,-9999.0,-9999.0,-9999.0,0.0,0,1,"time.struct_time(tm_year=2022, tm_mon=12, tm_mday=1, tm_hour=9, tm_min=39, tm_sec=55, tm_wday=3, tm_yday=335, tm_isdst=-1)",2022-12-01,2022,12,335,1,39
2022-12-01 09:42:25,40.765701,-111.909668,1293.4,-9999.0,-9999.0,-9999.0,13.81,13.9,8.07,29.14,1.0,2.0,10.22,22.0,866.9,0.0,29.3,1.82,29.8,826.0,-9999.0,-9999.0,-9999.0,-9999.0,-9999.0,-9999.0,-9999.0,0.0,0,1,"time.struct_time(tm_year=2022, tm_mon=12, tm_mday=1, tm_hour=9, tm_min=42, tm_sec=25, tm_wday=3, tm_yday=335, tm_isdst=-1)",2022-12-01,2022,12,335,1,42
2022-12-01 09:46:00,40.765717,-111.909676,1293.1,-9999.0,-9999.0,-9999.0,13.81,13.92,8.06,31.31,2.0,2.0,10.22,22.0,867.0,0.0,26.2,1.83,29.9,826.2,-9999.0,-9999.0,-9999.0,-9999.0,-9999.0,-9999.0,-9999.0,0.0,0,1,"time.struct_time(tm_year=2022, tm_mon=12, tm_mday=1, tm_hour=9, tm_min=46, tm_sec=0, tm_wday=3, tm_yday=335, tm_isdst=-1)",2022-12-01,2022,12,335,1,46
2022-12-01 09:48:30,40.765724,-111.909668,1293.3,-9999.0,-9999.0,-9999.0,13.81,13.94,8.08,29.6,1.0,2.0,10.22,22.0,866.7,0.0,29.3,1.83,29.9,826.0,-9999.0,-9999.0,-9999.0,-9999.0,-9999.0,-9999.0,-9999.0,0.0,0,1,"time.struct_time(tm_year=2022, tm_mon=12, tm_mday=1, tm_hour=9, tm_min=48, tm_sec=30, tm_wday=3, tm_yday=335, tm_isdst=-1)",2022-12-01,2022,12,335,1,48
2022-12-01 09:51:00,40.76572,-111.909653,1294.4,-9999.0,-9999.0,-9999.0,13.81,13.96,8.07,30.44,2.0,2.0,10.22,22.0,866.7,0.0,33.4,1.82,29.9,825.9,-9999.0,-9999.0,-9999.0,-9999.0,-9999.0,-9999.0,-9999.0,0.0,0,1,"time.struct_time(tm_year=2022, tm_mon=12, tm_mday=1, tm_hour=9, tm_min=51, tm_sec=0, tm_wday=3, tm_yday=335, tm_isdst=-1)",2022-12-01,2022,12,335,1,51
2022-12-01 09:53:30,40.765724,-111.90963,1295.0,-9999.0,-9999.0,-9999.0,13.8,13.97,8.03,29.23,2.0,2.0,10.22,21.0,866.8,0.0,36.0,1.83,30.0,826.1,-9999.0,-9999.0,-9999.0,-9999.0,-9999.0,-9999.0,-9999.0,0.0,0,1,"time.struct_time(tm_year=2022, tm_mon=12, tm_mday=1, tm_hour=9, tm_min=53, tm_sec=30, tm_wday=3, tm_yday=335, tm_isdst=-1)",2022-12-01,2022,12,335,1,53
2022-12-01 09:56:00,40.765724,-111.90963,1294.7,-9999.0,-9999.0,-9999.0,13.81,13.98,8.04,28.82,2.0,2.0,10.22,21.0,866.7,0.0,29.5,1.82,30.0,825.7,-9999.0,-9999.0,-9999.0,-9999.0,-9999.0,-9999.0,-9999.0,0.0,0,1,"time.struct_time(tm_year=2022, tm_mon=12, tm_mday=1, tm_hour=9, tm_min=56, tm_sec=0, tm_wday=3, tm_yday=335, tm_isdst=-1)",2022-12-01,2022,12,335,1,56
2022-12-01 09:58:30,40.765717,-111.909622,1294.9,-9999.0,-9999.0,-9999.0,13.81,13.99,8.0,28.92,2.0,2.0,10.22,21.0,866.8,0.0,33.3,1.81,30.0,826.0,-9999.0,-9999.0,-9999.0,-9999.0,-9999.0,-9999.0,-9999.0,0.0,0,1,"time.struct_time(tm_year=2022, tm_mon=12, tm_mday=1, tm_hour=9, tm_min=58, tm_sec=30, tm_wday=3, tm_yday=335, tm_isdst=-1)",2022-12-01,2022,12,335,1,58
2022-12-01 10:01:00,40.765717,-111.909622,1294.6,-9999.0,-9999.0,-9999.0,13.81,13.99,7.93,28.82,1.0,2.0,10.22,21.0,866.6,0.0,25.0,1.82,30.0,825.6,-9999.0,-9999.0,-9999.0,-9999.0,-9999.0,-9999.0,-9999.0,0.0,0,1,"time.struct_time(tm_year=2022, tm_mon=12, tm_mday=1, tm_hour=10, tm_min=1, tm_sec=0, tm_wday=3, tm_yday=335, tm_isdst=-1)",2022-12-01,2022,12,335,1,1
2022-12-01 10:03:30,40.76572,-111.909637,1294.7,-9999.0,-9999.0,-9999.0,13.81,13.99,7.87,29.06,2.0,2.0,10.11,21.0,866.8,0.0,29.8,1.83,30.0,825.9,-9999.0,-9999.0,-9999.0,-9999.0,-9999.0,-9999.0,-9999.0,0.0,0,1,"time.struct_time(tm_year=2022, tm_mon=12, tm_mday=1, tm_hour=10, tm_min=3, tm_sec=30, tm_wday=3, tm_yday=335, tm_isdst=-1)",2022-12-01,2022,12,335,1,3
2022-12-01 10:06:00,40.765717,-111.909637,1294.8,-9999.0,-9999.0,-9999.0,13.81,13.99,7.83,28.78,2.0,2.0,10.11,21.0,866.7,0.0,38.4,1.83,30.1,825.7,-9999.0,-9999.0,-9999.0,-9999.0,-9999.0,-9999.0,-9999.0,0.0,0,1,"time.struct_time(tm_year=2022, tm_mon=12, tm_mday=1, tm_hour=10, tm_min=6, tm_sec=0, tm_wday=3, tm_yday=335, tm_isdst=-1)",2022-12-01,2022,12,335,1,6
2022-12-01 10:08:30,40.765728,-111.909645,1294.0,-9999.0,-9999.0,-9999.0,13.81,13.98,7.82,28.86,2.0,2.0,10.11,21.0,866.5,0.0,30.0,1.82,30.1,825.8,-9999.0,-9999.0,-9999.0,-9999.0,-9999.0,-9999.0,-9999.0,0.0,0,1,"time.struct_time(tm_year=2022, tm_mon=12, tm_mday=1, tm_hour=10, tm_min=8, tm_sec=30, tm_wday=3, tm_yday=335, tm_isdst=-1)",2022-12-01,2022,12,335,1,8
2022-12-01 10:11:00,40.765732,-111.909645,1292.6,-9999.0,-9999.0,-9999.0,13.81,13.98,7.82,28.88,2.0,2.0,10.11,21.0,866.6,0.0,30.7,1.83,30.1,825.5,-9999.0,-9999.0,-9999.0,-9999.0,-9999.0,-9999.0,-9999.0,0.0,0,1,"time.struct_time(tm_year=2022, tm_mon=12, tm_mday=1, tm_hour=10, tm_min=11, tm_sec=0, tm_wday=3, tm_yday=335, tm_isdst=-1)",2022-12-01,2022,12,335,1,11
2022-12-01 10:13:30,40.765732,-111.909653,1291.9,-9999.0,-9999.0,-9999.0,13.81,13.97,7.81,28.86,1.0,2.0,10.11,21.0,866.5,0.0,32.8,1.83,30.1,825.6,-9999.0,-9999.0,-9999.0,-9999.0,-9999.0,-9999.0,-9999.0,0.0,0,1,"time.struct_time(tm_year=2022, tm_mon=12, tm_mday=1, tm_hour=10, tm_min=13, tm_sec=30, tm_wday=3, tm_yday=335, tm_isdst=-1)",2022-12-01,2022,12,335,1,13
2022-12-01 10:16:00,40.765732,-111.909653,1291.6,-9999.0,-9999.0,-9999.0,13.81,13.97,7.83,28.68,1.0,2.0,10.11,21.0,866.2,0.0,31.7,1.82,30.1,825.4,-9999.0,-9999.0,-9999.0,-9999.0,-9999.0,-9999.0,-9999.0,0.0,0,1,"time.struct_time(tm_year=2022, tm_mon=12, tm_mday=1, tm_hour=10, tm_min=16, tm_sec=0, tm_wday=3, tm_yday=335, tm_isdst=-1)",2022-12-01,2022,12,335,1,16
2022-12-01 10:18:30,40.765743,-111.90966,1291.4,-9999.0,-9999.0,-9999.0,13.81,13.96,7.85,28.88,2.0,2.0,10.11,21.0,866.3,0.0,30.7,1.82,30.1,825.5,-9999.0,-9999.0,-9999.0,-9999.0,-9999.0,-9999.0,-9999.0,0.0,0,1,"time.struct_time(tm_year=2022, tm_mon=12, tm_mday=1, tm_hour=10, tm_min=18, tm_sec=30, tm_wday=3, tm_yday=335, tm_isdst=-1)",2022-12-01,2022,12,335,1,18
2022-12-01 10:21:00,40.765755,-111.90966,1290.7,-9999.0,-9999.0,-9999.0,13.81,13.95,7.73,29.26,2.0,2.0,10.11,21.0,866.3,0.0,31.9,1.82,30.1,825.3,-9999.0,-9999.0,-9999.0,-9999.0,-9999.0,-9999.0,-9999.0,0.0,0,1,"time.struct_time(tm_year=2022, tm_mon=12, tm_mday=1, tm_hour=10, tm_min=21, tm_sec=0, tm_wday=3, tm_yday=335, tm_isdst=-1)",2022-12-01,2022,12,335,1,21
2022-12-01 10:23:30,40.765762,-111.909668,1290.0,-9999.0,-9999.0,-9999.0,13.81,13.94,7.61,29.62,2.0,2.0,10.11,21.0,866.2,0.0,36.7,1.83,30.1,825.4,-9999.0,-9999.0,-9999.0,-9999.0,-9999.0,-9999.0,-9999.0,0.0,0,1,"time.struct_time(tm_year=2022, tm_mon=12, tm_mday=1, tm_hour=10, tm_min=23, tm_sec=30, tm_wday=3, tm_yday=335, tm_isdst=-1)",2022-12-01,2022,12,335,1,23
2022-12-01 10:26:00,40.765774,-111.909676,1288.9,-9999.0,-9999.0,-9999.0,13.81,13.92,7.61,29.88,2.0,2.0,10.0,21.0,866.2,0.0,30.5,1.83,30.1,825.2,-9999.0,-9999.0,-9999.0,-9999.0,-9999.0,-9999.0,-9999.0,0.0,0,1,"time.struct_time(tm_year=2022, tm_mon=12, tm_mday=1, tm_hour=10, tm_min=26, tm_sec=0, tm_wday=3, tm_yday=335, tm_isdst=-1)",2022-12-01,2022,12,335,1,26
2022-12-01 10:28:30,40.765789,-111.909676,1288.4,-9999.0,-9999.0,-9999.0,13.81,13.91,7.53,30.0,2.0,2.0,10.0,21.0,866.0,0.0,32.8,1.83,30.1,825.4,-9999.0,-9999.0,-9999.0,-9999.0,-9999.0,-9999.0,-9999.0,0.0,0,1,"time.struct_time(tm_year=2022, tm_mon=12, tm_mday=1, tm_hour=10, tm_min=28, tm_sec=30, tm_wday=3, tm_yday=335, tm_isdst=-1)",2022-12-01,2022,12,335,1,28
2022-12-01 10:31:00,40.765793,-111.909683,1287.9,-9999.0,-9999.0,-9999.0,13.81,13.89,7.51,29.57,3.0,2.0,10.0,20.0,866.2,0.0,28.4,1.84,30.1,825.1,-9999.0,-9999.0,-9999.0,-9999.0,-9999.0,-9999.0,-9999.0,0.0,0,1,"time.struct_time(tm_year=2022, tm_mon=12, tm_mday=1, tm_hour=10, tm_min=31, tm_sec=0, tm_wday=3, tm_yday=335, tm_isdst=-1)",2022-12-01,2022,12,335,1,31
2022-12-01 10:33:30,40.7658,-111.909691,1288.7,-9999.0,-9999.0,-9999.0,13.81,13.88,7.51,30.26,2.0,2.0,10.0,21.0,866.3,0.0,23.5,1.83,30.1,825.3,-9999.0,-9999.0,-9999.0,-9999.0,-9999.0,-9999.0,-9999.0,0.0,0,1,"time.struct_time(tm_year=2022, tm_mon=12, tm_mday=1, tm_hour=10, tm_min=33, tm_sec=30, tm_wday=3, tm_yday=335, tm_isdst=-1)",2022-12-01,2022,12,335,1,33
2022-12-01 10:36:00,40.765789,-111.909698,1289.3,-9999.0,-9999.0,-9999.0,13.81,13.86,7.51,29.81,3.0,2.0,9.89,21.0,866.1,0.0,34.3,1.82,30.1,825.2,-9999.0,-9999.0,-9999.0,-9999.0,-9999.0,-9999.0,-9999.0,0.0,0,1,"time.struct_time(tm_year=2022, tm_mon=12, tm_mday=1, tm_hour=10, tm_min=36, tm_sec=0, tm_wday=3, tm_yday=335, tm_isdst=-1)",2022-12-01,2022,12,335,1,36
2022-12-01 10:38:30,40.765797,-111.909698,1290.3,-9999.0,-9999.0,-9999.0,13.81,13.84,7.47,29.74,2.0,2.0,9.89,20.0,866.0,0.0,30.4,1.82,30.1,825.3,-9999.0,-9999.0,-9999.0,-9999.0,-9999.0,-9999.0,-9999.0,0.0,0,1,"time.struct_time(tm_year=2022, tm_mon=12, tm_mday=1, tm_hour=10, tm_min=38, tm_sec=30, tm_wday=3, tm_yday=335, tm_isdst=-1)",2022-12-01,2022,12,335,1,38
2022-12-01 10:41:00,40.765793,-111.909698,1290.7,-9999.0,-9999.0,-9999.0,13.81,13.83,7.43,29.72,2.0,2.0,9.89,20.0,866.0,0.0,31.7,1.83,30.1,825.1,-9999.0,-9999.0,-9999.0,-9999.0,-9999.0,-9999.0,-9999.0,0.0,0,1,"time.struct_time(tm_year=2022, tm_mon=12, tm_mday=1, tm_hour=10, tm_min=41, tm_sec=0, tm_wday=3, tm_yday=335, tm_isdst=-1)",2022-12-01,2022,12,335,1,41
2022-12-01 10:43:30,40.765778,-111.909691,1290.6,-9999.0,-9999.0,-9999.0,13.81,13.81,7.41,29.98,2.0,2.0,9.89,20.0,866.2,0.0,29.5,1.83,30.1,825.4,-9999.0,-9999.0,-9999.0,-9999.0,-9999.0,-9999.0,-9999.0,0.0,0,1,"time.struct_time(tm_year=2022, tm_mon=12, tm_mday=1, tm_hour=10, tm_min=43, tm_sec=30, tm_wday=3, tm_yday=335, tm_isdst=-1)",2022-12-01,2022,12,335,1,43
2022-12-01 10:47:05,40.765766,-111.909691,1291.2,-9999.0,-9999.0,-9999.0,13.81,13.78,7.38,29.65,2.0,2.0,9.89,20.0,866.2,0.0,32.1,1.82,30.0,825.1,-9999.0,-9999.0,-9999.0,-9999.0,-9999.0,-9999.0,-9999.0,0.0,0,1,"time.struct_time(tm_year=2022, tm_mon=12, tm_mday=1, tm_hour=10, tm_min=47, tm_sec=5, tm_wday=3, tm_yday=335, tm_isdst=-1)",2022-12-01,2022,12,335,1,47
2022-12-01 10:49:35,40.765766,-111.909698,1291.0,-9999.0,-9999.0,-9999.0,13.81,13.76,7.33,30.11,1.0,2.0,9.78,20.0,865.9,0.0,32.2,1.83,30.0,825.4,-9999.0,-9999.0,-9999.0,-9999.0,-9999.0,-9999.0,-9999.0,0.0,0,1,"time.struct_time(tm_year=2022, tm_mon=12, tm_mday=1, tm_hour=10, tm_min=49, tm_sec=35, tm_wday=3, tm_yday=335, tm_isdst=-1)",2022-12-01,2022,12,335,1,49
2022-12-01 10:52:05,40.765762,-111.909698,1290.7,-9999.0,-9999.0,-9999.0,13.81,13.74,7.33,29.98,1.0,2.0,9.78,20.0,866.2,0.0,29.6,1.82,30.0,825.2,-9999.0,-9999.0,-9999.0,-9999.0,-9999.0,-9999.0,-9999.0,0.0,0,1,"time.struct_time(tm_year=2022, tm_mon=12, tm_mday=1, tm_hour=10, tm_min=52, tm_sec=5, tm_wday=3, tm_yday=335, tm_isdst=-1)",2022-12-01,2022,12,335,1,52
2022-12-01 10:54:35,40.765759,-111.909698,1289.9,-9999.0,-9999.0,-9999.0,13.81,13.72,7.27,29.62,2.0,2.0,9.72,20.0,866.0,0.0,28.4,1.83,30.0,825.3,-9999.0,-9999.0,-9999.0,-9999.0,-9999.0,-9999.0,-9999.0,0.0,0,1,"time.struct_time(tm_year=2022, tm_mon=12, tm_mday=1, tm_hour=10, tm_min=54, tm_sec=35, tm_wday=3, tm_yday=335, tm_isdst=-1)",2022-12-01,2022,12,335,1,54
2022-12-01 10:57:05,40.765755,-111.909706,1290.0,-9999.0,-9999.0,-9999.0,13.81,13.69,7.29,30.38,2.0,2.0,9.72,20.0,865.9,0.0,3.4,1.83,30.0,825.1,-9999.0,-9999.0,-9999.0,-9999.0,-9999.0,-9999.0,-9999.0,0.0,0,1,"time.struct_time(tm_year=2022, tm_mon=12, tm_mday=1, tm_hour=10, tm_min=57, tm_sec=5, tm_wday=3, tm_yday=335, tm_isdst=-1)",2022-12-01,2022,12,335,1,57
2022-12-01 10:59:35,40.765762,-111.909698,1289.6,-9999.0,-9999.0,-9999.0,13.81,13.67,7.31,30.2,2.0,2.0,9.72,20.0,866.2,0.0,24.6,1.84,30.0,825.2,-9999.0,-9999.0,-9999.0,-9999.0,-9999.0,-9999.0,-9999.0,0.0,0,1,"time.struct_time(tm_year=2022, tm_mon=12, tm_mday=1, tm_hour=10, tm_min=59, tm_sec=35, tm_wday=3, tm_yday=335, tm_isdst=-1)",2022-12-01,2022,12,335,1,59
2022-12-01 11:02:05,40.765759,-111.909706,1289.7,-9999.0,-9999.0,-9999.0,13.81,13.65,7.25,29.89,2.0,2.0,9.72,20.0,866.1,0.0,29.0,1.82,30.0,825.0,-9999.0,-9999.0,-9999.0,-9999.0,-9999.0,-9999.0,-9999.0,0.0,0,1,"time.struct_time(tm_year=2022, tm_mon=12, tm_mday=1, tm_hour=11, tm_min=2, tm_sec=5, tm_wday=3, tm_yday=335, tm_isdst=-1)",2022-12-01,2022,12,335,1,2
2022-12-01 11:04:35,40.765759,-111.909714,1289.7,-9999.0,-9999.0,-9999.0,13.81,13.62,7.23,30.56,3.0,2.0,9.72,20.0,865.8,0.0,23.1,1.82,29.9,825.3,-9999.0,-9999.0,-9999.0,-9999.0,-9999.0,-9999.0,-9999.0,0.0,0,1,"time.struct_time(tm_year=2022, tm_mon=12, tm_mday=1, tm_hour=11, tm_min=4, tm_sec=35, tm_wday=3, tm_yday=335, tm_isdst=-1)",2022-12-01,2022,12,335,1,4
2022-12-01 11:07:05,40.765747,-111.909714,1289.6,-9999.0,-9999.0,-9999.0,13.81,13.6,7.13,30.78,1.0,2.0,9.72,20.0,865.9,0.0,24.2,1.83,29.9,825.1,-9999.0,-9999.0,-9999.0,-9999.0,-9999.0,-9999.0,-9999.0,0.0,0,1,"time.struct_time(tm_year=2022, tm_mon=12, tm_mday=1, tm_hour=11, tm_min=7, tm_sec=5, tm_wday=3, tm_yday=335, tm_isdst=-1)",2022-12-01,2022,12,335,1,7
2022-12-01 11:09:35,40.765678,-111.909706,1289.9,-9999.0,-9999.0,-9999.0,13.81,13.58,7.11,30.94,2.0,2.0,9.72,20.0,865.9,0.0,26.5,1.83,29.9,825.1,-9999.0,-9999.0,-9999.0,-9999.0,-9999.0,-9999.0,-9999.0,0.0,0,1,"time.struct_time(tm_year=2022, tm_mon=12, tm_mday=1, tm_hour=11, tm_min=9, tm_sec=35, tm_wday=3, tm_yday=335, tm_isdst=-1)",2022-12-01,2022,12,335,1,9
2022-12-01 11:12:05,40.765686,-111.909721,1289.2,-9999.0,-9999.0,-9999.0,13.81,13.56,7.11,30.58,2.0,2.0,9.61,20.0,866.0,0.0,23.2,1.83,29.9,825.0,-9999.0,-9999.0,-9999.0,-9999.0,-9999.0,-9999.0,-9999.0,0.0,0,1,"time.struct_time(tm_year=2022, tm_mon=12, tm_mday=1, tm_hour=11, tm_min=12, tm_sec=5, tm_wday=3, tm_yday=335, tm_isdst=-1)",2022-12-01,2022,12,335,1,12
2022-12-01 11:14:35,40.765686,-111.909714,1288.8,-9999.0,-9999.0,-9999.0,13.81,13.54,7.15,30.32,2.0,2.0,9.61,20.0,865.8,0.0,26.9,1.83,29.9,825.2,-9999.0,-9999.0,-9999.0,-9999.0,-9999.0,-9999.0,-9999.0,0.0,0,1,"time.struct_time(tm_year=2022, tm_mon=12, tm_mday=1, tm_hour=11, tm_min=14, tm_sec=35, tm_wday=3, tm_yday=335, tm_isdst=-1)",2022-12-01,2022,12,335,1,14
2022-12-01 11:17:05,40.76569,-111.909721,1289.1,-9999.0,-9999.0,-9999.0,13.81,13.52,7.15,30.66,2.0,2.0,9.61,20.0,865.8,0.0,26.8,1.82,29.9,824.8,-9999.0,-9999.0,-9999.0,-9999.0,-9999.0,-9999.0,-9999.0,0.0,0,1,"time.struct_time(tm_year=2022, tm_mon=12, tm_mday=1, tm_hour=11, tm_min=17, tm_sec=5, tm_wday=3, tm_yday=335, tm_isdst=-1)",2022-12-01,2022,12,335,1,17
2022-12-01 11:19:35,40.765701,-111.909721,1289.3,-9999.0,-9999.0,-9999.0,13.81,13.5,7.13,30.46,1.0,2.0,9.61,20.0,865.9,0.0,27.2,1.82,29.8,825.1,-9999.0,-9999.0,-9999.0,-9999.0,-9999.0,-9999.0,-9999.0,0.0,0,1,"time.struct_time(tm_year=2022, tm_mon=12, tm_mday=1, tm_hour=11, tm_min=19, tm_sec=35, tm_wday=3, tm_yday=335, tm_isdst=-1)",2022-12-01,2022,12,335,1,19
2022-12-01 11:22:05,40.765705,-111.909729,1288.2,-9999.0,-9999.0,-9999.0,13.81,13.48,7.15,30.28,1.0,2.0,9.61,20.0,865.7,0.0,29.3,1.82,29.8,824.9,-9999.0,-9999.0,-9999.0,-9999.0,-9999.0,-9999.0,-9999.0,0.0,0,1,"time.struct_time(tm_year=2022, tm_mon=12, tm_mday=1, tm_hour=11, tm_min=22, tm_sec=5, tm_wday=3, tm_yday=335, tm_isdst=-1)",2022-12-01,2022,12,335,1,22
2022-12-01 11:24:35,40.76572,-111.909729,1289.2,-9999.0,-9999.0,-9999.0,13.81,13.46,7.18,30.73,1.0,2.0,9.61,20.0,866.0,0.0,25.7,1.83,29.8,825.2,-9999.0,-9999.0,-9999.0,-9999.0,-9999.0,-9999.0,-9999.0,0.0,0,1,"time.struct_time(tm_year=2022, tm_mon=12, tm_mday=1, tm_hour=11, tm_min=24, tm_sec=35, tm_wday=3, tm_yday=335, tm_isdst=-1)",2022-12-01,2022,12,335,1,24
2022-12-01 11:27:05,40.76572,-111.909714,1289.0,-9999.0,-9999.0,-9999.0,13.81,13.44,7.15,30.26,2.0,2.0,9.61,20.0,865.8,0.0,31.9,1.83,29.8,825.0,-9999.0,-9999.0,-9999.0,-9999.0,-9999.0,-9999.0,-9999.0,0.0,0,1,"time.struct_time(tm_year=2022, tm_mon=12, tm_mday=1, tm_hour=11, tm_min=27, tm_sec=5, tm_wday=3, tm_yday=335, tm_isdst=-1)",2022-12-01,2022,12,335,1,27
2022-12-01 11:29:35,40.765724,-111.909714,1289.8,-9999.0,-9999.0,-9999.0,13.81,13.42,7.15,30.56,1.0,2.0,9.5,20.0,865.8,0.0,25.5,1.83,29.8,825.2,-9999.0,-9999.0,-9999.0,-9999.0,-9999.0,-9999.0,-9999.0,0.0,0,1,"time.struct_time(tm_year=2022, tm_mon=12, tm_mday=1, tm_hour=11, tm_min=29, tm_sec=35, tm_wday=3, tm_yday=335, tm_isdst=-1)",2022-12-01,2022,12,335,1,29
2022-12-01 11:32:05,40.765724,-111.909706,1288.9,-9999.0,-9999.0,-9999.0,13.81,13.39,7.13,30.34,1.0,2.0,9.5,20.0,865.8,0.0,31.7,1.82,29.7,825.0,-9999.0,-9999.0,-9999.0,-9999.0,-9999.0,-9999.0,-9999.0,0.0,0,1,"time.struct_time(tm_year=2022, tm_mon=12, tm_mday=1, tm_hour=11, tm_min=32, tm_sec=5, tm_wday=3, tm_yday=335, tm_isdst=-1)",2022-12-01,2022,12,335,1,32
2022-12-01 11:34:35,40.765713,-111.909706,1288.5,-9999.0,-9999.0,-9999.0,13.81,13.37,7.13,30.32,1.0,2.0,9.5,20.0,865.9,0.0,27.3,1.83,29.7,825.1,-9999.0,-9999.0,-9999.0,-9999.0,-9999.0,-9999.0,-9999.0,0.0,0,1,"time.struct_time(tm_year=2022, tm_mon=12, tm_mday=1, tm_hour=11, tm_min=34, tm_sec=35, tm_wday=3, tm_yday=335, tm_isdst=-1)",2022-12-01,2022,12,335,1,34
2022-12-01 11:37:05,40.765709,-111.909698,1287.0,-9999.0,-9999.0,-9999.0,13.81,13.35,7.13,30.76,1.0,2.0,9.5,20.0,865.7,0.0,22.2,1.83,29.7,824.8,-9999.0,-9999.0,-9999.0,-9999.0,-9999.0,-9999.0,-9999.0,0.0,0,1,"time.struct_time(tm_year=2022, tm_mon=12, tm_mday=1, tm_hour=11, tm_min=37, tm_sec=5, tm_wday=3, tm_yday=335, tm_isdst=-1)",2022-12-01,2022,12,335,1,37
2022-12-01 11:39:35,40.765709,-111.909698,1286.9,-9999.0,-9999.0,-9999.0,13.8,13.32,7.11,30.22,1.0,2.0,9.39,20.0,865.6,0.0,31.4,1.82,29.7,824.9,-9999.0,-9999.0,-9999.0,-9999.0,-9999.0,-9999.0,-9999.0,0.0,0,1,"time.struct_time(tm_year=2022, tm_mon=12, tm_mday=1, tm_hour=11, tm_min=39, tm_sec=35, tm_wday=3, tm_yday=335, tm_isdst=-1)",2022-12-01,2022,12,335,1,39
