Timestamp_UTC,Latitude_ddeg,Longitude_ddeg,Elevation_m,GPS_Speed_m/s,GPS_Direction_deg,GPS_RMC_Valid_binary,Battery_Voltage_volts,Bus_Box_Temperature_degC,Bus_Top_Temperature_degC,Bus_Top_Relative_Humidity_%,ES642_PM2.5_Concentration_ug/m3,ES642_Air_Flow_Rate_L/min,ES642_Internal_Air_Temperature_degC,ES642_Internal_Relative_Humidity_%,ES642_Internal_Air_Pressure_hpa,ES642_Error_Code_code,2B_Ozone_Concentration_ppbv,2B_Air_Flow_Rate_L/min,2B_Internal_Air_Temperature_degC,2B_Internal_Air_Pressure_hpa,2B405_NO_Concentration_ppbv,2B405_NO2_Concentration_ppbv,2B405_NOX_Concentration_ppbv,2B405_Internal_Air_Temperature_degC,2B405_Internal_Air_Pressure_hpa,2B405_Air_Flow_Rate_L/min,2B405_Cell_O3_Flow_Rate_mL/min,PM2.5_Data_Flagged_binary,Ozone_Data_Flagged_binary,GPS_Data_Flagged_binary,Time_Tuple,Date,Year,Month,Day_of_Year,Day_of_Month,Minute,Hour,Transit_ID
2023-08-03 17:50:05,40.762074,-111.910126,1303.1,0.0,0.0,1.0,13.67,21.96,23.63,48.16,4.0,2.0,22.39,43.0,875.2,0.0,24.0,2.27,22.8,825.3,-9999.0,-9999.0,-9999.0,-9999.0,-9999.0,-9999.0,-9999.0,0.0,0,1,"time.struct_time(tm_year=2023, tm_mon=8, tm_mday=3, tm_hour=17, tm_min=50, tm_sec=5, tm_wday=3, tm_yday=215, tm_isdst=-1)",2023-08-03,2023,8,215,3,50,17,BUS02
2023-08-03 17:52:35,40.762096,-111.91024,1297.9,0.0,0.0,1.0,13.68,22.05,23.56,48.06,1.0,2.0,22.61,47.0,875.4,0.0,30.0,2.26,24.3,825.0,-9999.0,-9999.0,-9999.0,-9999.0,-9999.0,-9999.0,-9999.0,0.0,0,1,"time.struct_time(tm_year=2023, tm_mon=8, tm_mday=3, tm_hour=17, tm_min=52, tm_sec=35, tm_wday=3, tm_yday=215, tm_isdst=-1)",2023-08-03,2023,8,215,3,52,17,BUS02
2023-08-03 17:55:05,40.762157,-111.910187,1291.4,0.0,0.0,1.0,13.67,22.18,23.62,47.64,2.0,2.0,22.72,48.0,875.3,0.0,36.8,2.27,25.6,825.0,-9999.0,-9999.0,-9999.0,-9999.0,-9999.0,-9999.0,-9999.0,0.0,0,1,"time.struct_time(tm_year=2023, tm_mon=8, tm_mday=3, tm_hour=17, tm_min=55, tm_sec=5, tm_wday=3, tm_yday=215, tm_isdst=-1)",2023-08-03,2023,8,215,3,55,17,BUS02
2023-08-03 17:57:35,40.762112,-111.91024,1290.5,0.0,0.0,1.0,13.64,22.34,23.64,48.65,2.0,2.0,22.89,47.0,875.2,0.0,34.7,2.27,26.7,824.8,-9999.0,-9999.0,-9999.0,-9999.0,-9999.0,-9999.0,-9999.0,0.0,0,1,"time.struct_time(tm_year=2023, tm_mon=8, tm_mday=3, tm_hour=17, tm_min=57, tm_sec=35, tm_wday=3, tm_yday=215, tm_isdst=-1)",2023-08-03,2023,8,215,3,57,17,BUS02
2023-08-03 18:00:05,40.762035,-111.910141,1275.7,0.0,0.0,1.0,13.64,22.52,23.8,47.5,1.0,2.0,23.0,46.0,875.1,0.0,37.1,2.28,27.7,824.8,-9999.0,-9999.0,-9999.0,-9999.0,-9999.0,-9999.0,-9999.0,0.0,0,1,"time.struct_time(tm_year=2023, tm_mon=8, tm_mday=3, tm_hour=18, tm_min=0, tm_sec=5, tm_wday=3, tm_yday=215, tm_isdst=-1)",2023-08-03,2023,8,215,3,0,18,BUS02
2023-08-03 18:02:35,40.762108,-111.910172,1289.9,0.0,0.0,1.0,13.13,22.73,23.74,47.82,1.0,2.0,23.22,44.0,875.0,0.0,36.5,2.26,28.6,824.6,-9999.0,-9999.0,-9999.0,-9999.0,-9999.0,-9999.0,-9999.0,0.0,0,1,"time.struct_time(tm_year=2023, tm_mon=8, tm_mday=3, tm_hour=18, tm_min=2, tm_sec=35, tm_wday=3, tm_yday=215, tm_isdst=-1)",2023-08-03,2023,8,215,3,2,18,BUS02
2023-08-21 18:13:10,40.763012,-111.91021,1296.3,0.0,9.6,1.0,13.57,26.11,26.16,52.54,2.0,2.0,26.72,45.0,874.3,0.0,10.7,2.32,31.6,824.7,-9999.0,-9999.0,-9999.0,-9999.0,-9999.0,-9999.0,-9999.0,0.0,0,1,"time.struct_time(tm_year=2023, tm_mon=8, tm_mday=21, tm_hour=18, tm_min=13, tm_sec=10, tm_wday=0, tm_yday=233, tm_isdst=-1)",2023-08-21,2023,8,233,21,13,18,BUS02
2023-08-21 18:15:40,40.762894,-111.910149,1294.2,0.0,9.6,1.0,13.57,26.29,25.74,53.81,2.0,2.0,26.72,44.0,874.0,0.0,9.6,2.32,32.5,824.4,-9999.0,-9999.0,-9999.0,-9999.0,-9999.0,-9999.0,-9999.0,0.0,0,1,"time.struct_time(tm_year=2023, tm_mon=8, tm_mday=21, tm_hour=18, tm_min=15, tm_sec=40, tm_wday=0, tm_yday=233, tm_isdst=-1)",2023-08-21,2023,8,233,21,15,18,BUS02
2023-08-21 18:18:10,40.762897,-111.910385,1294.7,0.0,9.6,1.0,13.57,26.46,25.4,54.94,3.0,2.0,26.72,42.0,873.9,0.0,7.8,2.31,33.2,824.5,-9999.0,-9999.0,-9999.0,-9999.0,-9999.0,-9999.0,-9999.0,0.0,0,1,"time.struct_time(tm_year=2023, tm_mon=8, tm_mday=21, tm_hour=18, tm_min=18, tm_sec=10, tm_wday=0, tm_yday=233, tm_isdst=-1)",2023-08-21,2023,8,233,21,18,18,BUS02
2023-08-21 18:20:40,40.762981,-111.910378,1293.2,0.0,9.6,1.0,13.57,26.63,25.18,55.54,2.0,2.0,26.78,41.0,873.9,0.0,8.2,2.32,33.9,824.3,-9999.0,-9999.0,-9999.0,-9999.0,-9999.0,-9999.0,-9999.0,0.0,0,1,"time.struct_time(tm_year=2023, tm_mon=8, tm_mday=21, tm_hour=18, tm_min=20, tm_sec=40, tm_wday=0, tm_yday=233, tm_isdst=-1)",2023-08-21,2023,8,233,21,20,18,BUS02
2023-08-21 18:23:10,40.763008,-111.910324,1293.1,0.0,9.6,1.0,13.57,26.8,24.91,56.55,3.0,2.0,26.89,40.0,874.1,0.0,5.2,2.32,34.5,824.5,-9999.0,-9999.0,-9999.0,-9999.0,-9999.0,-9999.0,-9999.0,0.0,0,1,"time.struct_time(tm_year=2023, tm_mon=8, tm_mday=21, tm_hour=18, tm_min=23, tm_sec=10, tm_wday=0, tm_yday=233, tm_isdst=-1)",2023-08-21,2023,8,233,21,23,18,BUS02
2023-08-21 18:25:40,40.762939,-111.910469,1293.3,0.0,9.6,1.0,13.57,26.95,24.75,56.93,3.0,2.0,27.0,38.0,874.0,0.0,3.2,2.33,35.0,824.2,-9999.0,-9999.0,-9999.0,-9999.0,-9999.0,-9999.0,-9999.0,0.0,0,1,"time.struct_time(tm_year=2023, tm_mon=8, tm_mday=21, tm_hour=18, tm_min=25, tm_sec=40, tm_wday=0, tm_yday=233, tm_isdst=-1)",2023-08-21,2023,8,233,21,25,18,BUS02
2023-08-21 18:28:10,40.762974,-111.910408,1293.1,0.0,9.6,1.0,13.57,27.1,24.66,57.42,3.0,2.0,27.11,37.0,873.8,0.0,6.3,2.33,35.5,824.4,-9999.0,-9999.0,-9999.0,-9999.0,-9999.0,-9999.0,-9999.0,0.0,0,1,"time.struct_time(tm_year=2023, tm_mon=8, tm_mday=21, tm_hour=18, tm_min=28, tm_sec=10, tm_wday=0, tm_yday=233, tm_isdst=-1)",2023-08-21,2023,8,233,21,28,18,BUS02
2023-08-21 18:30:40,40.762993,-111.910347,1289.7,0.0,9.6,1.0,13.57,27.23,24.49,57.82,3.0,2.0,27.22,37.0,873.9,0.0,5.3,2.33,36.0,824.2,-9999.0,-9999.0,-9999.0,-9999.0,-9999.0,-9999.0,-9999.0,0.0,0,1,"time.struct_time(tm_year=2023, tm_mon=8, tm_mday=21, tm_hour=18, tm_min=30, tm_sec=40, tm_wday=0, tm_yday=233, tm_isdst=-1)",2023-08-21,2023,8,233,21,30,18,BUS02
2023-08-21 18:33:10,40.763046,-111.910301,1287.2,0.0,9.6,1.0,13.56,27.36,24.37,58.16,3.0,2.0,27.28,37.0,874.0,0.0,6.0,2.32,36.4,824.4,-9999.0,-9999.0,-9999.0,-9999.0,-9999.0,-9999.0,-9999.0,0.0,0,1,"time.struct_time(tm_year=2023, tm_mon=8, tm_mday=21, tm_hour=18, tm_min=33, tm_sec=10, tm_wday=0, tm_yday=233, tm_isdst=-1)",2023-08-21,2023,8,233,21,33,18,BUS02
2023-08-21 18:35:40,40.763157,-111.910301,1285.7,0.0,9.6,1.0,13.57,27.47,24.27,58.44,3.0,2.0,27.39,36.0,873.9,0.0,8.1,2.33,36.8,824.1,-9999.0,-9999.0,-9999.0,-9999.0,-9999.0,-9999.0,-9999.0,0.0,0,1,"time.struct_time(tm_year=2023, tm_mon=8, tm_mday=21, tm_hour=18, tm_min=35, tm_sec=40, tm_wday=0, tm_yday=233, tm_isdst=-1)",2023-08-21,2023,8,233,21,35,18,BUS02
2023-08-21 18:38:10,40.763115,-111.910316,1285.1,0.0,9.6,1.0,13.57,27.57,24.19,58.83,3.0,2.0,27.5,36.0,873.8,0.0,7.0,2.34,37.1,824.3,-9999.0,-9999.0,-9999.0,-9999.0,-9999.0,-9999.0,-9999.0,0.0,0,1,"time.struct_time(tm_year=2023, tm_mon=8, tm_mday=21, tm_hour=18, tm_min=38, tm_sec=10, tm_wday=0, tm_yday=233, tm_isdst=-1)",2023-08-21,2023,8,233,21,38,18,BUS02
2023-08-21 18:40:40,40.763115,-111.910469,1285.0,0.0,9.6,1.0,13.57,27.66,24.12,59.21,3.0,2.0,27.61,36.0,873.8,0.0,8.7,2.35,37.5,824.1,-9999.0,-9999.0,-9999.0,-9999.0,-9999.0,-9999.0,-9999.0,0.0,0,1,"time.struct_time(tm_year=2023, tm_mon=8, tm_mday=21, tm_hour=18, tm_min=40, tm_sec=40, tm_wday=0, tm_yday=233, tm_isdst=-1)",2023-08-21,2023,8,233,21,40,18,BUS02
2023-08-21 18:43:10,40.763096,-111.910599,1284.9,0.0,9.6,1.0,13.57,27.75,24.07,59.35,3.0,2.0,27.61,36.0,874.1,0.0,6.3,2.33,37.8,824.3,-9999.0,-9999.0,-9999.0,-9999.0,-9999.0,-9999.0,-9999.0,0.0,0,1,"time.struct_time(tm_year=2023, tm_mon=8, tm_mday=21, tm_hour=18, tm_min=43, tm_sec=10, tm_wday=0, tm_yday=233, tm_isdst=-1)",2023-08-21,2023,8,233,21,43,18,BUS02
2023-08-21 18:46:45,40.762981,-111.910515,1287.7,0.0,9.6,1.0,13.57,27.86,23.98,59.45,3.0,2.0,27.72,36.0,874.1,0.0,11.7,2.34,38.2,824.2,-9999.0,-9999.0,-9999.0,-9999.0,-9999.0,-9999.0,-9999.0,0.0,0,1,"time.struct_time(tm_year=2023, tm_mon=8, tm_mday=21, tm_hour=18, tm_min=46, tm_sec=45, tm_wday=0, tm_yday=233, tm_isdst=-1)",2023-08-21,2023,8,233,21,46,18,BUS02
2023-08-21 18:49:15,40.762989,-111.910446,1287.8,0.0,9.6,1.0,13.57,27.93,23.98,59.41,3.0,2.0,27.72,36.0,874.2,0.0,10.3,2.34,38.5,824.4,-9999.0,-9999.0,-9999.0,-9999.0,-9999.0,-9999.0,-9999.0,0.0,0,1,"time.struct_time(tm_year=2023, tm_mon=8, tm_mday=21, tm_hour=18, tm_min=49, tm_sec=15, tm_wday=0, tm_yday=233, tm_isdst=-1)",2023-08-21,2023,8,233,21,49,18,BUS02
2023-08-21 18:51:45,40.76284,-111.9104,1288.9,0.0,9.6,1.0,13.57,27.99,23.96,59.33,3.0,2.0,27.72,36.0,874.1,0.0,11.0,2.35,38.7,824.0,-9999.0,-9999.0,-9999.0,-9999.0,-9999.0,-9999.0,-9999.0,0.0,0,1,"time.struct_time(tm_year=2023, tm_mon=8, tm_mday=21, tm_hour=18, tm_min=51, tm_sec=45, tm_wday=0, tm_yday=233, tm_isdst=-1)",2023-08-21,2023,8,233,21,51,18,BUS02
2023-08-21 18:54:15,40.76289,-111.910309,1288.7,0.0,9.6,1.0,13.57,28.05,23.94,59.37,2.0,2.0,27.72,36.0,874.0,0.0,13.0,2.35,38.9,824.2,-9999.0,-9999.0,-9999.0,-9999.0,-9999.0,-9999.0,-9999.0,0.0,0,1,"time.struct_time(tm_year=2023, tm_mon=8, tm_mday=21, tm_hour=18, tm_min=54, tm_sec=15, tm_wday=0, tm_yday=233, tm_isdst=-1)",2023-08-21,2023,8,233,21,54,18,BUS02
2023-08-21 20:08:55,40.762932,-111.910225,1305.6,0.0,283.2,1.0,13.61,26.77,23.59,59.44,3.0,2.0,26.11,42.0,874.3,0.0,12.2,2.3,30.5,824.6,-9999.0,-9999.0,-9999.0,-9999.0,-9999.0,-9999.0,-9999.0,0.0,0,1,"time.struct_time(tm_year=2023, tm_mon=8, tm_mday=21, tm_hour=20, tm_min=8, tm_sec=55, tm_wday=0, tm_yday=233, tm_isdst=-1)",2023-08-21,2023,8,233,21,8,20,BUS02
2023-08-21 20:11:25,40.763069,-111.910339,1294.6,0.0,328.4,1.0,13.61,26.72,23.61,59.52,4.0,2.0,26.11,42.0,874.5,0.0,8.8,2.3,31.6,824.8,-9999.0,-9999.0,-9999.0,-9999.0,-9999.0,-9999.0,-9999.0,0.0,0,1,"time.struct_time(tm_year=2023, tm_mon=8, tm_mday=21, tm_hour=20, tm_min=11, tm_sec=25, tm_wday=0, tm_yday=233, tm_isdst=-1)",2023-08-21,2023,8,233,21,11,20,BUS02
2023-08-21 20:13:55,40.762875,-111.910332,1298.4,0.0,155.0,1.0,13.6,26.68,23.58,59.7,3.0,2.0,26.0,41.0,874.3,0.0,10.5,2.31,32.6,824.5,-9999.0,-9999.0,-9999.0,-9999.0,-9999.0,-9999.0,-9999.0,0.0,0,1,"time.struct_time(tm_year=2023, tm_mon=8, tm_mday=21, tm_hour=20, tm_min=13, tm_sec=55, tm_wday=0, tm_yday=233, tm_isdst=-1)",2023-08-21,2023,8,233,21,13,20,BUS02
2023-08-21 20:16:25,40.762867,-111.910019,1293.7,0.0,206.5,1.0,13.6,26.69,23.92,45.99,3.0,2.0,26.0,39.0,874.1,0.0,19.7,2.31,33.4,824.8,-9999.0,-9999.0,-9999.0,-9999.0,-9999.0,-9999.0,-9999.0,0.0,0,1,"time.struct_time(tm_year=2023, tm_mon=8, tm_mday=21, tm_hour=20, tm_min=16, tm_sec=25, tm_wday=0, tm_yday=233, tm_isdst=-1)",2023-08-21,2023,8,233,21,16,20,BUS02
2023-08-21 20:18:55,40.762829,-111.909897,1302.4,0.0,206.5,1.0,13.06,26.7,26.93,37.62,1.0,2.0,26.39,33.0,874.1,0.0,28.4,2.32,34.1,824.6,-9999.0,-9999.0,-9999.0,-9999.0,-9999.0,-9999.0,-9999.0,0.0,0,1,"time.struct_time(tm_year=2023, tm_mon=8, tm_mday=21, tm_hour=20, tm_min=18, tm_sec=55, tm_wday=0, tm_yday=233, tm_isdst=-1)",2023-08-21,2023,8,233,21,18,20,BUS02
2023-08-21 20:21:25,40.762836,-111.910057,1302.7,0.41,269.3,1.0,13.57,26.79,28.04,45.73,3.0,2.0,27.0,35.0,874.5,0.0,12.7,2.32,34.7,824.7,-9999.0,-9999.0,-9999.0,-9999.0,-9999.0,-9999.0,-9999.0,0.0,0,1,"time.struct_time(tm_year=2023, tm_mon=8, tm_mday=21, tm_hour=20, tm_min=21, tm_sec=25, tm_wday=0, tm_yday=233, tm_isdst=-1)",2023-08-21,2023,8,233,21,21,20,BUS02
2023-08-21 20:23:55,40.762821,-111.910362,1296.7,0.0,173.4,1.0,13.57,26.93,27.33,47.88,4.0,2.0,27.39,38.0,874.5,0.0,12.7,2.33,35.3,824.4,-9999.0,-9999.0,-9999.0,-9999.0,-9999.0,-9999.0,-9999.0,0.0,0,1,"time.struct_time(tm_year=2023, tm_mon=8, tm_mday=21, tm_hour=20, tm_min=23, tm_sec=55, tm_wday=0, tm_yday=233, tm_isdst=-1)",2023-08-21,2023,8,233,21,23,20,BUS02
2023-08-21 20:26:25,40.762955,-111.910324,1296.1,0.0,173.4,1.0,13.57,27.1,26.83,49.76,4.0,2.0,27.5,38.0,874.2,0.0,11.9,2.32,35.8,824.6,-9999.0,-9999.0,-9999.0,-9999.0,-9999.0,-9999.0,-9999.0,0.0,0,1,"time.struct_time(tm_year=2023, tm_mon=8, tm_mday=21, tm_hour=20, tm_min=26, tm_sec=25, tm_wday=0, tm_yday=233, tm_isdst=-1)",2023-08-21,2023,8,233,21,26,20,BUS02
2023-08-21 20:28:55,40.762783,-111.910385,1297.1,0.0,173.4,1.0,13.57,27.25,26.5,50.6,4.0,2.0,27.61,38.0,874.5,0.0,8.5,2.32,36.3,824.4,-9999.0,-9999.0,-9999.0,-9999.0,-9999.0,-9999.0,-9999.0,0.0,0,1,"time.struct_time(tm_year=2023, tm_mon=8, tm_mday=21, tm_hour=20, tm_min=28, tm_sec=55, tm_wday=0, tm_yday=233, tm_isdst=-1)",2023-08-21,2023,8,233,21,28,20,BUS02
2023-08-21 20:31:25,40.762798,-111.910439,1300.7,0.0,173.4,1.0,13.57,27.39,26.14,51.94,4.0,2.0,27.61,38.0,874.6,0.0,11.1,2.35,36.7,824.7,-9999.0,-9999.0,-9999.0,-9999.0,-9999.0,-9999.0,-9999.0,0.0,0,1,"time.struct_time(tm_year=2023, tm_mon=8, tm_mday=21, tm_hour=20, tm_min=31, tm_sec=25, tm_wday=0, tm_yday=233, tm_isdst=-1)",2023-08-21,2023,8,233,21,31,20,BUS02
2023-08-21 20:33:55,40.762848,-111.910454,1303.4,0.0,173.4,1.0,13.57,27.52,25.68,53.34,3.0,2.0,27.72,38.0,874.8,0.0,13.8,2.33,37.1,824.6,-9999.0,-9999.0,-9999.0,-9999.0,-9999.0,-9999.0,-9999.0,0.0,0,1,"time.struct_time(tm_year=2023, tm_mon=8, tm_mday=21, tm_hour=20, tm_min=33, tm_sec=55, tm_wday=0, tm_yday=233, tm_isdst=-1)",2023-08-21,2023,8,233,21,33,20,BUS02
2023-08-21 20:36:25,40.762802,-111.910263,1302.8,0.0,173.4,1.0,13.57,27.64,25.5,53.85,4.0,2.0,27.72,38.0,874.7,0.0,11.8,2.33,37.4,824.7,-9999.0,-9999.0,-9999.0,-9999.0,-9999.0,-9999.0,-9999.0,0.0,0,1,"time.struct_time(tm_year=2023, tm_mon=8, tm_mday=21, tm_hour=20, tm_min=36, tm_sec=25, tm_wday=0, tm_yday=233, tm_isdst=-1)",2023-08-21,2023,8,233,21,36,20,BUS02
2023-08-21 20:38:55,40.762844,-111.910324,1300.4,0.0,132.7,1.0,13.57,27.74,25.29,54.59,3.0,2.0,27.78,38.0,874.6,0.0,13.6,2.34,37.8,824.4,-9999.0,-9999.0,-9999.0,-9999.0,-9999.0,-9999.0,-9999.0,0.0,0,1,"time.struct_time(tm_year=2023, tm_mon=8, tm_mday=21, tm_hour=20, tm_min=38, tm_sec=55, tm_wday=0, tm_yday=233, tm_isdst=-1)",2023-08-21,2023,8,233,21,38,20,BUS02
2023-08-21 20:41:25,40.762787,-111.910378,1301.9,0.0,132.7,1.0,13.57,27.83,25.03,55.44,3.0,2.0,27.78,38.0,874.7,0.0,13.6,2.33,38.1,824.6,-9999.0,-9999.0,-9999.0,-9999.0,-9999.0,-9999.0,-9999.0,0.0,0,1,"time.struct_time(tm_year=2023, tm_mon=8, tm_mday=21, tm_hour=20, tm_min=41, tm_sec=25, tm_wday=0, tm_yday=233, tm_isdst=-1)",2023-08-21,2023,8,233,21,41,20,BUS02
2023-08-21 20:43:55,40.762718,-111.910431,1297.7,0.0,132.7,1.0,13.57,27.91,24.83,56.06,3.0,2.0,27.72,37.0,874.7,0.0,12.2,2.33,38.4,824.5,-9999.0,-9999.0,-9999.0,-9999.0,-9999.0,-9999.0,-9999.0,0.0,0,1,"time.struct_time(tm_year=2023, tm_mon=8, tm_mday=21, tm_hour=20, tm_min=43, tm_sec=55, tm_wday=0, tm_yday=233, tm_isdst=-1)",2023-08-21,2023,8,233,21,43,20,BUS02
2023-08-21 20:46:25,40.762856,-111.91037,1301.1,0.0,132.7,1.0,13.57,27.98,24.71,56.43,3.0,2.0,27.72,37.0,874.7,0.0,15.9,2.33,38.6,824.6,-9999.0,-9999.0,-9999.0,-9999.0,-9999.0,-9999.0,-9999.0,0.0,0,1,"time.struct_time(tm_year=2023, tm_mon=8, tm_mday=21, tm_hour=20, tm_min=46, tm_sec=25, tm_wday=0, tm_yday=233, tm_isdst=-1)",2023-08-21,2023,8,233,21,46,20,BUS02
2023-08-21 20:48:55,40.762699,-111.91024,1303.7,0.0,132.7,1.0,13.57,28.05,24.59,56.71,5.0,2.0,27.78,37.0,874.9,0.0,13.7,2.33,38.9,824.6,-9999.0,-9999.0,-9999.0,-9999.0,-9999.0,-9999.0,-9999.0,0.0,0,1,"time.struct_time(tm_year=2023, tm_mon=8, tm_mday=21, tm_hour=20, tm_min=48, tm_sec=55, tm_wday=0, tm_yday=233, tm_isdst=-1)",2023-08-21,2023,8,233,21,48,20,BUS02
2023-08-21 20:51:25,40.763027,-111.91037,1303.5,0.0,132.7,1.0,13.57,28.11,24.49,57.01,5.0,2.0,27.72,37.0,874.8,0.0,12.9,2.34,39.1,824.7,-9999.0,-9999.0,-9999.0,-9999.0,-9999.0,-9999.0,-9999.0,0.0,0,1,"time.struct_time(tm_year=2023, tm_mon=8, tm_mday=21, tm_hour=20, tm_min=51, tm_sec=25, tm_wday=0, tm_yday=233, tm_isdst=-1)",2023-08-21,2023,8,233,21,51,20,BUS02
2023-08-21 20:53:55,40.762966,-111.910362,1300.8,0.0,132.7,1.0,13.57,28.16,24.37,57.43,6.0,2.0,27.72,37.0,874.8,0.0,18.3,2.33,39.3,824.3,-9999.0,-9999.0,-9999.0,-9999.0,-9999.0,-9999.0,-9999.0,0.0,0,1,"time.struct_time(tm_year=2023, tm_mon=8, tm_mday=21, tm_hour=20, tm_min=53, tm_sec=55, tm_wday=0, tm_yday=233, tm_isdst=-1)",2023-08-21,2023,8,233,21,53,20,BUS02
2023-08-21 20:56:25,40.76292,-111.910423,1299.5,0.0,132.7,1.0,13.57,28.21,24.22,57.88,6.0,2.0,27.72,37.0,874.9,0.0,13.9,2.34,39.5,824.9,-9999.0,-9999.0,-9999.0,-9999.0,-9999.0,-9999.0,-9999.0,0.0,0,1,"time.struct_time(tm_year=2023, tm_mon=8, tm_mday=21, tm_hour=20, tm_min=56, tm_sec=25, tm_wday=0, tm_yday=233, tm_isdst=-1)",2023-08-21,2023,8,233,21,56,20,BUS02
2023-08-21 20:58:55,40.763062,-111.910324,1297.8,0.0,132.7,1.0,13.57,28.25,24.16,57.92,9.0,2.0,27.72,37.0,875.2,0.0,14.6,2.36,39.7,824.7,-9999.0,-9999.0,-9999.0,-9999.0,-9999.0,-9999.0,-9999.0,0.0,0,1,"time.struct_time(tm_year=2023, tm_mon=8, tm_mday=21, tm_hour=20, tm_min=58, tm_sec=55, tm_wday=0, tm_yday=233, tm_isdst=-1)",2023-08-21,2023,8,233,21,58,20,BUS02
2023-08-21 21:01:25,40.762878,-111.910423,1297.8,0.0,132.7,1.0,13.57,28.29,24.1,58.02,10.0,2.0,27.72,37.0,875.1,0.0,13.7,2.36,39.8,824.9,-9999.0,-9999.0,-9999.0,-9999.0,-9999.0,-9999.0,-9999.0,0.0,0,1,"time.struct_time(tm_year=2023, tm_mon=8, tm_mday=21, tm_hour=21, tm_min=1, tm_sec=25, tm_wday=0, tm_yday=233, tm_isdst=-1)",2023-08-21,2023,8,233,21,1,21,BUS02
2023-08-21 21:03:55,40.762913,-111.910408,1296.4,0.0,132.7,1.0,13.57,28.32,24.07,58.31,10.0,2.0,27.61,37.0,875.4,0.0,14.3,2.35,40.0,825.0,-9999.0,-9999.0,-9999.0,-9999.0,-9999.0,-9999.0,-9999.0,0.0,0,1,"time.struct_time(tm_year=2023, tm_mon=8, tm_mday=21, tm_hour=21, tm_min=3, tm_sec=55, tm_wday=0, tm_yday=233, tm_isdst=-1)",2023-08-21,2023,8,233,21,3,21,BUS02
2023-08-21 21:06:25,40.762875,-111.910324,1297.0,0.0,132.7,1.0,13.57,28.35,23.98,58.22,9.0,2.0,27.61,37.0,875.1,0.0,16.0,2.36,40.1,825.0,-9999.0,-9999.0,-9999.0,-9999.0,-9999.0,-9999.0,-9999.0,0.0,0,1,"time.struct_time(tm_year=2023, tm_mon=8, tm_mday=21, tm_hour=21, tm_min=6, tm_sec=25, tm_wday=0, tm_yday=233, tm_isdst=-1)",2023-08-21,2023,8,233,21,6,21,BUS02
2023-08-21 21:10:00,40.762943,-111.910309,1291.8,0.0,132.7,1.0,13.57,28.39,23.94,58.06,11.0,2.0,27.61,37.0,875.1,0.0,12.0,2.35,40.3,824.9,-9999.0,-9999.0,-9999.0,-9999.0,-9999.0,-9999.0,-9999.0,0.0,0,1,"time.struct_time(tm_year=2023, tm_mon=8, tm_mday=21, tm_hour=21, tm_min=10, tm_sec=0, tm_wday=0, tm_yday=233, tm_isdst=-1)",2023-08-21,2023,8,233,21,10,21,BUS02
2023-08-21 21:12:30,40.762966,-111.910324,1298.1,0.0,132.7,1.0,13.57,28.42,23.94,57.96,10.0,2.0,27.5,36.0,875.3,0.0,13.0,2.35,40.4,824.7,-9999.0,-9999.0,-9999.0,-9999.0,-9999.0,-9999.0,-9999.0,0.0,0,1,"time.struct_time(tm_year=2023, tm_mon=8, tm_mday=21, tm_hour=21, tm_min=12, tm_sec=30, tm_wday=0, tm_yday=233, tm_isdst=-1)",2023-08-21,2023,8,233,21,12,21,BUS02
2023-08-21 21:15:00,40.762947,-111.910309,1296.7,0.0,132.7,1.0,13.57,28.44,23.94,57.74,10.0,2.0,27.5,36.0,875.0,0.0,12.6,2.35,40.5,824.8,-9999.0,-9999.0,-9999.0,-9999.0,-9999.0,-9999.0,-9999.0,0.0,0,1,"time.struct_time(tm_year=2023, tm_mon=8, tm_mday=21, tm_hour=21, tm_min=15, tm_sec=0, tm_wday=0, tm_yday=233, tm_isdst=-1)",2023-08-21,2023,8,233,21,15,21,BUS02
2023-08-21 21:17:30,40.762939,-111.910324,1281.1,0.0,132.7,1.0,13.57,28.46,23.96,57.61,9.0,2.0,27.5,36.0,875.1,0.0,14.9,2.35,40.6,824.7,-9999.0,-9999.0,-9999.0,-9999.0,-9999.0,-9999.0,-9999.0,0.0,0,1,"time.struct_time(tm_year=2023, tm_mon=8, tm_mday=21, tm_hour=21, tm_min=17, tm_sec=30, tm_wday=0, tm_yday=233, tm_isdst=-1)",2023-08-21,2023,8,233,21,17,21,BUS02
2023-08-21 21:20:00,40.762871,-111.9104,1286.3,0.0,132.7,1.0,13.53,28.47,23.92,57.83,8.0,2.0,27.5,36.0,875.1,0.0,16.8,2.34,40.7,824.9,-9999.0,-9999.0,-9999.0,-9999.0,-9999.0,-9999.0,-9999.0,0.0,0,1,"time.struct_time(tm_year=2023, tm_mon=8, tm_mday=21, tm_hour=21, tm_min=20, tm_sec=0, tm_wday=0, tm_yday=233, tm_isdst=-1)",2023-08-21,2023,8,233,21,20,21,BUS02
2023-08-21 21:22:30,40.763023,-111.91037,1286.2,0.0,132.7,1.0,13.54,28.48,23.86,57.96,8.0,2.0,27.39,36.0,874.9,0.0,15.8,2.35,40.8,824.6,-9999.0,-9999.0,-9999.0,-9999.0,-9999.0,-9999.0,-9999.0,0.0,0,1,"time.struct_time(tm_year=2023, tm_mon=8, tm_mday=21, tm_hour=21, tm_min=22, tm_sec=30, tm_wday=0, tm_yday=233, tm_isdst=-1)",2023-08-21,2023,8,233,21,22,21,BUS02
2023-08-21 21:25:00,40.763103,-111.910393,1291.3,0.0,334.8,1.0,13.54,28.5,23.82,58.08,7.0,2.0,27.39,36.0,875.2,0.0,14.1,2.35,40.9,824.9,-9999.0,-9999.0,-9999.0,-9999.0,-9999.0,-9999.0,-9999.0,0.0,0,1,"time.struct_time(tm_year=2023, tm_mon=8, tm_mday=21, tm_hour=21, tm_min=25, tm_sec=0, tm_wday=0, tm_yday=233, tm_isdst=-1)",2023-08-21,2023,8,233,21,25,21,BUS02
2023-08-21 21:27:30,40.762932,-111.910347,1287.0,0.0,346.0,1.0,13.53,28.51,23.78,57.98,7.0,2.0,27.39,36.0,875.0,0.0,15.3,2.37,41.0,824.5,-9999.0,-9999.0,-9999.0,-9999.0,-9999.0,-9999.0,-9999.0,0.0,0,1,"time.struct_time(tm_year=2023, tm_mon=8, tm_mday=21, tm_hour=21, tm_min=27, tm_sec=30, tm_wday=0, tm_yday=233, tm_isdst=-1)",2023-08-21,2023,8,233,21,27,21,BUS02
2023-08-21 21:30:00,40.763046,-111.910316,1296.9,0.0,16.0,1.0,13.53,28.52,23.78,57.98,6.0,2.0,27.39,36.0,875.1,0.0,15.3,2.34,41.0,824.9,-9999.0,-9999.0,-9999.0,-9999.0,-9999.0,-9999.0,-9999.0,0.0,0,1,"time.struct_time(tm_year=2023, tm_mon=8, tm_mday=21, tm_hour=21, tm_min=30, tm_sec=0, tm_wday=0, tm_yday=233, tm_isdst=-1)",2023-08-21,2023,8,233,21,30,21,BUS02
2023-08-21 21:32:30,40.762852,-111.910355,1296.7,0.0,352.8,1.0,13.53,28.53,23.78,57.72,6.0,2.0,27.28,36.0,875.3,0.0,15.7,2.35,41.1,824.7,-9999.0,-9999.0,-9999.0,-9999.0,-9999.0,-9999.0,-9999.0,0.0,0,1,"time.struct_time(tm_year=2023, tm_mon=8, tm_mday=21, tm_hour=21, tm_min=32, tm_sec=30, tm_wday=0, tm_yday=233, tm_isdst=-1)",2023-08-21,2023,8,233,21,32,21,BUS02
2023-08-21 21:35:00,40.762856,-111.910347,1307.4,0.0,195.0,1.0,13.54,28.53,23.8,57.68,6.0,2.0,27.28,36.0,875.2,0.0,13.8,2.37,41.1,824.9,-9999.0,-9999.0,-9999.0,-9999.0,-9999.0,-9999.0,-9999.0,0.0,0,1,"time.struct_time(tm_year=2023, tm_mon=8, tm_mday=21, tm_hour=21, tm_min=35, tm_sec=0, tm_wday=0, tm_yday=233, tm_isdst=-1)",2023-08-21,2023,8,233,21,35,21,BUS02
2023-08-22 14:50:45,40.760201,-111.91024,1285.3,0.0,227.2,1.0,13.67,22.51,21.44,64.47,3.0,2.0,22.11,56.0,878.3,0.0,10.0,2.27,25.4,821.7,-9999.0,-9999.0,-9999.0,-9999.0,-9999.0,-9999.0,-9999.0,1.0,0,1,"time.struct_time(tm_year=2023, tm_mon=8, tm_mday=22, tm_hour=14, tm_min=50, tm_sec=45, tm_wday=1, tm_yday=234, tm_isdst=-1)",2023-08-22,2023,8,234,22,50,14,BUS02
2023-08-22 14:53:15,40.760151,-111.910278,1289.5,0.0,329.1,1.0,13.67,22.52,21.32,67.41,2.0,2.0,21.72,55.0,878.0,0.0,7.8,2.28,26.7,819.7,-9999.0,-9999.0,-9999.0,-9999.0,-9999.0,-9999.0,-9999.0,1.0,0,1,"time.struct_time(tm_year=2023, tm_mon=8, tm_mday=22, tm_hour=14, tm_min=53, tm_sec=15, tm_wday=1, tm_yday=234, tm_isdst=-1)",2023-08-22,2023,8,234,22,53,14,BUS02
2023-08-22 14:55:45,40.760094,-111.910408,1302.9,0.0,231.6,1.0,13.67,22.54,21.26,68.41,3.0,2.0,21.72,57.0,878.1,0.0,13.5,2.29,27.7,808.7,-9999.0,-9999.0,-9999.0,-9999.0,-9999.0,-9999.0,-9999.0,1.0,0,1,"time.struct_time(tm_year=2023, tm_mon=8, tm_mday=22, tm_hour=14, tm_min=55, tm_sec=45, tm_wday=1, tm_yday=234, tm_isdst=-1)",2023-08-22,2023,8,234,22,55,14,BUS02
2023-08-22 14:58:15,40.760181,-111.910217,1301.3,0.0,231.6,1.0,13.67,22.58,21.2,66.32,2.0,2.0,21.72,55.0,877.9,0.0,9.3,2.29,28.6,800.9,-9999.0,-9999.0,-9999.0,-9999.0,-9999.0,-9999.0,-9999.0,1.0,0,1,"time.struct_time(tm_year=2023, tm_mon=8, tm_mday=22, tm_hour=14, tm_min=58, tm_sec=15, tm_wday=1, tm_yday=234, tm_isdst=-1)",2023-08-22,2023,8,234,22,58,14,BUS02
2023-08-22 15:00:45,40.760262,-111.910286,1299.2,0.0,231.6,1.0,13.16,22.65,21.12,67.34,3.0,2.0,21.72,53.0,878.1,0.0,9.1,2.31,29.4,797.2,-9999.0,-9999.0,-9999.0,-9999.0,-9999.0,-9999.0,-9999.0,1.0,0,1,"time.struct_time(tm_year=2023, tm_mon=8, tm_mday=22, tm_hour=15, tm_min=0, tm_sec=45, tm_wday=1, tm_yday=234, tm_isdst=-1)",2023-08-22,2023,8,234,22,0,15,BUS02
2023-08-22 15:03:15,40.760227,-111.910202,1295.0,0.0,231.6,1.0,13.63,22.73,21.1,67.55,3.0,2.0,21.78,52.0,877.8,0.0,11.9,2.31,30.1,796.1,-9999.0,-9999.0,-9999.0,-9999.0,-9999.0,-9999.0,-9999.0,1.0,0,1,"time.struct_time(tm_year=2023, tm_mon=8, tm_mday=22, tm_hour=15, tm_min=3, tm_sec=15, tm_wday=1, tm_yday=234, tm_isdst=-1)",2023-08-22,2023,8,234,22,3,15,BUS02
2023-08-22 15:05:45,40.760254,-111.910278,1294.1,0.0,231.6,1.0,13.64,22.83,21.08,67.7,3.0,2.0,21.89,50.0,877.7,0.0,8.2,2.31,30.7,796.3,-9999.0,-9999.0,-9999.0,-9999.0,-9999.0,-9999.0,-9999.0,0.0,0,1,"time.struct_time(tm_year=2023, tm_mon=8, tm_mday=22, tm_hour=15, tm_min=5, tm_sec=45, tm_wday=1, tm_yday=234, tm_isdst=-1)",2023-08-22,2023,8,234,22,5,15,BUS02
2023-08-22 15:08:15,40.760353,-111.910454,1294.6,0.0,231.6,1.0,13.64,22.92,21.07,67.26,3.0,2.0,22.11,48.0,877.9,0.0,12.2,2.32,31.3,797.6,-9999.0,-9999.0,-9999.0,-9999.0,-9999.0,-9999.0,-9999.0,0.0,0,1,"time.struct_time(tm_year=2023, tm_mon=8, tm_mday=22, tm_hour=15, tm_min=8, tm_sec=15, tm_wday=1, tm_yday=234, tm_isdst=-1)",2023-08-22,2023,8,234,22,8,15,BUS02
2023-08-22 15:10:45,40.760265,-111.910362,1295.1,0.0,231.6,1.0,13.64,23.03,21.1,67.16,2.0,2.0,22.22,45.0,878.0,0.0,11.0,2.31,31.8,799.7,-9999.0,-9999.0,-9999.0,-9999.0,-9999.0,-9999.0,-9999.0,0.0,0,1,"time.struct_time(tm_year=2023, tm_mon=8, tm_mday=22, tm_hour=15, tm_min=10, tm_sec=45, tm_wday=1, tm_yday=234, tm_isdst=-1)",2023-08-22,2023,8,234,22,10,15,BUS02
2023-08-22 15:13:15,40.760296,-111.910278,1295.6,0.0,231.6,1.0,13.64,23.13,21.1,67.1,3.0,2.0,22.39,44.0,877.8,0.0,8.3,2.32,32.2,800.0,-9999.0,-9999.0,-9999.0,-9999.0,-9999.0,-9999.0,-9999.0,0.0,0,1,"time.struct_time(tm_year=2023, tm_mon=8, tm_mday=22, tm_hour=15, tm_min=13, tm_sec=15, tm_wday=1, tm_yday=234, tm_isdst=-1)",2023-08-22,2023,8,234,22,13,15,BUS02
2023-08-22 15:15:45,40.760292,-111.910202,1295.0,0.0,231.6,1.0,13.64,23.23,21.09,64.96,2.0,2.0,22.5,42.0,877.6,0.0,14.3,2.33,32.6,801.3,-9999.0,-9999.0,-9999.0,-9999.0,-9999.0,-9999.0,-9999.0,0.0,0,1,"time.struct_time(tm_year=2023, tm_mon=8, tm_mday=22, tm_hour=15, tm_min=15, tm_sec=45, tm_wday=1, tm_yday=234, tm_isdst=-1)",2023-08-22,2023,8,234,22,15,15,BUS02
2023-08-22 15:18:15,40.760174,-111.910316,1294.7,0.0,231.6,1.0,13.64,23.34,21.13,64.79,2.0,2.0,22.72,41.0,877.7,0.0,7.9,2.31,33.0,802.1,-9999.0,-9999.0,-9999.0,-9999.0,-9999.0,-9999.0,-9999.0,0.0,0,1,"time.struct_time(tm_year=2023, tm_mon=8, tm_mday=22, tm_hour=15, tm_min=18, tm_sec=15, tm_wday=1, tm_yday=234, tm_isdst=-1)",2023-08-22,2023,8,234,22,18,15,BUS02
2023-08-22 15:20:45,40.760231,-111.910294,1294.6,0.0,231.6,1.0,13.64,23.44,21.14,65.66,2.0,2.0,22.78,39.0,877.7,0.0,15.9,2.32,33.4,803.3,-9999.0,-9999.0,-9999.0,-9999.0,-9999.0,-9999.0,-9999.0,0.0,0,1,"time.struct_time(tm_year=2023, tm_mon=8, tm_mday=22, tm_hour=15, tm_min=20, tm_sec=45, tm_wday=1, tm_yday=234, tm_isdst=-1)",2023-08-22,2023,8,234,22,20,15,BUS02
2023-08-22 15:23:15,40.760262,-111.910301,1295.3,0.0,231.6,1.0,13.64,23.54,21.16,64.6,3.0,2.0,23.0,38.0,877.6,0.0,13.4,2.32,33.7,804.0,-9999.0,-9999.0,-9999.0,-9999.0,-9999.0,-9999.0,-9999.0,0.0,0,1,"time.struct_time(tm_year=2023, tm_mon=8, tm_mday=22, tm_hour=15, tm_min=23, tm_sec=15, tm_wday=1, tm_yday=234, tm_isdst=-1)",2023-08-22,2023,8,234,22,23,15,BUS02
2023-08-22 15:25:45,40.760235,-111.910263,1298.3,0.0,231.6,1.0,13.64,23.64,21.24,64.08,3.0,2.0,23.22,37.0,877.6,0.0,18.1,2.31,34.0,805.0,-9999.0,-9999.0,-9999.0,-9999.0,-9999.0,-9999.0,-9999.0,0.0,0,1,"time.struct_time(tm_year=2023, tm_mon=8, tm_mday=22, tm_hour=15, tm_min=25, tm_sec=45, tm_wday=1, tm_yday=234, tm_isdst=-1)",2023-08-22,2023,8,234,22,25,15,BUS02
2023-08-22 15:28:15,40.760254,-111.910362,1299.9,0.0,231.6,1.0,13.64,23.73,21.24,63.05,2.0,2.0,23.28,38.0,877.6,0.0,14.2,2.32,34.3,805.6,-9999.0,-9999.0,-9999.0,-9999.0,-9999.0,-9999.0,-9999.0,0.0,0,1,"time.struct_time(tm_year=2023, tm_mon=8, tm_mday=22, tm_hour=15, tm_min=28, tm_sec=15, tm_wday=1, tm_yday=234, tm_isdst=-1)",2023-08-22,2023,8,234,22,28,15,BUS02
2023-08-22 15:30:45,40.760376,-111.9104,1300.7,0.0,5.1,1.0,13.64,23.83,21.3,63.86,3.0,2.0,23.5,38.0,877.8,0.0,16.4,2.34,34.6,806.2,-9999.0,-9999.0,-9999.0,-9999.0,-9999.0,-9999.0,-9999.0,0.0,0,1,"time.struct_time(tm_year=2023, tm_mon=8, tm_mday=22, tm_hour=15, tm_min=30, tm_sec=45, tm_wday=1, tm_yday=234, tm_isdst=-1)",2023-08-22,2023,8,234,22,30,15,BUS02
2023-08-22 15:33:15,40.760262,-111.910339,1301.0,0.0,5.1,1.0,13.64,23.91,21.34,63.49,3.0,2.0,23.61,38.0,877.8,0.0,14.5,2.3,34.8,807.0,-9999.0,-9999.0,-9999.0,-9999.0,-9999.0,-9999.0,-9999.0,0.0,0,1,"time.struct_time(tm_year=2023, tm_mon=8, tm_mday=22, tm_hour=15, tm_min=33, tm_sec=15, tm_wday=1, tm_yday=234, tm_isdst=-1)",2023-08-22,2023,8,234,22,33,15,BUS02
2023-08-22 15:35:45,40.760235,-111.910339,1301.6,0.0,5.1,1.0,13.64,23.99,21.38,65.4,3.0,2.0,23.72,37.0,878.0,0.0,12.7,2.33,35.0,808.2,-9999.0,-9999.0,-9999.0,-9999.0,-9999.0,-9999.0,-9999.0,0.0,0,1,"time.struct_time(tm_year=2023, tm_mon=8, tm_mday=22, tm_hour=15, tm_min=35, tm_sec=45, tm_wday=1, tm_yday=234, tm_isdst=-1)",2023-08-22,2023,8,234,22,35,15,BUS02
2023-08-22 15:38:15,40.760326,-111.910263,1302.6,0.0,5.1,1.0,13.64,24.06,21.4,63.67,3.0,2.0,23.78,37.0,878.0,0.0,14.7,2.33,35.3,809.5,-9999.0,-9999.0,-9999.0,-9999.0,-9999.0,-9999.0,-9999.0,0.0,0,0,"time.struct_time(tm_year=2023, tm_mon=8, tm_mday=22, tm_hour=15, tm_min=38, tm_sec=15, tm_wday=1, tm_yday=234, tm_isdst=-1)",2023-08-22,2023,8,234,22,38,15,BUS02
2023-08-22 15:40:45,40.76033,-111.910339,1303.2,0.0,5.1,1.0,13.64,24.13,21.44,62.18,3.0,2.0,23.89,38.0,877.8,0.0,13.9,2.33,35.4,810.6,-9999.0,-9999.0,-9999.0,-9999.0,-9999.0,-9999.0,-9999.0,0.0,0,0,"time.struct_time(tm_year=2023, tm_mon=8, tm_mday=22, tm_hour=15, tm_min=40, tm_sec=45, tm_wday=1, tm_yday=234, tm_isdst=-1)",2023-08-22,2023,8,234,22,40,15,BUS02
2023-08-22 15:43:15,40.760239,-111.910294,1303.2,0.0,5.1,1.0,13.64,24.2,21.55,63.77,2.0,2.0,24.0,38.0,877.9,0.0,14.0,2.33,35.6,812.2,-9999.0,-9999.0,-9999.0,-9999.0,-9999.0,-9999.0,-9999.0,0.0,0,0,"time.struct_time(tm_year=2023, tm_mon=8, tm_mday=22, tm_hour=15, tm_min=43, tm_sec=15, tm_wday=1, tm_yday=234, tm_isdst=-1)",2023-08-22,2023,8,234,22,43,15,BUS02
2023-08-22 15:45:45,40.760235,-111.910332,1303.1,0.0,5.1,1.0,13.64,24.27,21.52,63.38,3.0,2.0,24.0,38.0,877.7,0.0,14.3,2.33,35.8,813.5,-9999.0,-9999.0,-9999.0,-9999.0,-9999.0,-9999.0,-9999.0,0.0,0,0,"time.struct_time(tm_year=2023, tm_mon=8, tm_mday=22, tm_hour=15, tm_min=45, tm_sec=45, tm_wday=1, tm_yday=234, tm_isdst=-1)",2023-08-22,2023,8,234,22,45,15,BUS02
2023-08-22 15:50:30,40.760288,-111.910355,1303.5,0.0,5.1,1.0,13.64,24.4,21.62,62.45,2.0,2.0,24.22,38.0,878.0,0.0,14.3,2.32,36.1,815.4,-9999.0,-9999.0,-9999.0,-9999.0,-9999.0,-9999.0,-9999.0,0.0,0,0,"time.struct_time(tm_year=2023, tm_mon=8, tm_mday=22, tm_hour=15, tm_min=50, tm_sec=30, tm_wday=1, tm_yday=234, tm_isdst=-1)",2023-08-22,2023,8,234,22,50,15,BUS02
2023-08-22 15:53:00,40.760254,-111.910355,1303.4,0.0,5.1,1.0,13.63,24.47,21.64,63.24,2.0,2.0,24.22,38.0,878.0,0.0,10.6,2.31,36.3,817.0,-9999.0,-9999.0,-9999.0,-9999.0,-9999.0,-9999.0,-9999.0,0.0,0,0,"time.struct_time(tm_year=2023, tm_mon=8, tm_mday=22, tm_hour=15, tm_min=53, tm_sec=0, tm_wday=1, tm_yday=234, tm_isdst=-1)",2023-08-22,2023,8,234,22,53,15,BUS02
2023-08-22 15:55:30,40.7603,-111.910393,1303.9,0.0,5.1,1.0,13.64,24.53,21.67,61.83,2.0,2.0,24.22,39.0,877.9,0.0,12.3,2.32,36.4,817.8,-9999.0,-9999.0,-9999.0,-9999.0,-9999.0,-9999.0,-9999.0,0.0,0,0,"time.struct_time(tm_year=2023, tm_mon=8, tm_mday=22, tm_hour=15, tm_min=55, tm_sec=30, tm_wday=1, tm_yday=234, tm_isdst=-1)",2023-08-22,2023,8,234,22,55,15,BUS02
2023-08-22 15:58:00,40.760227,-111.910355,1303.9,0.0,5.1,1.0,13.64,24.59,21.68,63.46,2.0,2.0,24.28,38.0,878.2,0.0,13.7,2.32,36.6,819.0,-9999.0,-9999.0,-9999.0,-9999.0,-9999.0,-9999.0,-9999.0,0.0,0,0,"time.struct_time(tm_year=2023, tm_mon=8, tm_mday=22, tm_hour=15, tm_min=58, tm_sec=0, tm_wday=1, tm_yday=234, tm_isdst=-1)",2023-08-22,2023,8,234,22,58,15,BUS02
2023-08-22 16:00:30,40.760239,-111.910301,1303.8,0.0,5.1,1.0,13.6,24.65,21.7,61.44,3.0,2.0,24.28,38.0,878.3,0.0,15.8,2.32,36.7,820.1,-9999.0,-9999.0,-9999.0,-9999.0,-9999.0,-9999.0,-9999.0,0.0,0,0,"time.struct_time(tm_year=2023, tm_mon=8, tm_mday=22, tm_hour=16, tm_min=0, tm_sec=30, tm_wday=1, tm_yday=234, tm_isdst=-1)",2023-08-22,2023,8,234,22,0,16,BUS02
2023-08-22 16:03:00,40.760231,-111.910217,1304.2,0.0,5.1,1.0,13.6,24.71,21.74,62.35,2.0,2.0,24.39,39.0,878.1,0.0,13.2,2.32,36.8,820.6,-9999.0,-9999.0,-9999.0,-9999.0,-9999.0,-9999.0,-9999.0,0.0,0,0,"time.struct_time(tm_year=2023, tm_mon=8, tm_mday=22, tm_hour=16, tm_min=3, tm_sec=0, tm_wday=1, tm_yday=234, tm_isdst=-1)",2023-08-22,2023,8,234,22,3,16,BUS02
2023-08-22 16:05:30,40.760254,-111.910263,1304.6,0.0,5.1,1.0,13.6,24.78,21.76,60.92,2.0,2.0,24.39,39.0,878.2,0.0,12.4,2.32,36.9,821.7,-9999.0,-9999.0,-9999.0,-9999.0,-9999.0,-9999.0,-9999.0,0.0,0,0,"time.struct_time(tm_year=2023, tm_mon=8, tm_mday=22, tm_hour=16, tm_min=5, tm_sec=30, tm_wday=1, tm_yday=234, tm_isdst=-1)",2023-08-22,2023,8,234,22,5,16,BUS02
2023-08-22 16:08:00,40.760181,-111.910263,1304.6,0.0,5.1,1.0,13.6,24.83,21.77,61.35,2.0,2.0,24.39,39.0,878.2,0.0,14.1,2.33,37.1,822.1,-9999.0,-9999.0,-9999.0,-9999.0,-9999.0,-9999.0,-9999.0,0.0,0,0,"time.struct_time(tm_year=2023, tm_mon=8, tm_mday=22, tm_hour=16, tm_min=8, tm_sec=0, tm_wday=1, tm_yday=234, tm_isdst=-1)",2023-08-22,2023,8,234,22,8,16,BUS02
2023-08-22 16:10:30,40.760315,-111.910339,1304.9,0.0,5.1,1.0,13.6,24.89,21.8,63.73,2.0,2.0,24.5,39.0,878.4,0.0,13.3,2.32,37.2,822.7,-9999.0,-9999.0,-9999.0,-9999.0,-9999.0,-9999.0,-9999.0,0.0,0,0,"time.struct_time(tm_year=2023, tm_mon=8, tm_mday=22, tm_hour=16, tm_min=10, tm_sec=30, tm_wday=1, tm_yday=234, tm_isdst=-1)",2023-08-22,2023,8,234,22,10,16,BUS02
2023-08-22 16:13:00,40.760242,-111.910439,1304.7,0.0,5.1,1.0,13.6,24.95,21.84,61.1,2.0,2.0,24.5,39.0,878.3,0.0,13.6,2.32,37.3,823.2,-9999.0,-9999.0,-9999.0,-9999.0,-9999.0,-9999.0,-9999.0,0.0,0,0,"time.struct_time(tm_year=2023, tm_mon=8, tm_mday=22, tm_hour=16, tm_min=13, tm_sec=0, tm_wday=1, tm_yday=234, tm_isdst=-1)",2023-08-22,2023,8,234,22,13,16,BUS02
2023-08-22 16:15:30,40.760242,-111.91024,1304.7,0.0,5.1,1.0,13.6,25.01,21.85,61.06,3.0,2.0,24.5,39.0,878.5,0.0,15.7,2.32,37.4,823.8,-9999.0,-9999.0,-9999.0,-9999.0,-9999.0,-9999.0,-9999.0,0.0,0,0,"time.struct_time(tm_year=2023, tm_mon=8, tm_mday=22, tm_hour=16, tm_min=15, tm_sec=30, tm_wday=1, tm_yday=234, tm_isdst=-1)",2023-08-22,2023,8,234,22,15,16,BUS02
2023-08-22 16:18:00,40.760143,-111.910233,1304.6,0.0,5.1,1.0,13.61,25.07,21.85,60.82,3.0,2.0,24.61,39.0,878.8,0.0,14.1,2.32,37.5,824.4,-9999.0,-9999.0,-9999.0,-9999.0,-9999.0,-9999.0,-9999.0,0.0,0,1,"time.struct_time(tm_year=2023, tm_mon=8, tm_mday=22, tm_hour=16, tm_min=18, tm_sec=0, tm_wday=1, tm_yday=234, tm_isdst=-1)",2023-08-22,2023,8,234,22,18,16,BUS02
2023-08-22 16:20:30,40.760231,-111.910316,1304.8,0.0,5.1,1.0,13.6,25.12,21.84,60.56,2.0,2.0,24.61,39.0,878.7,0.0,16.8,2.32,37.6,824.8,-9999.0,-9999.0,-9999.0,-9999.0,-9999.0,-9999.0,-9999.0,0.0,0,1,"time.struct_time(tm_year=2023, tm_mon=8, tm_mday=22, tm_hour=16, tm_min=20, tm_sec=30, tm_wday=1, tm_yday=234, tm_isdst=-1)",2023-08-22,2023,8,234,22,20,16,BUS02
2023-08-22 16:23:00,40.760334,-111.910484,1304.6,0.46,296.3,1.0,13.6,25.17,21.79,60.12,2.0,2.0,24.61,38.0,878.8,0.0,21.4,2.32,37.7,825.4,-9999.0,-9999.0,-9999.0,-9999.0,-9999.0,-9999.0,-9999.0,0.0,0,1,"time.struct_time(tm_year=2023, tm_mon=8, tm_mday=22, tm_hour=16, tm_min=23, tm_sec=0, tm_wday=1, tm_yday=234, tm_isdst=-1)",2023-08-22,2023,8,234,22,23,16,BUS02
2023-08-22 16:25:30,40.760208,-111.910522,1304.3,0.0,268.5,1.0,13.6,25.22,21.75,60.64,3.0,2.0,24.61,39.0,878.9,0.0,21.3,2.32,37.7,825.6,-9999.0,-9999.0,-9999.0,-9999.0,-9999.0,-9999.0,-9999.0,0.0,0,1,"time.struct_time(tm_year=2023, tm_mon=8, tm_mday=22, tm_hour=16, tm_min=25, tm_sec=30, tm_wday=1, tm_yday=234, tm_isdst=-1)",2023-08-22,2023,8,234,22,25,16,BUS02
2023-08-22 16:28:00,40.760296,-111.910408,1303.6,0.0,268.5,1.0,13.6,25.27,21.69,60.84,2.0,2.0,24.61,39.0,879.1,0.0,23.8,2.32,37.8,825.8,-9999.0,-9999.0,-9999.0,-9999.0,-9999.0,-9999.0,-9999.0,0.0,0,0,"time.struct_time(tm_year=2023, tm_mon=8, tm_mday=22, tm_hour=16, tm_min=28, tm_sec=0, tm_wday=1, tm_yday=234, tm_isdst=-1)",2023-08-22,2023,8,234,22,28,16,BUS02
2023-08-22 16:30:30,40.760235,-111.910378,1303.0,0.0,268.5,1.0,13.6,25.31,21.61,60.72,3.0,2.0,24.5,39.0,878.9,0.0,20.6,2.33,37.9,826.0,-9999.0,-9999.0,-9999.0,-9999.0,-9999.0,-9999.0,-9999.0,0.0,0,0,"time.struct_time(tm_year=2023, tm_mon=8, tm_mday=22, tm_hour=16, tm_min=30, tm_sec=30, tm_wday=1, tm_yday=234, tm_isdst=-1)",2023-08-22,2023,8,234,22,30,16,BUS02
2023-08-22 16:33:00,40.760265,-111.910179,1303.3,0.0,268.5,1.0,13.6,25.35,21.61,61.95,2.0,2.0,24.5,39.0,879.1,0.0,22.8,2.32,38.0,826.0,-9999.0,-9999.0,-9999.0,-9999.0,-9999.0,-9999.0,-9999.0,0.0,0,0,"time.struct_time(tm_year=2023, tm_mon=8, tm_mday=22, tm_hour=16, tm_min=33, tm_sec=0, tm_wday=1, tm_yday=234, tm_isdst=-1)",2023-08-22,2023,8,234,22,33,16,BUS02
2023-08-22 16:35:30,40.760208,-111.910156,1303.5,0.0,268.5,1.0,13.6,25.39,21.48,62.9,3.0,2.0,24.5,40.0,879.1,0.0,20.8,2.33,38.1,826.2,-9999.0,-9999.0,-9999.0,-9999.0,-9999.0,-9999.0,-9999.0,0.0,0,0,"time.struct_time(tm_year=2023, tm_mon=8, tm_mday=22, tm_hour=16, tm_min=35, tm_sec=30, tm_wday=1, tm_yday=234, tm_isdst=-1)",2023-08-22,2023,8,234,22,35,16,BUS02
2023-08-22 16:38:00,40.760178,-111.910271,1303.4,0.0,268.5,1.0,13.6,25.43,21.42,62.99,3.0,2.0,24.5,40.0,879.2,0.0,19.6,2.32,38.1,826.2,-9999.0,-9999.0,-9999.0,-9999.0,-9999.0,-9999.0,-9999.0,0.0,0,0,"time.struct_time(tm_year=2023, tm_mon=8, tm_mday=22, tm_hour=16, tm_min=38, tm_sec=0, tm_wday=1, tm_yday=234, tm_isdst=-1)",2023-08-22,2023,8,234,22,38,16,BUS02
2023-08-22 16:40:30,40.760292,-111.91037,1303.8,0.0,327.2,1.0,13.6,25.47,21.4,65.25,3.0,2.0,24.5,41.0,878.7,0.0,15.8,2.32,38.2,826.1,-9999.0,-9999.0,-9999.0,-9999.0,-9999.0,-9999.0,-9999.0,0.0,0,0,"time.struct_time(tm_year=2023, tm_mon=8, tm_mday=22, tm_hour=16, tm_min=40, tm_sec=30, tm_wday=1, tm_yday=234, tm_isdst=-1)",2023-08-22,2023,8,234,22,40,16,BUS02
2023-08-22 16:43:00,40.760315,-111.910309,1303.0,0.0,327.2,1.0,13.6,25.5,21.42,65.65,4.0,2.0,24.5,41.0,879.2,0.0,17.7,2.33,38.3,826.3,-9999.0,-9999.0,-9999.0,-9999.0,-9999.0,-9999.0,-9999.0,0.0,0,0,"time.struct_time(tm_year=2023, tm_mon=8, tm_mday=22, tm_hour=16, tm_min=43, tm_sec=0, tm_wday=1, tm_yday=234, tm_isdst=-1)",2023-08-22,2023,8,234,22,43,16,BUS02
2023-08-22 16:45:30,40.760242,-111.910263,1302.8,0.0,327.2,1.0,13.6,25.54,21.46,65.13,3.0,2.0,24.5,40.0,879.1,0.0,22.4,2.32,38.3,826.3,-9999.0,-9999.0,-9999.0,-9999.0,-9999.0,-9999.0,-9999.0,0.0,0,1,"time.struct_time(tm_year=2023, tm_mon=8, tm_mday=22, tm_hour=16, tm_min=45, tm_sec=30, tm_wday=1, tm_yday=234, tm_isdst=-1)",2023-08-22,2023,8,234,22,45,16,BUS02
2023-08-22 16:48:00,40.760334,-111.910294,1303.7,0.0,327.2,1.0,13.6,25.59,21.46,65.41,3.0,2.0,24.5,40.0,878.9,0.0,19.2,2.33,38.4,826.2,-9999.0,-9999.0,-9999.0,-9999.0,-9999.0,-9999.0,-9999.0,0.0,0,1,"time.struct_time(tm_year=2023, tm_mon=8, tm_mday=22, tm_hour=16, tm_min=48, tm_sec=0, tm_wday=1, tm_yday=234, tm_isdst=-1)",2023-08-22,2023,8,234,22,48,16,BUS02
2023-08-22 16:51:35,40.760342,-111.910248,1300.5,0.0,327.2,1.0,13.6,25.66,21.46,66.25,2.0,2.0,24.61,39.0,878.9,0.0,20.3,2.32,38.5,826.2,-9999.0,-9999.0,-9999.0,-9999.0,-9999.0,-9999.0,-9999.0,0.0,0,1,"time.struct_time(tm_year=2023, tm_mon=8, tm_mday=22, tm_hour=16, tm_min=51, tm_sec=35, tm_wday=1, tm_yday=234, tm_isdst=-1)",2023-08-22,2023,8,234,22,51,16,BUS02
2023-08-22 16:54:05,40.760502,-111.910378,1302.8,0.0,323.3,1.0,13.6,25.71,21.46,65.83,3.0,2.0,24.61,38.0,878.5,0.0,22.3,2.32,38.5,826.2,-9999.0,-9999.0,-9999.0,-9999.0,-9999.0,-9999.0,-9999.0,0.0,0,1,"time.struct_time(tm_year=2023, tm_mon=8, tm_mday=22, tm_hour=16, tm_min=54, tm_sec=5, tm_wday=1, tm_yday=234, tm_isdst=-1)",2023-08-22,2023,8,234,22,54,16,BUS02
2023-08-22 16:56:35,40.760349,-111.910324,1302.7,0.0,323.3,1.0,13.6,25.76,21.46,65.61,3.0,2.0,24.72,38.0,878.6,0.0,17.4,2.33,38.6,826.1,-9999.0,-9999.0,-9999.0,-9999.0,-9999.0,-9999.0,-9999.0,0.0,0,1,"time.struct_time(tm_year=2023, tm_mon=8, tm_mday=22, tm_hour=16, tm_min=56, tm_sec=35, tm_wday=1, tm_yday=234, tm_isdst=-1)",2023-08-22,2023,8,234,22,56,16,BUS02
2023-08-22 16:59:05,40.760288,-111.910408,1302.4,0.0,323.3,1.0,13.6,25.81,21.46,66.19,3.0,2.0,24.72,38.0,878.5,0.0,18.4,2.33,38.7,826.3,-9999.0,-9999.0,-9999.0,-9999.0,-9999.0,-9999.0,-9999.0,0.0,0,1,"time.struct_time(tm_year=2023, tm_mon=8, tm_mday=22, tm_hour=16, tm_min=59, tm_sec=5, tm_wday=1, tm_yday=234, tm_isdst=-1)",2023-08-22,2023,8,234,22,59,16,BUS02
2023-08-22 17:01:35,40.760406,-111.910271,1303.6,0.0,323.3,1.0,13.6,25.86,21.5,66.49,2.0,2.0,24.89,38.0,878.8,0.0,17.3,2.32,38.7,826.3,-9999.0,-9999.0,-9999.0,-9999.0,-9999.0,-9999.0,-9999.0,0.0,0,1,"time.struct_time(tm_year=2023, tm_mon=8, tm_mday=22, tm_hour=17, tm_min=1, tm_sec=35, tm_wday=1, tm_yday=234, tm_isdst=-1)",2023-08-22,2023,8,234,22,1,17,BUS02
2023-08-22 17:04:05,40.760258,-111.910332,1304.1,0.0,323.3,1.0,13.6,25.9,21.54,66.27,2.0,2.0,25.0,38.0,878.8,0.0,16.8,2.32,38.8,826.5,-9999.0,-9999.0,-9999.0,-9999.0,-9999.0,-9999.0,-9999.0,0.0,0,1,"time.struct_time(tm_year=2023, tm_mon=8, tm_mday=22, tm_hour=17, tm_min=4, tm_sec=5, tm_wday=1, tm_yday=234, tm_isdst=-1)",2023-08-22,2023,8,234,22,4,17,BUS02
2023-08-22 17:06:35,40.760292,-111.910385,1301.6,0.0,323.3,1.0,13.61,25.94,21.58,66.57,3.0,2.0,25.0,38.0,879.0,0.0,22.4,2.34,38.8,826.3,-9999.0,-9999.0,-9999.0,-9999.0,-9999.0,-9999.0,-9999.0,0.0,0,1,"time.struct_time(tm_year=2023, tm_mon=8, tm_mday=22, tm_hour=17, tm_min=6, tm_sec=35, tm_wday=1, tm_yday=234, tm_isdst=-1)",2023-08-22,2023,8,234,22,6,17,BUS02
2023-08-22 17:09:05,40.760319,-111.910355,1301.9,0.0,323.3,1.0,13.6,25.98,21.6,66.76,2.0,2.0,25.11,39.0,878.8,0.0,17.6,2.34,38.9,826.4,-9999.0,-9999.0,-9999.0,-9999.0,-9999.0,-9999.0,-9999.0,0.0,0,1,"time.struct_time(tm_year=2023, tm_mon=8, tm_mday=22, tm_hour=17, tm_min=9, tm_sec=5, tm_wday=1, tm_yday=234, tm_isdst=-1)",2023-08-22,2023,8,234,22,9,17,BUS02
2023-08-22 17:11:35,40.760349,-111.910423,1302.5,0.0,323.3,1.0,13.6,26.01,21.62,66.92,3.0,2.0,25.11,39.0,878.7,0.0,14.7,2.33,38.9,826.1,-9999.0,-9999.0,-9999.0,-9999.0,-9999.0,-9999.0,-9999.0,0.0,0,1,"time.struct_time(tm_year=2023, tm_mon=8, tm_mday=22, tm_hour=17, tm_min=11, tm_sec=35, tm_wday=1, tm_yday=234, tm_isdst=-1)",2023-08-22,2023,8,234,22,11,17,BUS02
2023-08-22 17:14:05,40.760239,-111.910309,1302.9,0.0,323.3,1.0,13.6,26.05,21.66,66.33,2.0,2.0,25.22,39.0,878.6,0.0,18.7,2.34,39.0,826.3,-9999.0,-9999.0,-9999.0,-9999.0,-9999.0,-9999.0,-9999.0,0.0,0,1,"time.struct_time(tm_year=2023, tm_mon=8, tm_mday=22, tm_hour=17, tm_min=14, tm_sec=5, tm_wday=1, tm_yday=234, tm_isdst=-1)",2023-08-22,2023,8,234,22,14,17,BUS02
2023-08-22 17:16:35,40.760277,-111.910309,1302.3,0.0,348.7,1.0,13.6,26.08,21.66,66.21,3.0,2.0,25.22,39.0,878.6,0.0,20.2,2.34,39.0,826.2,-9999.0,-9999.0,-9999.0,-9999.0,-9999.0,-9999.0,-9999.0,0.0,0,1,"time.struct_time(tm_year=2023, tm_mon=8, tm_mday=22, tm_hour=17, tm_min=16, tm_sec=35, tm_wday=1, tm_yday=234, tm_isdst=-1)",2023-08-22,2023,8,234,22,16,17,BUS02
2023-08-22 17:19:05,40.760284,-111.910362,1302.7,0.0,348.7,1.0,13.6,26.12,21.7,66.46,3.0,2.0,25.22,39.0,878.4,0.0,13.2,2.35,39.1,826.2,-9999.0,-9999.0,-9999.0,-9999.0,-9999.0,-9999.0,-9999.0,0.0,0,1,"time.struct_time(tm_year=2023, tm_mon=8, tm_mday=22, tm_hour=17, tm_min=19, tm_sec=5, tm_wday=1, tm_yday=234, tm_isdst=-1)",2023-08-22,2023,8,234,22,19,17,BUS02
2023-08-22 17:21:35,40.760303,-111.910271,1302.7,0.0,348.7,1.0,13.6,26.15,21.72,65.54,2.0,2.0,25.22,39.0,878.4,0.0,20.6,2.33,39.1,826.2,-9999.0,-9999.0,-9999.0,-9999.0,-9999.0,-9999.0,-9999.0,0.0,0,1,"time.struct_time(tm_year=2023, tm_mon=8, tm_mday=22, tm_hour=17, tm_min=21, tm_sec=35, tm_wday=1, tm_yday=234, tm_isdst=-1)",2023-08-22,2023,8,234,22,21,17,BUS02
2023-08-22 17:24:05,40.760254,-111.910255,1302.9,0.0,348.7,1.0,13.6,26.18,21.74,63.75,1.0,2.0,25.28,38.0,878.3,0.0,21.9,2.31,39.2,826.5,-9999.0,-9999.0,-9999.0,-9999.0,-9999.0,-9999.0,-9999.0,0.0,0,1,"time.struct_time(tm_year=2023, tm_mon=8, tm_mday=22, tm_hour=17, tm_min=24, tm_sec=5, tm_wday=1, tm_yday=234, tm_isdst=-1)",2023-08-22,2023,8,234,22,24,17,BUS02
2023-08-22 17:26:35,40.760498,-111.910225,1298.3,0.0,21.4,1.0,13.6,26.21,21.84,62.73,3.0,2.0,25.28,38.0,878.5,0.0,24.5,2.34,39.2,826.4,-9999.0,-9999.0,-9999.0,-9999.0,-9999.0,-9999.0,-9999.0,0.0,0,1,"time.struct_time(tm_year=2023, tm_mon=8, tm_mday=22, tm_hour=17, tm_min=26, tm_sec=35, tm_wday=1, tm_yday=234, tm_isdst=-1)",2023-08-22,2023,8,234,22,26,17,BUS02
2023-08-22 17:29:05,40.761803,-111.909828,1292.6,0.0,322.8,1.0,13.6,26.23,21.44,62.22,2.0,2.0,25.22,38.0,878.4,0.0,27.4,2.33,39.3,826.8,-9999.0,-9999.0,-9999.0,-9999.0,-9999.0,-9999.0,-9999.0,0.0,0,1,"time.struct_time(tm_year=2023, tm_mon=8, tm_mday=22, tm_hour=17, tm_min=29, tm_sec=5, tm_wday=1, tm_yday=234, tm_isdst=-1)",2023-08-22,2023,8,234,22,29,17,BUS02
2023-08-22 17:31:35,40.761803,-111.909828,1292.6,0.0,322.8,1.0,13.6,26.24,20.9,66.45,2.0,2.0,25.11,38.0,878.6,0.0,27.5,2.33,39.3,826.7,-9999.0,-9999.0,-9999.0,-9999.0,-9999.0,-9999.0,-9999.0,0.0,0,1,"time.struct_time(tm_year=2023, tm_mon=8, tm_mday=22, tm_hour=17, tm_min=31, tm_sec=35, tm_wday=1, tm_yday=234, tm_isdst=-1)",2023-08-22,2023,8,234,22,31,17,BUS02
2023-08-22 17:34:05,40.761803,-111.909821,1290.8,0.0,322.8,1.0,13.6,26.26,20.65,66.13,3.0,2.0,24.89,37.0,878.6,0.0,30.2,2.33,39.3,827.0,-9999.0,-9999.0,-9999.0,-9999.0,-9999.0,-9999.0,-9999.0,0.0,0,1,"time.struct_time(tm_year=2023, tm_mon=8, tm_mday=22, tm_hour=17, tm_min=34, tm_sec=5, tm_wday=1, tm_yday=234, tm_isdst=-1)",2023-08-22,2023,8,234,22,34,17,BUS02
2023-08-22 17:36:35,40.761799,-111.909828,1290.7,0.0,322.8,1.0,13.6,26.26,20.43,65.81,3.0,2.0,24.72,37.0,878.4,0.0,30.0,2.34,39.4,826.8,-9999.0,-9999.0,-9999.0,-9999.0,-9999.0,-9999.0,-9999.0,0.0,0,1,"time.struct_time(tm_year=2023, tm_mon=8, tm_mday=22, tm_hour=17, tm_min=36, tm_sec=35, tm_wday=1, tm_yday=234, tm_isdst=-1)",2023-08-22,2023,8,234,22,36,17,BUS02
2023-08-22 17:39:05,40.761799,-111.909828,1290.3,0.0,322.8,1.0,13.6,26.26,20.27,64.58,3.0,2.0,24.5,36.0,878.4,0.0,33.8,2.33,39.4,827.0,-9999.0,-9999.0,-9999.0,-9999.0,-9999.0,-9999.0,-9999.0,0.0,0,1,"time.struct_time(tm_year=2023, tm_mon=8, tm_mday=22, tm_hour=17, tm_min=39, tm_sec=5, tm_wday=1, tm_yday=234, tm_isdst=-1)",2023-08-22,2023,8,234,22,39,17,BUS02
2023-08-22 17:41:35,40.761799,-111.909821,1290.2,0.0,322.8,1.0,13.6,26.25,20.25,66.59,2.0,2.0,24.39,37.0,878.5,0.0,29.1,2.34,39.4,826.8,-9999.0,-9999.0,-9999.0,-9999.0,-9999.0,-9999.0,-9999.0,0.0,0,1,"time.struct_time(tm_year=2023, tm_mon=8, tm_mday=22, tm_hour=17, tm_min=41, tm_sec=35, tm_wday=1, tm_yday=234, tm_isdst=-1)",2023-08-22,2023,8,234,22,41,17,BUS02
2023-08-22 17:44:05,40.761791,-111.909821,1289.9,0.0,322.8,1.0,13.6,26.24,20.29,64.39,3.0,2.0,24.39,37.0,878.5,0.0,30.8,2.33,39.5,827.1,-9999.0,-9999.0,-9999.0,-9999.0,-9999.0,-9999.0,-9999.0,0.0,0,1,"time.struct_time(tm_year=2023, tm_mon=8, tm_mday=22, tm_hour=17, tm_min=44, tm_sec=5, tm_wday=1, tm_yday=234, tm_isdst=-1)",2023-08-22,2023,8,234,22,44,17,BUS02
2023-08-22 17:46:35,40.761787,-111.909828,1289.7,0.0,322.8,1.0,13.6,26.23,20.31,63.12,3.0,2.0,24.28,37.0,878.3,0.0,34.2,2.33,39.5,826.8,-9999.0,-9999.0,-9999.0,-9999.0,-9999.0,-9999.0,-9999.0,0.0,0,1,"time.struct_time(tm_year=2023, tm_mon=8, tm_mday=22, tm_hour=17, tm_min=46, tm_sec=35, tm_wday=1, tm_yday=234, tm_isdst=-1)",2023-08-22,2023,8,234,22,46,17,BUS02
2023-08-22 17:49:05,40.761787,-111.909828,1289.7,0.0,322.8,1.0,13.6,26.21,20.27,64.41,1.0,2.0,24.11,36.0,878.1,0.0,32.4,2.34,39.5,827.0,-9999.0,-9999.0,-9999.0,-9999.0,-9999.0,-9999.0,-9999.0,0.0,0,1,"time.struct_time(tm_year=2023, tm_mon=8, tm_mday=22, tm_hour=17, tm_min=49, tm_sec=5, tm_wday=1, tm_yday=234, tm_isdst=-1)",2023-08-22,2023,8,234,22,49,17,BUS02
2023-08-22 17:52:40,40.761784,-111.909821,1289.2,0.0,322.8,1.0,13.6,26.18,20.33,64.61,2.0,2.0,24.11,36.0,878.0,0.0,28.1,2.33,39.5,827.0,-9999.0,-9999.0,-9999.0,-9999.0,-9999.0,-9999.0,-9999.0,0.0,0,1,"time.struct_time(tm_year=2023, tm_mon=8, tm_mday=22, tm_hour=17, tm_min=52, tm_sec=40, tm_wday=1, tm_yday=234, tm_isdst=-1)",2023-08-22,2023,8,234,22,52,17,BUS02
2023-08-22 17:55:10,40.761787,-111.909821,1289.0,0.0,322.8,1.0,13.6,26.16,20.43,64.96,2.0,2.0,24.11,37.0,878.1,0.0,35.2,2.34,39.5,826.8,-9999.0,-9999.0,-9999.0,-9999.0,-9999.0,-9999.0,-9999.0,0.0,0,1,"time.struct_time(tm_year=2023, tm_mon=8, tm_mday=22, tm_hour=17, tm_min=55, tm_sec=10, tm_wday=1, tm_yday=234, tm_isdst=-1)",2023-08-22,2023,8,234,22,55,17,BUS02
2023-08-22 17:57:40,40.761784,-111.909828,1288.9,0.0,322.8,1.0,13.6,26.14,20.57,64.48,2.0,2.0,24.0,37.0,878.3,0.0,33.3,2.33,39.5,827.0,-9999.0,-9999.0,-9999.0,-9999.0,-9999.0,-9999.0,-9999.0,0.0,0,1,"time.struct_time(tm_year=2023, tm_mon=8, tm_mday=22, tm_hour=17, tm_min=57, tm_sec=40, tm_wday=1, tm_yday=234, tm_isdst=-1)",2023-08-22,2023,8,234,22,57,17,BUS02
2023-08-22 18:00:10,40.761784,-111.909836,1288.5,0.0,322.8,1.0,13.6,26.13,20.71,63.7,8.0,2.0,24.0,37.0,877.9,0.0,9.0,2.34,39.5,826.8,-9999.0,-9999.0,-9999.0,-9999.0,-9999.0,-9999.0,-9999.0,0.0,0,1,"time.struct_time(tm_year=2023, tm_mon=8, tm_mday=22, tm_hour=18, tm_min=0, tm_sec=10, tm_wday=1, tm_yday=234, tm_isdst=-1)",2023-08-22,2023,8,234,22,0,18,BUS02
2023-08-22 18:02:40,40.761787,-111.909836,1288.2,0.0,322.8,1.0,13.6,26.12,20.87,61.66,3.0,2.0,24.22,37.0,878.1,0.0,32.3,2.34,39.5,826.8,-9999.0,-9999.0,-9999.0,-9999.0,-9999.0,-9999.0,-9999.0,0.0,0,1,"time.struct_time(tm_year=2023, tm_mon=8, tm_mday=22, tm_hour=18, tm_min=2, tm_sec=40, tm_wday=1, tm_yday=234, tm_isdst=-1)",2023-08-22,2023,8,234,22,2,18,BUS02
2023-08-22 18:05:10,40.761784,-111.909828,1287.7,0.0,322.8,1.0,13.6,26.1,20.88,61.89,3.0,2.0,24.11,37.0,877.9,0.0,29.4,2.34,39.5,826.6,-9999.0,-9999.0,-9999.0,-9999.0,-9999.0,-9999.0,-9999.0,0.0,0,1,"time.struct_time(tm_year=2023, tm_mon=8, tm_mday=22, tm_hour=18, tm_min=5, tm_sec=10, tm_wday=1, tm_yday=234, tm_isdst=-1)",2023-08-22,2023,8,234,22,5,18,BUS02
2023-08-22 18:07:40,40.761784,-111.909828,1287.4,0.0,322.8,1.0,13.6,26.1,20.98,60.54,4.0,2.0,24.22,37.0,877.9,0.0,29.1,2.33,39.5,826.8,-9999.0,-9999.0,-9999.0,-9999.0,-9999.0,-9999.0,-9999.0,0.0,0,1,"time.struct_time(tm_year=2023, tm_mon=8, tm_mday=22, tm_hour=18, tm_min=7, tm_sec=40, tm_wday=1, tm_yday=234, tm_isdst=-1)",2023-08-22,2023,8,234,22,7,18,BUS02
2023-08-22 18:10:10,40.761787,-111.909828,1287.2,0.0,322.8,1.0,13.6,26.09,20.94,60.36,2.0,2.0,24.22,37.0,877.7,0.0,32.4,2.34,39.5,826.5,-9999.0,-9999.0,-9999.0,-9999.0,-9999.0,-9999.0,-9999.0,0.0,0,1,"time.struct_time(tm_year=2023, tm_mon=8, tm_mday=22, tm_hour=18, tm_min=10, tm_sec=10, tm_wday=1, tm_yday=234, tm_isdst=-1)",2023-08-22,2023,8,234,22,10,18,BUS02
2023-08-22 18:12:40,40.761787,-111.909821,1286.9,0.0,322.8,1.0,13.6,26.08,20.9,59.9,3.0,2.0,24.11,37.0,877.7,0.0,33.9,2.33,39.5,826.7,-9999.0,-9999.0,-9999.0,-9999.0,-9999.0,-9999.0,-9999.0,0.0,0,1,"time.struct_time(tm_year=2023, tm_mon=8, tm_mday=22, tm_hour=18, tm_min=12, tm_sec=40, tm_wday=1, tm_yday=234, tm_isdst=-1)",2023-08-22,2023,8,234,22,12,18,BUS02
2023-08-22 18:15:10,40.761784,-111.909828,1286.5,0.0,322.8,1.0,13.6,26.08,20.96,59.87,2.0,2.0,24.22,37.0,877.6,0.0,29.6,2.34,39.5,826.4,-9999.0,-9999.0,-9999.0,-9999.0,-9999.0,-9999.0,-9999.0,0.0,0,1,"time.struct_time(tm_year=2023, tm_mon=8, tm_mday=22, tm_hour=18, tm_min=15, tm_sec=10, tm_wday=1, tm_yday=234, tm_isdst=-1)",2023-08-22,2023,8,234,22,15,18,BUS02
2023-08-22 18:17:40,40.761791,-111.909821,1286.1,0.0,322.8,1.0,13.6,26.08,20.98,60.43,2.0,2.0,24.22,37.0,877.5,0.0,32.0,2.33,39.5,826.4,-9999.0,-9999.0,-9999.0,-9999.0,-9999.0,-9999.0,-9999.0,0.0,0,1,"time.struct_time(tm_year=2023, tm_mon=8, tm_mday=22, tm_hour=18, tm_min=17, tm_sec=40, tm_wday=1, tm_yday=234, tm_isdst=-1)",2023-08-22,2023,8,234,22,17,18,BUS02
2023-08-22 18:20:10,40.761791,-111.909813,1285.6,0.0,322.8,1.0,13.6,26.08,21.0,60.65,3.0,2.0,24.22,36.0,877.5,0.0,35.6,2.35,39.5,826.2,-9999.0,-9999.0,-9999.0,-9999.0,-9999.0,-9999.0,-9999.0,0.0,0,1,"time.struct_time(tm_year=2023, tm_mon=8, tm_mday=22, tm_hour=18, tm_min=20, tm_sec=10, tm_wday=1, tm_yday=234, tm_isdst=-1)",2023-08-22,2023,8,234,22,20,18,BUS02
2023-08-22 18:22:40,40.761799,-111.909805,1283.9,0.0,322.8,1.0,13.6,26.08,21.14,59.61,3.0,2.0,24.28,37.0,877.4,0.0,15.6,2.35,39.5,826.5,-9999.0,-9999.0,-9999.0,-9999.0,-9999.0,-9999.0,-9999.0,0.0,0,1,"time.struct_time(tm_year=2023, tm_mon=8, tm_mday=22, tm_hour=18, tm_min=22, tm_sec=40, tm_wday=1, tm_yday=234, tm_isdst=-1)",2023-08-22,2023,8,234,22,22,18,BUS02
2023-08-22 18:25:10,40.761799,-111.909805,1283.4,0.0,322.8,1.0,13.6,26.08,21.28,58.55,2.0,2.0,24.28,36.0,877.3,0.0,33.8,2.34,39.5,826.2,-9999.0,-9999.0,-9999.0,-9999.0,-9999.0,-9999.0,-9999.0,0.0,0,1,"time.struct_time(tm_year=2023, tm_mon=8, tm_mday=22, tm_hour=18, tm_min=25, tm_sec=10, tm_wday=1, tm_yday=234, tm_isdst=-1)",2023-08-22,2023,8,234,22,25,18,BUS02
2023-08-22 18:27:40,40.761803,-111.909805,1282.9,0.0,322.8,1.0,13.6,26.09,21.26,58.25,2.0,2.0,24.39,36.0,877.3,0.0,35.5,2.32,39.5,826.5,-9999.0,-9999.0,-9999.0,-9999.0,-9999.0,-9999.0,-9999.0,0.0,0,1,"time.struct_time(tm_year=2023, tm_mon=8, tm_mday=22, tm_hour=18, tm_min=27, tm_sec=40, tm_wday=1, tm_yday=234, tm_isdst=-1)",2023-08-22,2023,8,234,22,27,18,BUS02
2023-08-22 18:30:10,40.761799,-111.909813,1282.5,0.0,322.8,1.0,13.6,26.1,21.56,58.14,2.0,2.0,24.5,36.0,877.7,0.0,31.9,2.32,39.5,826.4,-9999.0,-9999.0,-9999.0,-9999.0,-9999.0,-9999.0,-9999.0,0.0,0,1,"time.struct_time(tm_year=2023, tm_mon=8, tm_mday=22, tm_hour=18, tm_min=30, tm_sec=10, tm_wday=1, tm_yday=234, tm_isdst=-1)",2023-08-22,2023,8,234,22,30,18,BUS02
2023-08-22 18:32:40,40.761784,-111.909813,1281.9,0.0,322.8,1.0,13.6,26.11,21.9,56.86,3.0,2.0,24.61,36.0,877.5,0.0,32.3,2.33,39.5,826.6,-9999.0,-9999.0,-9999.0,-9999.0,-9999.0,-9999.0,-9999.0,0.0,0,1,"time.struct_time(tm_year=2023, tm_mon=8, tm_mday=22, tm_hour=18, tm_min=32, tm_sec=40, tm_wday=1, tm_yday=234, tm_isdst=-1)",2023-08-22,2023,8,234,22,32,18,BUS02
2023-08-22 18:35:10,40.76178,-111.909805,1282.1,0.0,322.8,1.0,13.6,26.13,22.07,56.14,2.0,2.0,24.72,37.0,877.6,0.0,33.9,2.34,39.5,826.3,-9999.0,-9999.0,-9999.0,-9999.0,-9999.0,-9999.0,-9999.0,0.0,0,1,"time.struct_time(tm_year=2023, tm_mon=8, tm_mday=22, tm_hour=18, tm_min=35, tm_sec=10, tm_wday=1, tm_yday=234, tm_isdst=-1)",2023-08-22,2023,8,234,22,35,18,BUS02
2023-08-22 18:37:40,40.76178,-111.909805,1281.7,0.0,322.8,1.0,13.6,26.16,22.06,55.41,2.0,2.0,24.78,36.0,877.4,0.0,29.6,2.33,39.5,826.6,-9999.0,-9999.0,-9999.0,-9999.0,-9999.0,-9999.0,-9999.0,0.0,0,1,"time.struct_time(tm_year=2023, tm_mon=8, tm_mday=22, tm_hour=18, tm_min=37, tm_sec=40, tm_wday=1, tm_yday=234, tm_isdst=-1)",2023-08-22,2023,8,234,22,37,18,BUS02
2023-08-22 18:40:10,40.761772,-111.909805,1281.3,0.0,322.8,1.0,13.6,26.18,22.09,55.44,3.0,2.0,24.78,36.0,877.4,0.0,25.1,2.33,39.5,826.5,-9999.0,-9999.0,-9999.0,-9999.0,-9999.0,-9999.0,-9999.0,0.0,0,1,"time.struct_time(tm_year=2023, tm_mon=8, tm_mday=22, tm_hour=18, tm_min=40, tm_sec=10, tm_wday=1, tm_yday=234, tm_isdst=-1)",2023-08-22,2023,8,234,22,40,18,BUS02
2023-08-22 18:42:40,40.761768,-111.909798,1280.7,0.0,322.8,1.0,13.6,26.21,22.17,55.48,2.0,2.0,24.89,36.0,877.5,0.0,25.6,2.34,39.5,826.7,-9999.0,-9999.0,-9999.0,-9999.0,-9999.0,-9999.0,-9999.0,0.0,0,1,"time.struct_time(tm_year=2023, tm_mon=8, tm_mday=22, tm_hour=18, tm_min=42, tm_sec=40, tm_wday=1, tm_yday=234, tm_isdst=-1)",2023-08-22,2023,8,234,22,42,18,BUS02
2023-08-22 18:45:10,40.761765,-111.909798,1280.2,0.0,322.8,1.0,13.6,26.25,22.34,54.66,2.0,2.0,25.0,36.0,877.7,0.0,30.6,2.33,39.5,826.6,-9999.0,-9999.0,-9999.0,-9999.0,-9999.0,-9999.0,-9999.0,0.0,0,1,"time.struct_time(tm_year=2023, tm_mon=8, tm_mday=22, tm_hour=18, tm_min=45, tm_sec=10, tm_wday=1, tm_yday=234, tm_isdst=-1)",2023-08-22,2023,8,234,22,45,18,BUS02
2023-08-22 18:47:40,40.761753,-111.909798,1279.8,0.0,322.8,1.0,13.6,26.28,22.51,53.91,2.0,2.0,25.0,36.0,877.8,0.0,28.3,2.33,39.5,826.8,-9999.0,-9999.0,-9999.0,-9999.0,-9999.0,-9999.0,-9999.0,0.0,0,1,"time.struct_time(tm_year=2023, tm_mon=8, tm_mday=22, tm_hour=18, tm_min=47, tm_sec=40, tm_wday=1, tm_yday=234, tm_isdst=-1)",2023-08-22,2023,8,234,22,47,18,BUS02
2023-08-22 18:50:10,40.761753,-111.909798,1279.2,0.0,322.8,1.0,13.6,26.32,22.73,53.76,2.0,2.0,25.11,37.0,877.7,0.0,29.7,2.33,39.6,826.6,-9999.0,-9999.0,-9999.0,-9999.0,-9999.0,-9999.0,-9999.0,0.0,0,1,"time.struct_time(tm_year=2023, tm_mon=8, tm_mday=22, tm_hour=18, tm_min=50, tm_sec=10, tm_wday=1, tm_yday=234, tm_isdst=-1)",2023-08-22,2023,8,234,22,50,18,BUS02
2023-08-22 18:53:45,40.761768,-111.90979,1278.1,0.0,322.8,1.0,13.6,26.39,22.99,53.18,2.0,2.0,25.22,37.0,877.5,0.0,28.2,2.33,39.6,826.8,-9999.0,-9999.0,-9999.0,-9999.0,-9999.0,-9999.0,-9999.0,0.0,0,1,"time.struct_time(tm_year=2023, tm_mon=8, tm_mday=22, tm_hour=18, tm_min=53, tm_sec=45, tm_wday=1, tm_yday=234, tm_isdst=-1)",2023-08-22,2023,8,234,22,53,18,BUS02
2023-08-22 18:56:15,40.761768,-111.909782,1278.1,0.0,322.8,1.0,13.57,26.43,23.25,52.38,2.0,2.0,25.28,37.0,877.7,0.0,30.0,2.33,39.6,826.6,-9999.0,-9999.0,-9999.0,-9999.0,-9999.0,-9999.0,-9999.0,0.0,0,1,"time.struct_time(tm_year=2023, tm_mon=8, tm_mday=22, tm_hour=18, tm_min=56, tm_sec=15, tm_wday=1, tm_yday=234, tm_isdst=-1)",2023-08-22,2023,8,234,22,56,18,BUS02
2023-08-22 18:58:45,40.761776,-111.909782,1279.1,0.0,322.8,1.0,13.57,26.48,23.11,53.54,2.0,2.0,25.28,37.0,877.6,0.0,26.5,2.33,39.7,826.8,-9999.0,-9999.0,-9999.0,-9999.0,-9999.0,-9999.0,-9999.0,0.0,0,1,"time.struct_time(tm_year=2023, tm_mon=8, tm_mday=22, tm_hour=18, tm_min=58, tm_sec=45, tm_wday=1, tm_yday=234, tm_isdst=-1)",2023-08-22,2023,8,234,22,58,18,BUS02
2023-08-22 19:01:15,40.761791,-111.909775,1280.3,0.0,322.8,1.0,13.57,26.53,22.71,52.71,3.0,2.0,25.28,36.0,877.5,0.0,32.4,2.33,39.7,826.6,-9999.0,-9999.0,-9999.0,-9999.0,-9999.0,-9999.0,-9999.0,0.0,0,1,"time.struct_time(tm_year=2023, tm_mon=8, tm_mday=22, tm_hour=19, tm_min=1, tm_sec=15, tm_wday=1, tm_yday=234, tm_isdst=-1)",2023-08-22,2023,8,234,22,1,19,BUS02
2023-08-22 19:03:45,40.761806,-111.909782,1281.5,0.0,322.8,1.0,13.57,26.58,22.62,52.7,2.0,2.0,25.28,36.0,877.6,0.0,34.9,2.34,39.7,826.9,-9999.0,-9999.0,-9999.0,-9999.0,-9999.0,-9999.0,-9999.0,0.0,0,1,"time.struct_time(tm_year=2023, tm_mon=8, tm_mday=22, tm_hour=19, tm_min=3, tm_sec=45, tm_wday=1, tm_yday=234, tm_isdst=-1)",2023-08-22,2023,8,234,22,3,19,BUS02
2023-08-22 19:06:15,40.761814,-111.909775,1281.4,0.0,322.8,1.0,13.57,26.62,22.57,53.06,2.0,2.0,25.28,36.0,877.6,0.0,26.6,2.34,39.8,826.6,-9999.0,-9999.0,-9999.0,-9999.0,-9999.0,-9999.0,-9999.0,0.0,0,1,"time.struct_time(tm_year=2023, tm_mon=8, tm_mday=22, tm_hour=19, tm_min=6, tm_sec=15, tm_wday=1, tm_yday=234, tm_isdst=-1)",2023-08-22,2023,8,234,22,6,19,BUS02
2023-08-22 19:08:45,40.761822,-111.909775,1281.5,0.0,322.8,1.0,13.57,26.66,22.51,53.97,3.0,2.0,25.28,36.0,877.7,0.0,26.0,2.34,39.8,826.9,-9999.0,-9999.0,-9999.0,-9999.0,-9999.0,-9999.0,-9999.0,0.0,0,1,"time.struct_time(tm_year=2023, tm_mon=8, tm_mday=22, tm_hour=19, tm_min=8, tm_sec=45, tm_wday=1, tm_yday=234, tm_isdst=-1)",2023-08-22,2023,8,234,22,8,19,BUS02
2023-08-22 19:11:15,40.761826,-111.909782,1282.0,0.0,322.8,1.0,13.57,26.7,22.29,53.25,2.0,2.0,25.28,35.0,877.5,0.0,29.1,2.35,39.8,826.7,-9999.0,-9999.0,-9999.0,-9999.0,-9999.0,-9999.0,-9999.0,0.0,0,1,"time.struct_time(tm_year=2023, tm_mon=8, tm_mday=22, tm_hour=19, tm_min=11, tm_sec=15, tm_wday=1, tm_yday=234, tm_isdst=-1)",2023-08-22,2023,8,234,22,11,19,BUS02
2023-08-22 19:13:45,40.761852,-111.90979,1282.6,0.0,322.8,1.0,13.57,26.73,22.17,53.72,2.0,2.0,25.39,35.0,877.7,0.0,35.1,2.33,39.9,827.0,-9999.0,-9999.0,-9999.0,-9999.0,-9999.0,-9999.0,-9999.0,0.0,0,1,"time.struct_time(tm_year=2023, tm_mon=8, tm_mday=22, tm_hour=19, tm_min=13, tm_sec=45, tm_wday=1, tm_yday=234, tm_isdst=-1)",2023-08-22,2023,8,234,22,13,19,BUS02
2023-08-22 19:16:15,40.761852,-111.90979,1282.1,0.0,322.8,1.0,13.57,26.76,22.16,53.1,2.0,2.0,25.39,35.0,877.8,0.0,26.8,2.34,39.9,826.9,-9999.0,-9999.0,-9999.0,-9999.0,-9999.0,-9999.0,-9999.0,0.0,0,1,"time.struct_time(tm_year=2023, tm_mon=8, tm_mday=22, tm_hour=19, tm_min=16, tm_sec=15, tm_wday=1, tm_yday=234, tm_isdst=-1)",2023-08-22,2023,8,234,22,16,19,BUS02
2023-08-22 19:18:45,40.761848,-111.909782,1281.3,0.0,322.8,1.0,13.57,26.78,22.07,54.66,2.0,2.0,25.39,35.0,877.9,0.0,32.4,2.33,39.9,827.1,-9999.0,-9999.0,-9999.0,-9999.0,-9999.0,-9999.0,-9999.0,0.0,0,1,"time.struct_time(tm_year=2023, tm_mon=8, tm_mday=22, tm_hour=19, tm_min=18, tm_sec=45, tm_wday=1, tm_yday=234, tm_isdst=-1)",2023-08-22,2023,8,234,22,18,19,BUS02
2023-08-22 19:21:15,40.761845,-111.909775,1282.6,0.0,322.8,1.0,13.57,26.8,21.97,55.61,3.0,2.0,25.28,36.0,878.1,0.0,32.0,2.35,40.0,827.0,-9999.0,-9999.0,-9999.0,-9999.0,-9999.0,-9999.0,-9999.0,0.0,0,1,"time.struct_time(tm_year=2023, tm_mon=8, tm_mday=22, tm_hour=19, tm_min=21, tm_sec=15, tm_wday=1, tm_yday=234, tm_isdst=-1)",2023-08-22,2023,8,234,22,21,19,BUS02
2023-08-22 19:23:45,40.76186,-111.909767,1283.6,0.0,322.8,1.0,13.57,26.83,21.76,58.59,3.0,2.0,25.11,37.0,878.2,0.0,32.0,2.34,40.0,827.2,-9999.0,-9999.0,-9999.0,-9999.0,-9999.0,-9999.0,-9999.0,0.0,0,1,"time.struct_time(tm_year=2023, tm_mon=8, tm_mday=22, tm_hour=19, tm_min=23, tm_sec=45, tm_wday=1, tm_yday=234, tm_isdst=-1)",2023-08-22,2023,8,234,22,23,19,BUS02
2023-08-22 19:26:15,40.761852,-111.909775,1283.7,0.0,322.8,1.0,13.57,26.85,21.72,58.78,2.0,2.0,25.11,37.0,877.9,0.0,28.5,2.33,40.0,827.1,-9999.0,-9999.0,-9999.0,-9999.0,-9999.0,-9999.0,-9999.0,0.0,0,1,"time.struct_time(tm_year=2023, tm_mon=8, tm_mday=22, tm_hour=19, tm_min=26, tm_sec=15, tm_wday=1, tm_yday=234, tm_isdst=-1)",2023-08-22,2023,8,234,22,26,19,BUS02
2023-08-22 19:28:45,40.761852,-111.90979,1283.1,0.0,322.8,1.0,13.57,26.86,21.7,61.36,4.0,2.0,25.22,38.0,878.0,0.0,28.9,2.35,40.0,827.3,-9999.0,-9999.0,-9999.0,-9999.0,-9999.0,-9999.0,-9999.0,0.0,0,1,"time.struct_time(tm_year=2023, tm_mon=8, tm_mday=22, tm_hour=19, tm_min=28, tm_sec=45, tm_wday=1, tm_yday=234, tm_isdst=-1)",2023-08-22,2023,8,234,22,28,19,BUS02
2023-08-22 19:31:15,40.761852,-111.90979,1282.9,0.0,322.8,1.0,13.57,26.87,21.7,59.28,2.0,2.0,25.28,37.0,878.0,0.0,14.7,2.35,40.1,827.2,-9999.0,-9999.0,-9999.0,-9999.0,-9999.0,-9999.0,-9999.0,0.0,0,1,"time.struct_time(tm_year=2023, tm_mon=8, tm_mday=22, tm_hour=19, tm_min=31, tm_sec=15, tm_wday=1, tm_yday=234, tm_isdst=-1)",2023-08-22,2023,8,234,22,31,19,BUS02
2023-08-22 19:33:45,40.761848,-111.909813,1282.8,0.0,322.8,1.0,13.57,26.88,21.89,58.41,2.0,2.0,25.28,37.0,878.2,0.0,17.9,2.34,40.1,827.4,-9999.0,-9999.0,-9999.0,-9999.0,-9999.0,-9999.0,-9999.0,0.0,0,1,"time.struct_time(tm_year=2023, tm_mon=8, tm_mday=22, tm_hour=19, tm_min=33, tm_sec=45, tm_wday=1, tm_yday=234, tm_isdst=-1)",2023-08-22,2023,8,234,22,33,19,BUS02
2023-08-22 19:36:15,40.761837,-111.909828,1282.1,0.0,322.8,1.0,13.57,26.88,21.9,59.49,2.0,2.0,25.28,37.0,878.3,0.0,20.2,2.32,40.1,827.3,-9999.0,-9999.0,-9999.0,-9999.0,-9999.0,-9999.0,-9999.0,0.0,0,1,"time.struct_time(tm_year=2023, tm_mon=8, tm_mday=22, tm_hour=19, tm_min=36, tm_sec=15, tm_wday=1, tm_yday=234, tm_isdst=-1)",2023-08-22,2023,8,234,22,36,19,BUS02
2023-08-22 19:38:45,40.761841,-111.909828,1281.6,0.0,322.8,1.0,13.57,26.88,21.95,57.47,2.0,2.0,25.28,37.0,878.4,0.0,27.3,2.32,40.1,827.6,-9999.0,-9999.0,-9999.0,-9999.0,-9999.0,-9999.0,-9999.0,0.0,0,1,"time.struct_time(tm_year=2023, tm_mon=8, tm_mday=22, tm_hour=19, tm_min=38, tm_sec=45, tm_wday=1, tm_yday=234, tm_isdst=-1)",2023-08-22,2023,8,234,22,38,19,BUS02
2023-08-22 19:41:15,40.761841,-111.909828,1281.7,0.0,322.8,1.0,13.57,26.88,21.92,56.33,2.0,2.0,25.28,36.0,878.4,0.0,29.3,2.33,40.1,827.4,-9999.0,-9999.0,-9999.0,-9999.0,-9999.0,-9999.0,-9999.0,0.0,0,1,"time.struct_time(tm_year=2023, tm_mon=8, tm_mday=22, tm_hour=19, tm_min=41, tm_sec=15, tm_wday=1, tm_yday=234, tm_isdst=-1)",2023-08-22,2023,8,234,22,41,19,BUS02
2023-08-22 19:43:45,40.761864,-111.909828,1281.5,0.0,322.8,1.0,13.57,26.88,21.91,56.68,2.0,2.0,25.22,36.0,878.5,0.0,31.3,2.33,40.2,827.6,-9999.0,-9999.0,-9999.0,-9999.0,-9999.0,-9999.0,-9999.0,0.0,0,1,"time.struct_time(tm_year=2023, tm_mon=8, tm_mday=22, tm_hour=19, tm_min=43, tm_sec=45, tm_wday=1, tm_yday=234, tm_isdst=-1)",2023-08-22,2023,8,234,22,43,19,BUS02
2023-08-22 19:46:15,40.761852,-111.909828,1283.0,0.0,322.8,1.0,13.56,26.87,21.95,56.45,3.0,2.0,25.22,36.0,878.5,0.0,27.8,2.33,40.2,827.5,-9999.0,-9999.0,-9999.0,-9999.0,-9999.0,-9999.0,-9999.0,0.0,0,1,"time.struct_time(tm_year=2023, tm_mon=8, tm_mday=22, tm_hour=19, tm_min=46, tm_sec=15, tm_wday=1, tm_yday=234, tm_isdst=-1)",2023-08-22,2023,8,234,22,46,19,BUS02
2023-08-22 19:48:45,40.761856,-111.909821,1283.0,0.0,322.8,1.0,13.56,26.87,21.83,58.1,2.0,2.0,25.22,36.0,878.4,0.0,34.1,2.34,40.2,827.8,-9999.0,-9999.0,-9999.0,-9999.0,-9999.0,-9999.0,-9999.0,0.0,0,1,"time.struct_time(tm_year=2023, tm_mon=8, tm_mday=22, tm_hour=19, tm_min=48, tm_sec=45, tm_wday=1, tm_yday=234, tm_isdst=-1)",2023-08-22,2023,8,234,22,48,19,BUS02
2023-08-22 19:51:15,40.761848,-111.909821,1282.9,0.0,322.8,1.0,13.57,26.86,21.68,60.41,5.0,2.0,25.11,37.0,878.7,0.0,30.0,2.33,40.2,827.7,-9999.0,-9999.0,-9999.0,-9999.0,-9999.0,-9999.0,-9999.0,0.0,0,1,"time.struct_time(tm_year=2023, tm_mon=8, tm_mday=22, tm_hour=19, tm_min=51, tm_sec=15, tm_wday=1, tm_yday=234, tm_isdst=-1)",2023-08-22,2023,8,234,22,51,19,BUS02
2023-08-22 19:54:50,40.761829,-111.909828,1282.0,0.0,322.8,1.0,13.57,26.84,21.36,61.59,4.0,2.0,25.0,37.0,878.8,0.0,29.5,2.34,40.2,827.7,-9999.0,-9999.0,-9999.0,-9999.0,-9999.0,-9999.0,-9999.0,0.0,0,1,"time.struct_time(tm_year=2023, tm_mon=8, tm_mday=22, tm_hour=19, tm_min=54, tm_sec=50, tm_wday=1, tm_yday=234, tm_isdst=-1)",2023-08-22,2023,8,234,22,54,19,BUS02
2023-08-22 19:57:20,40.761826,-111.909821,1282.3,0.0,322.8,1.0,13.57,26.81,21.09,63.96,4.0,2.0,24.89,38.0,878.6,0.0,27.5,2.34,40.2,827.9,-9999.0,-9999.0,-9999.0,-9999.0,-9999.0,-9999.0,-9999.0,0.0,0,1,"time.struct_time(tm_year=2023, tm_mon=8, tm_mday=22, tm_hour=19, tm_min=57, tm_sec=20, tm_wday=1, tm_yday=234, tm_isdst=-1)",2023-08-22,2023,8,234,22,57,19,BUS02
2023-08-22 19:59:50,40.761826,-111.909813,1282.0,0.0,322.8,1.0,13.56,26.79,21.0,64.33,4.0,2.0,24.78,38.0,878.7,0.0,27.5,2.33,40.2,827.7,-9999.0,-9999.0,-9999.0,-9999.0,-9999.0,-9999.0,-9999.0,0.0,0,1,"time.struct_time(tm_year=2023, tm_mon=8, tm_mday=22, tm_hour=19, tm_min=59, tm_sec=50, tm_wday=1, tm_yday=234, tm_isdst=-1)",2023-08-22,2023,8,234,22,59,19,BUS02
2023-08-22 20:02:20,40.761826,-111.909821,1281.9,0.0,322.8,1.0,13.57,26.76,20.93,64.61,4.0,2.0,24.78,38.0,879.0,0.0,26.0,2.34,40.2,828.0,-9999.0,-9999.0,-9999.0,-9999.0,-9999.0,-9999.0,-9999.0,0.0,0,1,"time.struct_time(tm_year=2023, tm_mon=8, tm_mday=22, tm_hour=20, tm_min=2, tm_sec=20, tm_wday=1, tm_yday=234, tm_isdst=-1)",2023-08-22,2023,8,234,22,2,20,BUS02
2023-08-22 20:04:50,40.761829,-111.909828,1281.8,0.0,322.8,1.0,13.56,26.73,20.83,66.49,4.0,2.0,24.72,39.0,879.2,0.0,25.7,2.33,40.2,827.9,-9999.0,-9999.0,-9999.0,-9999.0,-9999.0,-9999.0,-9999.0,0.0,0,1,"time.struct_time(tm_year=2023, tm_mon=8, tm_mday=22, tm_hour=20, tm_min=4, tm_sec=50, tm_wday=1, tm_yday=234, tm_isdst=-1)",2023-08-22,2023,8,234,22,4,20,BUS02
2023-08-22 20:07:20,40.761826,-111.909836,1281.8,0.0,322.8,1.0,13.57,26.7,20.59,67.82,4.0,2.0,24.61,39.0,878.9,0.0,24.7,2.34,40.2,828.1,-9999.0,-9999.0,-9999.0,-9999.0,-9999.0,-9999.0,-9999.0,0.0,0,1,"time.struct_time(tm_year=2023, tm_mon=8, tm_mday=22, tm_hour=20, tm_min=7, tm_sec=20, tm_wday=1, tm_yday=234, tm_isdst=-1)",2023-08-22,2023,8,234,22,7,20,BUS02
2023-08-22 20:09:50,40.761822,-111.909843,1281.4,0.0,322.8,1.0,13.57,26.66,20.03,69.24,4.0,2.0,24.5,39.0,879.2,0.0,22.2,2.33,40.2,828.0,-9999.0,-9999.0,-9999.0,-9999.0,-9999.0,-9999.0,-9999.0,0.0,0,1,"time.struct_time(tm_year=2023, tm_mon=8, tm_mday=22, tm_hour=20, tm_min=9, tm_sec=50, tm_wday=1, tm_yday=234, tm_isdst=-1)",2023-08-22,2023,8,234,22,9,20,BUS02
2023-08-22 20:12:20,40.761822,-111.909843,1280.8,0.0,322.8,1.0,13.57,26.62,19.75,70.89,4.0,2.0,24.39,39.0,878.9,0.0,21.1,2.34,40.2,828.1,-9999.0,-9999.0,-9999.0,-9999.0,-9999.0,-9999.0,-9999.0,1.0,0,1,"time.struct_time(tm_year=2023, tm_mon=8, tm_mday=22, tm_hour=20, tm_min=12, tm_sec=20, tm_wday=1, tm_yday=234, tm_isdst=-1)",2023-08-22,2023,8,234,22,12,20,BUS02
2023-08-22 20:14:50,40.761826,-111.909843,1280.5,0.0,322.8,1.0,13.57,26.56,19.56,72.8,6.0,2.0,24.28,40.0,879.0,0.0,22.0,2.33,40.2,827.7,-9999.0,-9999.0,-9999.0,-9999.0,-9999.0,-9999.0,-9999.0,1.0,0,1,"time.struct_time(tm_year=2023, tm_mon=8, tm_mday=22, tm_hour=20, tm_min=14, tm_sec=50, tm_wday=1, tm_yday=234, tm_isdst=-1)",2023-08-22,2023,8,234,22,14,20,BUS02
2023-08-22 20:17:20,40.761818,-111.909843,1279.9,0.0,322.8,1.0,13.57,26.51,19.34,73.52,5.0,2.0,24.22,40.0,878.9,0.0,23.5,2.35,40.2,827.9,-9999.0,-9999.0,-9999.0,-9999.0,-9999.0,-9999.0,-9999.0,1.0,0,1,"time.struct_time(tm_year=2023, tm_mon=8, tm_mday=22, tm_hour=20, tm_min=17, tm_sec=20, tm_wday=1, tm_yday=234, tm_isdst=-1)",2023-08-22,2023,8,234,22,17,20,BUS02
2023-08-22 20:19:50,40.761814,-111.909843,1278.4,0.0,322.8,1.0,13.57,26.45,19.22,74.93,5.0,2.0,24.11,40.0,878.9,0.0,19.0,2.33,40.1,827.6,-9999.0,-9999.0,-9999.0,-9999.0,-9999.0,-9999.0,-9999.0,1.0,0,1,"time.struct_time(tm_year=2023, tm_mon=8, tm_mday=22, tm_hour=20, tm_min=19, tm_sec=50, tm_wday=1, tm_yday=234, tm_isdst=-1)",2023-08-22,2023,8,234,22,19,20,BUS02
2023-08-22 20:22:20,40.761803,-111.909843,1277.8,0.0,322.8,1.0,13.57,26.4,19.2,76.29,5.0,2.0,24.0,40.0,878.9,0.0,13.4,2.33,40.1,827.7,-9999.0,-9999.0,-9999.0,-9999.0,-9999.0,-9999.0,-9999.0,1.0,0,1,"time.struct_time(tm_year=2023, tm_mon=8, tm_mday=22, tm_hour=20, tm_min=22, tm_sec=20, tm_wday=1, tm_yday=234, tm_isdst=-1)",2023-08-22,2023,8,234,22,22,20,BUS02
2023-08-22 20:24:50,40.761799,-111.909851,1277.1,0.0,322.8,1.0,13.57,26.36,18.98,77.7,5.0,2.0,23.72,39.0,878.6,0.0,23.5,2.33,40.1,827.2,-9999.0,-9999.0,-9999.0,-9999.0,-9999.0,-9999.0,-9999.0,1.0,0,1,"time.struct_time(tm_year=2023, tm_mon=8, tm_mday=22, tm_hour=20, tm_min=24, tm_sec=50, tm_wday=1, tm_yday=234, tm_isdst=-1)",2023-08-22,2023,8,234,22,24,20,BUS02
2023-08-22 20:27:20,40.761787,-111.909843,1276.8,0.0,322.8,1.0,13.57,26.31,18.76,80.1,4.0,2.0,23.5,39.0,878.7,0.0,28.3,2.34,40.1,827.2,-9999.0,-9999.0,-9999.0,-9999.0,-9999.0,-9999.0,-9999.0,1.0,0,1,"time.struct_time(tm_year=2023, tm_mon=8, tm_mday=22, tm_hour=20, tm_min=27, tm_sec=20, tm_wday=1, tm_yday=234, tm_isdst=-1)",2023-08-22,2023,8,234,22,27,20,BUS02
2023-08-22 20:29:50,40.761787,-111.909843,1276.9,0.0,322.8,1.0,13.57,26.28,18.65,81.2,4.0,2.0,23.39,39.0,878.4,0.0,23.9,2.34,40.0,826.8,-9999.0,-9999.0,-9999.0,-9999.0,-9999.0,-9999.0,-9999.0,1.0,0,1,"time.struct_time(tm_year=2023, tm_mon=8, tm_mday=22, tm_hour=20, tm_min=29, tm_sec=50, tm_wday=1, tm_yday=234, tm_isdst=-1)",2023-08-22,2023,8,234,22,29,20,BUS02
2023-08-22 20:32:20,40.761787,-111.909843,1276.8,0.0,322.8,1.0,13.57,26.24,18.63,81.7,4.0,2.0,23.28,38.0,878.2,0.0,28.4,2.33,40.0,826.8,-9999.0,-9999.0,-9999.0,-9999.0,-9999.0,-9999.0,-9999.0,1.0,0,1,"time.struct_time(tm_year=2023, tm_mon=8, tm_mday=22, tm_hour=20, tm_min=32, tm_sec=20, tm_wday=1, tm_yday=234, tm_isdst=-1)",2023-08-22,2023,8,234,22,32,20,BUS02
2023-08-22 20:34:50,40.761787,-111.909843,1276.8,0.0,322.8,1.0,13.6,26.2,18.65,81.9,3.0,2.0,23.28,38.0,878.1,0.0,28.1,2.34,40.0,826.3,-9999.0,-9999.0,-9999.0,-9999.0,-9999.0,-9999.0,-9999.0,1.0,0,1,"time.struct_time(tm_year=2023, tm_mon=8, tm_mday=22, tm_hour=20, tm_min=34, tm_sec=50, tm_wday=1, tm_yday=234, tm_isdst=-1)",2023-08-22,2023,8,234,22,34,20,BUS02
2023-08-22 20:37:20,40.761791,-111.909843,1276.3,0.0,322.8,1.0,13.6,26.15,18.71,78.83,3.0,2.0,23.28,38.0,878.3,0.0,29.5,2.33,39.9,826.6,-9999.0,-9999.0,-9999.0,-9999.0,-9999.0,-9999.0,-9999.0,1.0,0,1,"time.struct_time(tm_year=2023, tm_mon=8, tm_mday=22, tm_hour=20, tm_min=37, tm_sec=20, tm_wday=1, tm_yday=234, tm_isdst=-1)",2023-08-22,2023,8,234,22,37,20,BUS02
2023-08-22 20:39:50,40.761791,-111.909843,1275.8,0.0,322.8,1.0,13.6,26.11,18.76,78.37,5.0,2.0,23.28,38.0,878.1,0.0,29.0,2.35,39.9,826.3,-9999.0,-9999.0,-9999.0,-9999.0,-9999.0,-9999.0,-9999.0,1.0,0,1,"time.struct_time(tm_year=2023, tm_mon=8, tm_mday=22, tm_hour=20, tm_min=39, tm_sec=50, tm_wday=1, tm_yday=234, tm_isdst=-1)",2023-08-22,2023,8,234,22,39,20,BUS02
2023-08-22 20:42:20,40.761787,-111.909843,1275.1,0.0,322.8,1.0,13.6,26.06,18.84,79.4,4.0,2.0,23.28,38.0,878.0,0.0,28.2,2.34,39.8,826.2,-9999.0,-9999.0,-9999.0,-9999.0,-9999.0,-9999.0,-9999.0,1.0,0,1,"time.struct_time(tm_year=2023, tm_mon=8, tm_mday=22, tm_hour=20, tm_min=42, tm_sec=20, tm_wday=1, tm_yday=234, tm_isdst=-1)",2023-08-22,2023,8,234,22,42,20,BUS02
2023-08-22 20:44:50,40.761787,-111.909836,1275.0,0.0,322.8,1.0,13.6,26.01,18.92,78.6,4.0,2.0,23.22,38.0,878.2,0.0,30.0,2.33,39.8,826.0,-9999.0,-9999.0,-9999.0,-9999.0,-9999.0,-9999.0,-9999.0,1.0,0,1,"time.struct_time(tm_year=2023, tm_mon=8, tm_mday=22, tm_hour=20, tm_min=44, tm_sec=50, tm_wday=1, tm_yday=234, tm_isdst=-1)",2023-08-22,2023,8,234,22,44,20,BUS02
2023-08-22 20:47:20,40.761784,-111.909836,1275.5,0.0,322.8,1.0,13.6,25.96,18.96,77.78,4.0,2.0,23.28,38.0,878.0,0.0,30.6,2.34,39.7,826.2,-9999.0,-9999.0,-9999.0,-9999.0,-9999.0,-9999.0,-9999.0,1.0,0,1,"time.struct_time(tm_year=2023, tm_mon=8, tm_mday=22, tm_hour=20, tm_min=47, tm_sec=20, tm_wday=1, tm_yday=234, tm_isdst=-1)",2023-08-22,2023,8,234,22,47,20,BUS02
2023-08-22 20:49:50,40.761784,-111.909836,1275.6,0.0,322.8,1.0,13.6,25.92,19.12,76.95,5.0,2.0,23.28,39.0,878.4,0.0,26.2,2.33,39.7,826.1,-9999.0,-9999.0,-9999.0,-9999.0,-9999.0,-9999.0,-9999.0,1.0,0,1,"time.struct_time(tm_year=2023, tm_mon=8, tm_mday=22, tm_hour=20, tm_min=49, tm_sec=50, tm_wday=1, tm_yday=234, tm_isdst=-1)",2023-08-22,2023,8,234,22,49,20,BUS02
2023-08-22 20:52:20,40.76178,-111.909828,1276.3,0.0,322.8,1.0,13.6,25.88,19.22,75.98,3.0,2.0,23.28,39.0,878.1,0.0,21.1,2.34,39.6,826.1,-9999.0,-9999.0,-9999.0,-9999.0,-9999.0,-9999.0,-9999.0,1.0,0,1,"time.struct_time(tm_year=2023, tm_mon=8, tm_mday=22, tm_hour=20, tm_min=52, tm_sec=20, tm_wday=1, tm_yday=234, tm_isdst=-1)",2023-08-22,2023,8,234,22,52,20,BUS02
2023-08-22 20:55:55,40.76178,-111.909821,1276.8,0.0,322.8,1.0,13.6,25.83,19.4,75.78,3.0,2.0,23.39,39.0,878.2,0.0,34.4,2.33,39.6,825.8,-9999.0,-9999.0,-9999.0,-9999.0,-9999.0,-9999.0,-9999.0,1.0,0,1,"time.struct_time(tm_year=2023, tm_mon=8, tm_mday=22, tm_hour=20, tm_min=55, tm_sec=55, tm_wday=1, tm_yday=234, tm_isdst=-1)",2023-08-22,2023,8,234,22,55,20,BUS02
2023-08-22 20:58:25,40.761784,-111.909828,1276.1,0.0,322.8,1.0,13.6,25.8,19.48,76.53,4.0,2.0,23.39,40.0,877.8,0.0,29.5,2.34,39.5,825.8,-9999.0,-9999.0,-9999.0,-9999.0,-9999.0,-9999.0,-9999.0,1.0,0,1,"time.struct_time(tm_year=2023, tm_mon=8, tm_mday=22, tm_hour=20, tm_min=58, tm_sec=25, tm_wday=1, tm_yday=234, tm_isdst=-1)",2023-08-22,2023,8,234,22,58,20,BUS02
2023-08-22 21:00:55,40.761784,-111.909813,1276.5,0.0,322.8,1.0,13.6,25.77,19.52,74.8,3.0,2.0,23.28,40.0,877.9,0.0,32.7,2.33,39.5,825.7,-9999.0,-9999.0,-9999.0,-9999.0,-9999.0,-9999.0,-9999.0,1.0,0,1,"time.struct_time(tm_year=2023, tm_mon=8, tm_mday=22, tm_hour=21, tm_min=0, tm_sec=55, tm_wday=1, tm_yday=234, tm_isdst=-1)",2023-08-22,2023,8,234,22,0,21,BUS02
2023-08-22 21:03:25,40.761791,-111.909805,1275.4,0.0,322.8,1.0,13.6,25.74,19.5,72.74,3.0,2.0,23.28,39.0,877.9,0.0,29.7,2.32,39.5,825.8,-9999.0,-9999.0,-9999.0,-9999.0,-9999.0,-9999.0,-9999.0,1.0,0,1,"time.struct_time(tm_year=2023, tm_mon=8, tm_mday=22, tm_hour=21, tm_min=3, tm_sec=25, tm_wday=1, tm_yday=234, tm_isdst=-1)",2023-08-22,2023,8,234,22,3,21,BUS02
2023-08-22 21:05:55,40.761791,-111.909798,1275.6,0.0,322.8,1.0,13.6,25.72,19.52,76.2,4.0,2.0,23.28,40.0,877.7,0.0,26.3,2.33,39.4,825.3,-9999.0,-9999.0,-9999.0,-9999.0,-9999.0,-9999.0,-9999.0,1.0,0,1,"time.struct_time(tm_year=2023, tm_mon=8, tm_mday=22, tm_hour=21, tm_min=5, tm_sec=55, tm_wday=1, tm_yday=234, tm_isdst=-1)",2023-08-22,2023,8,234,22,5,21,BUS02
2023-08-22 21:08:25,40.761787,-111.90979,1275.0,0.0,322.8,1.0,13.6,25.69,19.55,71.8,3.0,2.0,23.28,39.0,877.7,0.0,33.9,2.33,39.4,825.8,-9999.0,-9999.0,-9999.0,-9999.0,-9999.0,-9999.0,-9999.0,1.0,0,1,"time.struct_time(tm_year=2023, tm_mon=8, tm_mday=22, tm_hour=21, tm_min=8, tm_sec=25, tm_wday=1, tm_yday=234, tm_isdst=-1)",2023-08-22,2023,8,234,22,8,21,BUS02
2023-08-22 21:10:55,40.76178,-111.909782,1274.2,0.0,322.8,1.0,13.6,25.65,19.54,71.72,3.0,2.0,23.22,39.0,877.7,0.0,31.1,2.33,39.3,825.7,-9999.0,-9999.0,-9999.0,-9999.0,-9999.0,-9999.0,-9999.0,1.0,0,1,"time.struct_time(tm_year=2023, tm_mon=8, tm_mday=22, tm_hour=21, tm_min=10, tm_sec=55, tm_wday=1, tm_yday=234, tm_isdst=-1)",2023-08-22,2023,8,234,22,10,21,BUS02
2023-08-22 21:13:25,40.761768,-111.909775,1274.2,0.0,322.8,1.0,13.6,25.62,19.5,69.86,3.0,2.0,23.22,38.0,877.8,0.0,31.5,2.34,39.3,826.1,-9999.0,-9999.0,-9999.0,-9999.0,-9999.0,-9999.0,-9999.0,1.0,0,1,"time.struct_time(tm_year=2023, tm_mon=8, tm_mday=22, tm_hour=21, tm_min=13, tm_sec=25, tm_wday=1, tm_yday=234, tm_isdst=-1)",2023-08-22,2023,8,234,22,13,21,BUS02
2023-08-22 21:15:55,40.761757,-111.909775,1274.2,0.0,322.8,1.0,13.6,25.59,19.63,70.87,2.0,2.0,23.22,38.0,878.1,0.0,30.4,2.33,39.3,826.0,-9999.0,-9999.0,-9999.0,-9999.0,-9999.0,-9999.0,-9999.0,1.0,0,1,"time.struct_time(tm_year=2023, tm_mon=8, tm_mday=22, tm_hour=21, tm_min=15, tm_sec=55, tm_wday=1, tm_yday=234, tm_isdst=-1)",2023-08-22,2023,8,234,22,15,21,BUS02
2023-08-22 21:18:25,40.761757,-111.909775,1274.0,0.0,322.8,1.0,13.6,25.57,19.72,71.88,3.0,2.0,23.22,39.0,878.2,0.0,28.5,2.32,39.2,826.2,-9999.0,-9999.0,-9999.0,-9999.0,-9999.0,-9999.0,-9999.0,0.0,0,1,"time.struct_time(tm_year=2023, tm_mon=8, tm_mday=22, tm_hour=21, tm_min=18, tm_sec=25, tm_wday=1, tm_yday=234, tm_isdst=-1)",2023-08-22,2023,8,234,22,18,21,BUS02
2023-08-22 21:20:55,40.761757,-111.909775,1274.0,0.0,322.8,1.0,13.6,25.55,19.75,67.64,2.0,2.0,23.28,37.0,877.9,0.0,36.2,2.35,39.2,826.1,-9999.0,-9999.0,-9999.0,-9999.0,-9999.0,-9999.0,-9999.0,0.0,0,1,"time.struct_time(tm_year=2023, tm_mon=8, tm_mday=22, tm_hour=21, tm_min=20, tm_sec=55, tm_wday=1, tm_yday=234, tm_isdst=-1)",2023-08-22,2023,8,234,22,20,21,BUS02
2023-08-22 21:23:25,40.761757,-111.909767,1274.2,0.0,322.8,1.0,13.6,25.52,19.78,67.85,3.0,2.0,23.22,37.0,877.8,0.0,37.7,2.32,39.2,826.3,-9999.0,-9999.0,-9999.0,-9999.0,-9999.0,-9999.0,-9999.0,0.0,0,1,"time.struct_time(tm_year=2023, tm_mon=8, tm_mday=22, tm_hour=21, tm_min=23, tm_sec=25, tm_wday=1, tm_yday=234, tm_isdst=-1)",2023-08-22,2023,8,234,22,23,21,BUS02
2023-08-22 21:25:55,40.761757,-111.909767,1273.9,0.0,322.8,1.0,13.6,25.49,19.74,68.58,3.0,2.0,23.22,38.0,877.8,0.0,35.0,2.31,39.1,826.2,-9999.0,-9999.0,-9999.0,-9999.0,-9999.0,-9999.0,-9999.0,0.0,0,1,"time.struct_time(tm_year=2023, tm_mon=8, tm_mday=22, tm_hour=21, tm_min=25, tm_sec=55, tm_wday=1, tm_yday=234, tm_isdst=-1)",2023-08-22,2023,8,234,22,25,21,BUS02
2023-08-22 21:28:25,40.761765,-111.909775,1273.7,0.0,322.8,1.0,13.6,25.46,19.66,68.7,3.0,2.0,23.11,38.0,877.7,0.0,35.4,2.32,39.1,826.3,-9999.0,-9999.0,-9999.0,-9999.0,-9999.0,-9999.0,-9999.0,0.0,0,1,"time.struct_time(tm_year=2023, tm_mon=8, tm_mday=22, tm_hour=21, tm_min=28, tm_sec=25, tm_wday=1, tm_yday=234, tm_isdst=-1)",2023-08-22,2023,8,234,22,28,21,BUS02
2023-08-22 21:30:55,40.761765,-111.909782,1273.0,0.0,322.8,1.0,13.6,25.44,19.56,70.53,3.0,2.0,23.11,39.0,877.8,0.0,31.6,2.32,39.1,825.9,-9999.0,-9999.0,-9999.0,-9999.0,-9999.0,-9999.0,-9999.0,1.0,0,1,"time.struct_time(tm_year=2023, tm_mon=8, tm_mday=22, tm_hour=21, tm_min=30, tm_sec=55, tm_wday=1, tm_yday=234, tm_isdst=-1)",2023-08-22,2023,8,234,22,30,21,BUS02
2023-08-22 21:33:25,40.761753,-111.909782,1273.3,0.0,322.8,1.0,13.6,25.4,19.44,69.61,2.0,2.0,22.89,39.0,877.8,0.0,35.8,2.33,39.1,826.1,-9999.0,-9999.0,-9999.0,-9999.0,-9999.0,-9999.0,-9999.0,1.0,0,1,"time.struct_time(tm_year=2023, tm_mon=8, tm_mday=22, tm_hour=21, tm_min=33, tm_sec=25, tm_wday=1, tm_yday=234, tm_isdst=-1)",2023-08-22,2023,8,234,22,33,21,BUS02
2023-08-22 21:35:55,40.761765,-111.909828,1266.6,0.0,328.8,1.0,13.6,25.36,19.36,71.41,3.0,2.0,22.78,39.0,877.7,0.0,35.1,2.32,39.0,825.9,-9999.0,-9999.0,-9999.0,-9999.0,-9999.0,-9999.0,-9999.0,1.0,0,1,"time.struct_time(tm_year=2023, tm_mon=8, tm_mday=22, tm_hour=21, tm_min=35, tm_sec=55, tm_wday=1, tm_yday=234, tm_isdst=-1)",2023-08-22,2023,8,234,22,35,21,BUS02
2023-08-22 21:38:25,40.761818,-111.909843,1269.3,0.0,328.8,1.0,13.6,25.32,19.22,71.33,3.0,2.0,22.72,39.0,877.5,0.0,32.5,2.32,39.0,826.0,-9999.0,-9999.0,-9999.0,-9999.0,-9999.0,-9999.0,-9999.0,1.0,0,1,"time.struct_time(tm_year=2023, tm_mon=8, tm_mday=22, tm_hour=21, tm_min=38, tm_sec=25, tm_wday=1, tm_yday=234, tm_isdst=-1)",2023-08-22,2023,8,234,22,38,21,BUS02
2023-08-22 21:40:55,40.761814,-111.909851,1268.8,0.0,328.8,1.0,13.6,25.28,19.18,72.77,5.0,2.0,22.61,39.0,877.7,0.0,18.6,2.32,39.0,825.6,-9999.0,-9999.0,-9999.0,-9999.0,-9999.0,-9999.0,-9999.0,1.0,0,1,"time.struct_time(tm_year=2023, tm_mon=8, tm_mday=22, tm_hour=21, tm_min=40, tm_sec=55, tm_wday=1, tm_yday=234, tm_isdst=-1)",2023-08-22,2023,8,234,22,40,21,BUS02
2023-08-22 21:43:25,40.761806,-111.909843,1270.9,0.0,328.8,1.0,13.6,25.24,19.18,71.54,3.0,2.0,22.72,40.0,877.7,0.0,37.0,2.34,38.9,825.8,-9999.0,-9999.0,-9999.0,-9999.0,-9999.0,-9999.0,-9999.0,1.0,0,1,"time.struct_time(tm_year=2023, tm_mon=8, tm_mday=22, tm_hour=21, tm_min=43, tm_sec=25, tm_wday=1, tm_yday=234, tm_isdst=-1)",2023-08-22,2023,8,234,22,43,21,BUS02
2023-08-22 21:45:55,40.761803,-111.909843,1271.0,0.0,328.8,1.0,13.6,25.19,19.18,71.1,3.0,2.0,22.72,40.0,877.4,0.0,35.2,2.33,38.9,825.7,-9999.0,-9999.0,-9999.0,-9999.0,-9999.0,-9999.0,-9999.0,1.0,0,1,"time.struct_time(tm_year=2023, tm_mon=8, tm_mday=22, tm_hour=21, tm_min=45, tm_sec=55, tm_wday=1, tm_yday=234, tm_isdst=-1)",2023-08-22,2023,8,234,22,45,21,BUS02
2023-08-22 21:48:25,40.761803,-111.909843,1270.0,0.0,328.8,1.0,13.6,25.15,19.26,72.83,3.0,2.0,22.78,40.0,877.6,0.0,22.7,2.33,38.9,825.9,-9999.0,-9999.0,-9999.0,-9999.0,-9999.0,-9999.0,-9999.0,1.0,0,1,"time.struct_time(tm_year=2023, tm_mon=8, tm_mday=22, tm_hour=21, tm_min=48, tm_sec=25, tm_wday=1, tm_yday=234, tm_isdst=-1)",2023-08-22,2023,8,234,22,48,21,BUS02
2023-08-22 21:50:55,40.761803,-111.909851,1270.5,0.0,328.8,1.0,13.6,25.11,19.32,69.42,2.0,2.0,22.78,39.0,877.8,0.0,34.5,2.34,38.8,825.8,-9999.0,-9999.0,-9999.0,-9999.0,-9999.0,-9999.0,-9999.0,1.0,0,1,"time.struct_time(tm_year=2023, tm_mon=8, tm_mday=22, tm_hour=21, tm_min=50, tm_sec=55, tm_wday=1, tm_yday=234, tm_isdst=-1)",2023-08-22,2023,8,234,22,50,21,BUS02
2023-08-22 21:53:25,40.761799,-111.909851,1270.3,0.0,328.8,1.0,13.6,25.08,19.36,68.9,3.0,2.0,22.89,39.0,877.6,0.0,33.7,2.33,38.8,826.1,-9999.0,-9999.0,-9999.0,-9999.0,-9999.0,-9999.0,-9999.0,0.0,0,1,"time.struct_time(tm_year=2023, tm_mon=8, tm_mday=22, tm_hour=21, tm_min=53, tm_sec=25, tm_wday=1, tm_yday=234, tm_isdst=-1)",2023-08-22,2023,8,234,22,53,21,BUS02
2023-08-22 21:57:00,40.761799,-111.909851,1270.6,0.0,328.8,1.0,13.6,25.04,19.38,68.66,2.0,2.0,22.89,38.0,877.8,0.0,34.7,2.33,38.8,826.0,-9999.0,-9999.0,-9999.0,-9999.0,-9999.0,-9999.0,-9999.0,0.0,0,1,"time.struct_time(tm_year=2023, tm_mon=8, tm_mday=22, tm_hour=21, tm_min=57, tm_sec=0, tm_wday=1, tm_yday=234, tm_isdst=-1)",2023-08-22,2023,8,234,22,57,21,BUS02
2023-08-22 21:59:30,40.761799,-111.909851,1271.1,0.0,328.8,1.0,13.6,25.02,19.42,68.95,2.0,2.0,22.89,38.0,877.6,0.0,15.8,2.33,38.7,825.8,-9999.0,-9999.0,-9999.0,-9999.0,-9999.0,-9999.0,-9999.0,0.0,0,1,"time.struct_time(tm_year=2023, tm_mon=8, tm_mday=22, tm_hour=21, tm_min=59, tm_sec=30, tm_wday=1, tm_yday=234, tm_isdst=-1)",2023-08-22,2023,8,234,22,59,21,BUS02
2023-08-22 22:02:00,40.761803,-111.909859,1271.2,0.0,328.8,1.0,13.6,24.99,19.48,71.08,2.0,2.0,22.89,39.0,877.4,0.0,32.2,2.34,38.7,825.7,-9999.0,-9999.0,-9999.0,-9999.0,-9999.0,-9999.0,-9999.0,1.0,0,1,"time.struct_time(tm_year=2023, tm_mon=8, tm_mday=22, tm_hour=22, tm_min=2, tm_sec=0, tm_wday=1, tm_yday=234, tm_isdst=-1)",2023-08-22,2023,8,234,22,2,22,BUS02
2023-08-22 22:04:30,40.761806,-111.909859,1272.0,0.0,328.8,1.0,13.6,24.98,19.52,70.13,2.0,2.0,22.78,39.0,877.6,0.0,32.7,2.34,38.7,825.5,-9999.0,-9999.0,-9999.0,-9999.0,-9999.0,-9999.0,-9999.0,0.0,0,1,"time.struct_time(tm_year=2023, tm_mon=8, tm_mday=22, tm_hour=22, tm_min=4, tm_sec=30, tm_wday=1, tm_yday=234, tm_isdst=-1)",2023-08-22,2023,8,234,22,4,22,BUS02
2023-08-22 22:07:00,40.76181,-111.909859,1272.5,0.0,328.8,1.0,13.6,24.97,19.56,70.33,2.0,2.0,22.72,39.0,877.3,0.0,31.2,2.32,38.6,825.7,-9999.0,-9999.0,-9999.0,-9999.0,-9999.0,-9999.0,-9999.0,0.0,0,1,"time.struct_time(tm_year=2023, tm_mon=8, tm_mday=22, tm_hour=22, tm_min=7, tm_sec=0, tm_wday=1, tm_yday=234, tm_isdst=-1)",2023-08-22,2023,8,234,22,7,22,BUS02
2023-08-22 22:09:30,40.761803,-111.909851,1273.5,0.0,328.8,1.0,13.6,24.95,19.6,69.95,3.0,2.0,22.72,39.0,877.3,0.0,20.9,2.33,38.6,825.5,-9999.0,-9999.0,-9999.0,-9999.0,-9999.0,-9999.0,-9999.0,0.0,0,1,"time.struct_time(tm_year=2023, tm_mon=8, tm_mday=22, tm_hour=22, tm_min=9, tm_sec=30, tm_wday=1, tm_yday=234, tm_isdst=-1)",2023-08-22,2023,8,234,22,9,22,BUS02
2023-08-22 22:12:00,40.761822,-111.909851,1273.6,0.0,328.8,1.0,13.6,24.94,19.62,68.93,2.0,2.0,22.72,39.0,877.2,0.0,33.8,2.31,38.6,825.5,-9999.0,-9999.0,-9999.0,-9999.0,-9999.0,-9999.0,-9999.0,0.0,0,1,"time.struct_time(tm_year=2023, tm_mon=8, tm_mday=22, tm_hour=22, tm_min=12, tm_sec=0, tm_wday=1, tm_yday=234, tm_isdst=-1)",2023-08-22,2023,8,234,22,12,22,BUS02
2023-08-22 22:14:30,40.761841,-111.909836,1273.5,0.0,328.8,1.0,13.6,24.91,19.64,68.27,2.0,2.0,22.72,39.0,877.0,0.0,36.0,2.32,38.6,825.2,-9999.0,-9999.0,-9999.0,-9999.0,-9999.0,-9999.0,-9999.0,0.0,0,1,"time.struct_time(tm_year=2023, tm_mon=8, tm_mday=22, tm_hour=22, tm_min=14, tm_sec=30, tm_wday=1, tm_yday=234, tm_isdst=-1)",2023-08-22,2023,8,234,22,14,22,BUS02
2023-08-22 22:17:00,40.761837,-111.909843,1274.2,0.0,328.8,1.0,13.6,24.89,19.69,69.02,1.0,2.0,22.72,40.0,877.0,0.0,29.2,2.32,38.5,825.4,-9999.0,-9999.0,-9999.0,-9999.0,-9999.0,-9999.0,-9999.0,0.0,0,1,"time.struct_time(tm_year=2023, tm_mon=8, tm_mday=22, tm_hour=22, tm_min=17, tm_sec=0, tm_wday=1, tm_yday=234, tm_isdst=-1)",2023-08-22,2023,8,234,22,17,22,BUS02
2023-08-22 22:19:30,40.761837,-111.909843,1275.7,0.0,328.8,1.0,13.6,24.87,19.76,68.15,3.0,2.0,22.72,39.0,877.1,0.0,13.2,2.33,38.5,825.3,-9999.0,-9999.0,-9999.0,-9999.0,-9999.0,-9999.0,-9999.0,0.0,0,1,"time.struct_time(tm_year=2023, tm_mon=8, tm_mday=22, tm_hour=22, tm_min=19, tm_sec=30, tm_wday=1, tm_yday=234, tm_isdst=-1)",2023-08-22,2023,8,234,22,19,22,BUS02
2023-08-22 22:22:00,40.761841,-111.909843,1276.2,0.0,328.8,1.0,13.6,24.86,19.86,66.2,2.0,2.0,22.72,39.0,877.2,0.0,31.7,2.32,38.5,825.4,-9999.0,-9999.0,-9999.0,-9999.0,-9999.0,-9999.0,-9999.0,0.0,0,1,"time.struct_time(tm_year=2023, tm_mon=8, tm_mday=22, tm_hour=22, tm_min=22, tm_sec=0, tm_wday=1, tm_yday=234, tm_isdst=-1)",2023-08-22,2023,8,234,22,22,22,BUS02
2023-08-22 22:24:30,40.76181,-111.909843,1276.5,0.0,328.8,1.0,13.6,24.84,19.95,64.85,2.0,2.0,22.72,39.0,877.1,0.0,32.6,2.32,38.5,825.2,-9999.0,-9999.0,-9999.0,-9999.0,-9999.0,-9999.0,-9999.0,0.0,0,1,"time.struct_time(tm_year=2023, tm_mon=8, tm_mday=22, tm_hour=22, tm_min=24, tm_sec=30, tm_wday=1, tm_yday=234, tm_isdst=-1)",2023-08-22,2023,8,234,22,24,22,BUS02
2023-08-22 22:27:00,40.761826,-111.909851,1277.4,0.0,328.8,1.0,13.6,24.83,20.01,66.76,2.0,2.0,22.72,39.0,877.1,0.0,20.9,2.32,38.4,825.4,-9999.0,-9999.0,-9999.0,-9999.0,-9999.0,-9999.0,-9999.0,0.0,0,1,"time.struct_time(tm_year=2023, tm_mon=8, tm_mday=22, tm_hour=22, tm_min=27, tm_sec=0, tm_wday=1, tm_yday=234, tm_isdst=-1)",2023-08-22,2023,8,234,22,27,22,BUS02
2023-08-22 22:29:30,40.761822,-111.909843,1278.0,0.0,328.8,1.0,13.6,24.82,20.05,64.83,1.0,2.0,22.78,39.0,877.2,0.0,29.5,2.34,38.4,825.5,-9999.0,-9999.0,-9999.0,-9999.0,-9999.0,-9999.0,-9999.0,0.0,0,1,"time.struct_time(tm_year=2023, tm_mon=8, tm_mday=22, tm_hour=22, tm_min=29, tm_sec=30, tm_wday=1, tm_yday=234, tm_isdst=-1)",2023-08-22,2023,8,234,22,29,22,BUS02
2023-08-22 22:32:00,40.761818,-111.909836,1278.9,0.0,328.8,1.0,13.6,24.82,20.15,65.75,3.0,2.0,22.89,40.0,877.2,0.0,16.5,2.33,38.4,825.6,-9999.0,-9999.0,-9999.0,-9999.0,-9999.0,-9999.0,-9999.0,0.0,0,1,"time.struct_time(tm_year=2023, tm_mon=8, tm_mday=22, tm_hour=22, tm_min=32, tm_sec=0, tm_wday=1, tm_yday=234, tm_isdst=-1)",2023-08-22,2023,8,234,22,32,22,BUS02
2023-08-22 22:34:30,40.761814,-111.909843,1279.3,0.0,328.8,1.0,13.6,24.82,20.23,63.9,2.0,2.0,23.0,40.0,877.2,0.0,33.8,2.34,38.4,825.5,-9999.0,-9999.0,-9999.0,-9999.0,-9999.0,-9999.0,-9999.0,0.0,0,1,"time.struct_time(tm_year=2023, tm_mon=8, tm_mday=22, tm_hour=22, tm_min=34, tm_sec=30, tm_wday=1, tm_yday=234, tm_isdst=-1)",2023-08-22,2023,8,234,22,34,22,BUS02
2023-08-22 22:37:00,40.761829,-111.909836,1279.7,0.0,328.8,1.0,13.6,24.83,20.23,64.17,2.0,2.0,23.11,39.0,877.1,0.0,31.8,2.33,38.4,825.7,-9999.0,-9999.0,-9999.0,-9999.0,-9999.0,-9999.0,-9999.0,0.0,0,1,"time.struct_time(tm_year=2023, tm_mon=8, tm_mday=22, tm_hour=22, tm_min=37, tm_sec=0, tm_wday=1, tm_yday=234, tm_isdst=-1)",2023-08-22,2023,8,234,22,37,22,BUS02
2023-08-22 22:39:30,40.761829,-111.909836,1280.1,0.0,328.8,1.0,13.6,24.83,20.27,64.03,2.0,2.0,23.11,39.0,877.0,0.0,21.8,2.32,38.4,825.4,-9999.0,-9999.0,-9999.0,-9999.0,-9999.0,-9999.0,-9999.0,0.0,0,1,"time.struct_time(tm_year=2023, tm_mon=8, tm_mday=22, tm_hour=22, tm_min=39, tm_sec=30, tm_wday=1, tm_yday=234, tm_isdst=-1)",2023-08-22,2023,8,234,22,39,22,BUS02
2023-08-22 22:42:00,40.761822,-111.909836,1281.5,0.0,328.8,1.0,13.6,24.85,20.29,63.43,1.0,2.0,23.22,38.0,877.1,0.0,31.4,2.32,38.4,825.8,-9999.0,-9999.0,-9999.0,-9999.0,-9999.0,-9999.0,-9999.0,0.0,0,1,"time.struct_time(tm_year=2023, tm_mon=8, tm_mday=22, tm_hour=22, tm_min=42, tm_sec=0, tm_wday=1, tm_yday=234, tm_isdst=-1)",2023-08-22,2023,8,234,22,42,22,BUS02
2023-08-22 22:44:30,40.761806,-111.909828,1281.6,0.0,328.8,1.0,13.6,24.86,20.35,64.86,2.0,2.0,23.28,39.0,877.0,0.0,26.3,2.33,38.4,825.5,-9999.0,-9999.0,-9999.0,-9999.0,-9999.0,-9999.0,-9999.0,0.0,0,1,"time.struct_time(tm_year=2023, tm_mon=8, tm_mday=22, tm_hour=22, tm_min=44, tm_sec=30, tm_wday=1, tm_yday=234, tm_isdst=-1)",2023-08-22,2023,8,234,22,44,22,BUS02
2023-08-22 22:47:00,40.761799,-111.909836,1279.4,0.0,328.8,1.0,13.6,24.88,20.37,62.43,1.0,2.0,23.22,38.0,877.0,0.0,34.0,2.32,38.4,825.6,-9999.0,-9999.0,-9999.0,-9999.0,-9999.0,-9999.0,-9999.0,0.0,0,1,"time.struct_time(tm_year=2023, tm_mon=8, tm_mday=22, tm_hour=22, tm_min=47, tm_sec=0, tm_wday=1, tm_yday=234, tm_isdst=-1)",2023-08-22,2023,8,234,22,47,22,BUS02
2023-08-22 22:49:30,40.761799,-111.909851,1279.0,0.0,328.8,1.0,13.6,24.9,20.43,62.17,1.0,2.0,23.11,38.0,876.9,0.0,34.3,2.33,38.4,825.3,-9999.0,-9999.0,-9999.0,-9999.0,-9999.0,-9999.0,-9999.0,0.0,0,1,"time.struct_time(tm_year=2023, tm_mon=8, tm_mday=22, tm_hour=22, tm_min=49, tm_sec=30, tm_wday=1, tm_yday=234, tm_isdst=-1)",2023-08-22,2023,8,234,22,49,22,BUS02
2023-08-22 22:52:00,40.761799,-111.909851,1278.2,0.0,328.8,1.0,13.6,24.92,20.49,63.45,2.0,2.0,23.22,38.0,877.0,0.0,29.8,2.32,38.4,825.5,-9999.0,-9999.0,-9999.0,-9999.0,-9999.0,-9999.0,-9999.0,0.0,0,1,"time.struct_time(tm_year=2023, tm_mon=8, tm_mday=22, tm_hour=22, tm_min=52, tm_sec=0, tm_wday=1, tm_yday=234, tm_isdst=-1)",2023-08-22,2023,8,234,22,52,22,BUS02
2023-08-22 22:54:30,40.76181,-111.909859,1277.5,0.0,328.8,1.0,13.6,24.94,20.53,60.82,3.0,2.0,23.22,38.0,876.8,0.0,32.8,2.33,38.4,825.2,-9999.0,-9999.0,-9999.0,-9999.0,-9999.0,-9999.0,-9999.0,0.0,0,1,"time.struct_time(tm_year=2023, tm_mon=8, tm_mday=22, tm_hour=22, tm_min=54, tm_sec=30, tm_wday=1, tm_yday=234, tm_isdst=-1)",2023-08-22,2023,8,234,22,54,22,BUS02
2023-08-22 22:58:05,40.761814,-111.909866,1277.0,0.0,328.8,1.0,13.61,24.97,20.55,61.93,2.0,2.0,23.22,39.0,876.6,0.0,29.2,2.33,38.4,825.3,-9999.0,-9999.0,-9999.0,-9999.0,-9999.0,-9999.0,-9999.0,0.0,0,1,"time.struct_time(tm_year=2023, tm_mon=8, tm_mday=22, tm_hour=22, tm_min=58, tm_sec=5, tm_wday=1, tm_yday=234, tm_isdst=-1)",2023-08-22,2023,8,234,22,58,22,BUS02
2023-08-22 23:00:35,40.761818,-111.909866,1276.7,0.0,328.8,1.0,13.6,24.99,20.55,61.83,2.0,2.0,23.22,38.0,876.4,0.0,31.8,2.32,38.4,825.0,-9999.0,-9999.0,-9999.0,-9999.0,-9999.0,-9999.0,-9999.0,0.0,0,1,"time.struct_time(tm_year=2023, tm_mon=8, tm_mday=22, tm_hour=23, tm_min=0, tm_sec=35, tm_wday=1, tm_yday=234, tm_isdst=-1)",2023-08-22,2023,8,234,22,0,23,BUS02
2023-08-22 23:03:05,40.761822,-111.909874,1275.8,0.0,328.8,1.0,13.6,25.01,20.53,61.77,1.0,2.0,23.28,38.0,876.1,0.0,30.5,2.32,38.4,825.0,-9999.0,-9999.0,-9999.0,-9999.0,-9999.0,-9999.0,-9999.0,0.0,0,1,"time.struct_time(tm_year=2023, tm_mon=8, tm_mday=22, tm_hour=23, tm_min=3, tm_sec=5, tm_wday=1, tm_yday=234, tm_isdst=-1)",2023-08-22,2023,8,234,22,3,23,BUS02
2023-08-22 23:05:35,40.761822,-111.909866,1276.2,0.0,328.8,1.0,13.6,25.02,20.53,61.8,2.0,2.0,23.22,38.0,876.1,0.0,30.7,2.32,38.4,824.7,-9999.0,-9999.0,-9999.0,-9999.0,-9999.0,-9999.0,-9999.0,0.0,0,1,"time.struct_time(tm_year=2023, tm_mon=8, tm_mday=22, tm_hour=23, tm_min=5, tm_sec=35, tm_wday=1, tm_yday=234, tm_isdst=-1)",2023-08-22,2023,8,234,22,5,23,BUS02
2023-08-22 23:08:05,40.761822,-111.909866,1276.0,0.0,328.8,1.0,13.6,25.04,20.51,61.34,2.0,2.0,23.22,38.0,876.3,0.0,33.0,2.34,38.4,825.1,-9999.0,-9999.0,-9999.0,-9999.0,-9999.0,-9999.0,-9999.0,0.0,0,1,"time.struct_time(tm_year=2023, tm_mon=8, tm_mday=22, tm_hour=23, tm_min=8, tm_sec=5, tm_wday=1, tm_yday=234, tm_isdst=-1)",2023-08-22,2023,8,234,22,8,23,BUS02
2023-08-22 23:10:35,40.761822,-111.909859,1275.8,0.0,328.8,1.0,13.6,25.05,20.49,61.4,2.0,2.0,23.28,38.0,876.4,0.0,27.7,2.33,38.4,825.2,-9999.0,-9999.0,-9999.0,-9999.0,-9999.0,-9999.0,-9999.0,0.0,0,1,"time.struct_time(tm_year=2023, tm_mon=8, tm_mday=22, tm_hour=23, tm_min=10, tm_sec=35, tm_wday=1, tm_yday=234, tm_isdst=-1)",2023-08-22,2023,8,234,22,10,23,BUS02
2023-08-22 23:13:05,40.761826,-111.909859,1275.2,0.0,328.8,1.0,13.6,25.06,20.55,60.67,2.0,2.0,23.39,38.0,876.6,0.0,30.6,2.33,38.4,825.3,-9999.0,-9999.0,-9999.0,-9999.0,-9999.0,-9999.0,-9999.0,0.0,0,1,"time.struct_time(tm_year=2023, tm_mon=8, tm_mday=22, tm_hour=23, tm_min=13, tm_sec=5, tm_wday=1, tm_yday=234, tm_isdst=-1)",2023-08-22,2023,8,234,22,13,23,BUS02
2023-08-22 23:15:35,40.761826,-111.909859,1274.8,0.0,328.8,1.0,13.6,25.07,20.63,61.54,2.0,2.0,23.5,39.0,876.3,0.0,26.9,2.31,38.4,825.2,-9999.0,-9999.0,-9999.0,-9999.0,-9999.0,-9999.0,-9999.0,0.0,0,1,"time.struct_time(tm_year=2023, tm_mon=8, tm_mday=22, tm_hour=23, tm_min=15, tm_sec=35, tm_wday=1, tm_yday=234, tm_isdst=-1)",2023-08-22,2023,8,234,22,15,23,BUS02
2023-08-22 23:18:05,40.761829,-111.909851,1274.2,0.0,328.8,1.0,13.6,25.08,20.75,61.48,2.0,2.0,23.61,39.0,876.6,0.0,28.3,2.35,38.5,825.1,-9999.0,-9999.0,-9999.0,-9999.0,-9999.0,-9999.0,-9999.0,0.0,0,1,"time.struct_time(tm_year=2023, tm_mon=8, tm_mday=22, tm_hour=23, tm_min=18, tm_sec=5, tm_wday=1, tm_yday=234, tm_isdst=-1)",2023-08-22,2023,8,234,22,18,23,BUS02
2023-08-22 23:20:35,40.761826,-111.909851,1275.2,0.0,328.8,1.0,13.6,25.1,20.71,61.09,2.0,2.0,23.72,39.0,876.3,0.0,18.1,2.32,38.5,825.1,-9999.0,-9999.0,-9999.0,-9999.0,-9999.0,-9999.0,-9999.0,0.0,0,1,"time.struct_time(tm_year=2023, tm_mon=8, tm_mday=22, tm_hour=23, tm_min=20, tm_sec=35, tm_wday=1, tm_yday=234, tm_isdst=-1)",2023-08-22,2023,8,234,22,20,23,BUS02
2023-08-22 23:23:05,40.761818,-111.909843,1275.5,0.0,328.8,1.0,13.6,25.11,20.63,60.75,2.0,2.0,23.61,38.0,876.5,0.0,26.3,2.32,38.5,825.0,-9999.0,-9999.0,-9999.0,-9999.0,-9999.0,-9999.0,-9999.0,0.0,0,1,"time.struct_time(tm_year=2023, tm_mon=8, tm_mday=22, tm_hour=23, tm_min=23, tm_sec=5, tm_wday=1, tm_yday=234, tm_isdst=-1)",2023-08-22,2023,8,234,22,23,23,BUS02
2023-08-22 23:25:35,40.76181,-111.909843,1275.6,0.0,328.8,1.0,13.6,25.13,20.61,60.55,2.0,2.0,23.72,38.0,876.4,0.0,27.9,2.34,38.5,825.2,-9999.0,-9999.0,-9999.0,-9999.0,-9999.0,-9999.0,-9999.0,0.0,0,1,"time.struct_time(tm_year=2023, tm_mon=8, tm_mday=22, tm_hour=23, tm_min=25, tm_sec=35, tm_wday=1, tm_yday=234, tm_isdst=-1)",2023-08-22,2023,8,234,22,25,23,BUS02
2023-08-22 23:28:05,40.761806,-111.909836,1275.1,0.0,328.8,1.0,13.6,25.14,20.63,58.86,2.0,2.0,23.72,38.0,876.4,0.0,28.0,2.34,38.5,825.3,-9999.0,-9999.0,-9999.0,-9999.0,-9999.0,-9999.0,-9999.0,0.0,0,1,"time.struct_time(tm_year=2023, tm_mon=8, tm_mday=22, tm_hour=23, tm_min=28, tm_sec=5, tm_wday=1, tm_yday=234, tm_isdst=-1)",2023-08-22,2023,8,234,22,28,23,BUS02
2023-08-22 23:30:35,40.761803,-111.909836,1274.7,0.0,328.8,1.0,13.6,25.15,20.63,58.57,1.0,2.0,23.5,37.0,876.7,0.0,31.9,2.32,38.5,825.4,-9999.0,-9999.0,-9999.0,-9999.0,-9999.0,-9999.0,-9999.0,0.0,0,1,"time.struct_time(tm_year=2023, tm_mon=8, tm_mday=22, tm_hour=23, tm_min=30, tm_sec=35, tm_wday=1, tm_yday=234, tm_isdst=-1)",2023-08-22,2023,8,234,22,30,23,BUS02
2023-08-22 23:33:05,40.761799,-111.909836,1274.7,0.0,328.8,1.0,13.6,25.16,20.65,58.21,2.0,2.0,23.61,37.0,876.7,0.0,29.3,2.33,38.5,825.5,-9999.0,-9999.0,-9999.0,-9999.0,-9999.0,-9999.0,-9999.0,0.0,0,1,"time.struct_time(tm_year=2023, tm_mon=8, tm_mday=22, tm_hour=23, tm_min=33, tm_sec=5, tm_wday=1, tm_yday=234, tm_isdst=-1)",2023-08-22,2023,8,234,22,33,23,BUS02
2023-08-22 23:35:35,40.761799,-111.909836,1274.9,0.0,328.8,1.0,13.6,25.17,20.75,59.41,2.0,2.0,23.72,38.0,876.7,0.0,25.0,2.31,38.5,825.7,-9999.0,-9999.0,-9999.0,-9999.0,-9999.0,-9999.0,-9999.0,0.0,0,1,"time.struct_time(tm_year=2023, tm_mon=8, tm_mday=22, tm_hour=23, tm_min=35, tm_sec=35, tm_wday=1, tm_yday=234, tm_isdst=-1)",2023-08-22,2023,8,234,22,35,23,BUS02
2023-08-22 23:38:05,40.761795,-111.909836,1275.2,0.0,328.8,1.0,13.6,25.18,20.83,61.28,2.0,2.0,23.72,39.0,876.8,0.0,18.5,2.33,38.6,825.5,-9999.0,-9999.0,-9999.0,-9999.0,-9999.0,-9999.0,-9999.0,0.0,0,1,"time.struct_time(tm_year=2023, tm_mon=8, tm_mday=22, tm_hour=23, tm_min=38, tm_sec=5, tm_wday=1, tm_yday=234, tm_isdst=-1)",2023-08-22,2023,8,234,22,38,23,BUS02
2023-08-22 23:40:35,40.761795,-111.909821,1275.9,0.0,328.8,1.0,13.6,25.2,20.89,61.36,2.0,2.0,23.78,39.0,876.8,0.0,19.4,2.33,38.6,825.5,-9999.0,-9999.0,-9999.0,-9999.0,-9999.0,-9999.0,-9999.0,0.0,0,1,"time.struct_time(tm_year=2023, tm_mon=8, tm_mday=22, tm_hour=23, tm_min=40, tm_sec=35, tm_wday=1, tm_yday=234, tm_isdst=-1)",2023-08-22,2023,8,234,22,40,23,BUS02
2023-08-22 23:43:05,40.761791,-111.909821,1275.5,0.0,328.8,1.0,13.6,25.21,21.0,60.09,2.0,2.0,23.78,39.0,876.8,0.0,23.4,2.34,38.6,825.5,-9999.0,-9999.0,-9999.0,-9999.0,-9999.0,-9999.0,-9999.0,0.0,0,1,"time.struct_time(tm_year=2023, tm_mon=8, tm_mday=22, tm_hour=23, tm_min=43, tm_sec=5, tm_wday=1, tm_yday=234, tm_isdst=-1)",2023-08-22,2023,8,234,22,43,23,BUS02
2023-08-22 23:45:35,40.761784,-111.909821,1274.8,0.0,328.8,1.0,13.6,25.23,21.02,58.13,2.0,2.0,23.78,38.0,876.6,0.0,30.5,2.34,38.6,825.5,-9999.0,-9999.0,-9999.0,-9999.0,-9999.0,-9999.0,-9999.0,0.0,0,1,"time.struct_time(tm_year=2023, tm_mon=8, tm_mday=22, tm_hour=23, tm_min=45, tm_sec=35, tm_wday=1, tm_yday=234, tm_isdst=-1)",2023-08-22,2023,8,234,22,45,23,BUS02
2023-08-22 23:48:05,40.761776,-111.909821,1274.5,0.0,328.8,1.0,13.6,25.24,21.02,57.83,1.0,2.0,23.78,38.0,876.5,0.0,32.5,2.34,38.6,825.4,-9999.0,-9999.0,-9999.0,-9999.0,-9999.0,-9999.0,-9999.0,0.0,0,1,"time.struct_time(tm_year=2023, tm_mon=8, tm_mday=22, tm_hour=23, tm_min=48, tm_sec=5, tm_wday=1, tm_yday=234, tm_isdst=-1)",2023-08-22,2023,8,234,22,48,23,BUS02
2023-08-22 23:50:35,40.761761,-111.909828,1273.6,0.0,328.8,1.0,13.6,25.25,20.95,58.39,2.0,2.0,23.78,38.0,876.4,0.0,29.1,2.32,38.6,825.4,-9999.0,-9999.0,-9999.0,-9999.0,-9999.0,-9999.0,-9999.0,0.0,0,1,"time.struct_time(tm_year=2023, tm_mon=8, tm_mday=22, tm_hour=23, tm_min=50, tm_sec=35, tm_wday=1, tm_yday=234, tm_isdst=-1)",2023-08-22,2023,8,234,22,50,23,BUS02
2023-08-22 23:53:05,40.761761,-111.909821,1273.6,0.0,328.8,1.0,13.6,25.27,20.85,59.32,2.0,2.0,23.89,38.0,876.3,0.0,26.7,2.32,38.6,825.3,-9999.0,-9999.0,-9999.0,-9999.0,-9999.0,-9999.0,-9999.0,0.0,0,1,"time.struct_time(tm_year=2023, tm_mon=8, tm_mday=22, tm_hour=23, tm_min=53, tm_sec=5, tm_wday=1, tm_yday=234, tm_isdst=-1)",2023-08-22,2023,8,234,22,53,23,BUS02
2023-08-22 23:55:35,40.761765,-111.909821,1272.5,0.0,328.8,1.0,13.6,25.28,20.89,60.07,1.0,2.0,23.89,39.0,876.6,0.0,23.9,2.33,38.6,825.4,-9999.0,-9999.0,-9999.0,-9999.0,-9999.0,-9999.0,-9999.0,0.0,0,1,"time.struct_time(tm_year=2023, tm_mon=8, tm_mday=22, tm_hour=23, tm_min=55, tm_sec=35, tm_wday=1, tm_yday=234, tm_isdst=-1)",2023-08-22,2023,8,234,22,55,23,BUS02
