Timestamp_UTC,Latitude_ddeg,Longitude_ddeg,Elevation_m,GPS_Speed_m/s,GPS_Direction_deg,GPS_RMC_Valid_binary,Battery_Voltage_volts,Bus_Box_Temperature_degC,Bus_Top_Temperature_degC,Bus_Top_Relative_Humidity_%,ES642_PM2.5_Concentration_ug/m3,ES642_Air_Flow_Rate_L/min,ES642_Internal_Air_Temperature_degC,ES642_Internal_Relative_Humidity_%,ES642_Internal_Air_Pressure_hpa,ES642_Error_Code_code,2B_Ozone_Concentration_ppbv,2B_Air_Flow_Rate_L/min,2B_Internal_Air_Temperature_degC,2B_Internal_Air_Pressure_hpa,2B405_NO_Concentration_ppbv,2B405_NO2_Concentration_ppbv,2B405_NOX_Concentration_ppbv,2B405_Internal_Air_Temperature_degC,2B405_Internal_Air_Pressure_hpa,2B405_Air_Flow_Rate_L/min,2B405_Cell_O3_Flow_Rate_mL/min,PM2.5_Data_Flagged_binary,Ozone_Data_Flagged_binary,GPS_Data_Flagged_binary,Time_Tuple,Date,Year,Month,Day_of_Year,Day_of_Month,Minute,Hour,Transit_ID
2022-10-11 18:13:15,40.765919,-111.909607,1270.3,-9999.0,-9999.0,-9999.0,13.6,22.57,21.47,16.9,6.0,2.0,21.72,20.0,875.0,0.0,29.3,1.82,33.8,837.8,-9999.0,-9999.0,-9999.0,-9999.0,-9999.0,-9999.0,-9999.0,0.0,0,1,"time.struct_time(tm_year=2022, tm_mon=10, tm_mday=11, tm_hour=18, tm_min=13, tm_sec=15, tm_wday=1, tm_yday=284, tm_isdst=-1)",2022-10-11,2022,10,284,11,13,18,BUS01
2022-10-11 18:15:45,40.765694,-111.909683,1283.3,-9999.0,-9999.0,-9999.0,13.6,22.81,21.81,16.19,5.0,2.0,22.0,21.0,874.9,0.0,35.6,1.81,34.2,837.7,-9999.0,-9999.0,-9999.0,-9999.0,-9999.0,-9999.0,-9999.0,0.0,0,1,"time.struct_time(tm_year=2022, tm_mon=10, tm_mday=11, tm_hour=18, tm_min=15, tm_sec=45, tm_wday=1, tm_yday=284, tm_isdst=-1)",2022-10-11,2022,10,284,11,15,18,BUS01
2022-10-11 18:18:15,40.765682,-111.909622,1288.2,-9999.0,-9999.0,-9999.0,13.59,23.06,22.08,17.41,5.0,2.0,22.11,20.0,875.0,0.0,31.5,1.81,34.6,837.9,-9999.0,-9999.0,-9999.0,-9999.0,-9999.0,-9999.0,-9999.0,0.0,0,1,"time.struct_time(tm_year=2022, tm_mon=10, tm_mday=11, tm_hour=18, tm_min=18, tm_sec=15, tm_wday=1, tm_yday=284, tm_isdst=-1)",2022-10-11,2022,10,284,11,18,18,BUS01
2022-10-11 18:20:45,40.765652,-111.909615,1283.0,-9999.0,-9999.0,-9999.0,13.49,23.29,22.1,16.22,4.0,2.0,22.28,20.0,875.1,0.0,34.9,1.81,34.9,837.7,-9999.0,-9999.0,-9999.0,-9999.0,-9999.0,-9999.0,-9999.0,0.0,0,1,"time.struct_time(tm_year=2022, tm_mon=10, tm_mday=11, tm_hour=18, tm_min=20, tm_sec=45, tm_wday=1, tm_yday=284, tm_isdst=-1)",2022-10-11,2022,10,284,11,20,18,BUS01
2022-10-11 18:23:15,40.765736,-111.909615,1273.3,-9999.0,-9999.0,-9999.0,13.56,23.48,21.96,16.65,6.0,2.0,22.11,19.0,874.9,0.0,21.4,1.82,35.2,838.0,-9999.0,-9999.0,-9999.0,-9999.0,-9999.0,-9999.0,-9999.0,0.0,0,1,"time.struct_time(tm_year=2022, tm_mon=10, tm_mday=11, tm_hour=18, tm_min=23, tm_sec=15, tm_wday=1, tm_yday=284, tm_isdst=-1)",2022-10-11,2022,10,284,11,23,18,BUS01
2022-10-11 18:25:45,40.765759,-111.909683,1271.0,-9999.0,-9999.0,-9999.0,13.53,23.59,21.71,17.31,5.0,2.0,22.22,19.0,874.8,0.0,27.3,1.82,35.5,837.8,-9999.0,-9999.0,-9999.0,-9999.0,-9999.0,-9999.0,-9999.0,0.0,0,1,"time.struct_time(tm_year=2022, tm_mon=10, tm_mday=11, tm_hour=18, tm_min=25, tm_sec=45, tm_wday=1, tm_yday=284, tm_isdst=-1)",2022-10-11,2022,10,284,11,25,18,BUS01
2022-10-11 21:14:20,40.766495,-111.909508,1288.6,-9999.0,-9999.0,-9999.0,13.6,24.01,22.52,16.04,12.0,2.0,22.72,19.0,874.4,0.0,35.7,1.78,26.4,836.7,-9999.0,-9999.0,-9999.0,-9999.0,-9999.0,-9999.0,-9999.0,0.0,0,1,"time.struct_time(tm_year=2022, tm_mon=10, tm_mday=11, tm_hour=21, tm_min=14, tm_sec=20, tm_wday=1, tm_yday=284, tm_isdst=-1)",2022-10-11,2022,10,284,11,14,21,BUS01
2022-10-11 21:16:50,40.765724,-111.90979,1289.3,-9999.0,-9999.0,-9999.0,13.6,24.03,22.82,15.66,6.0,2.0,22.72,18.0,874.3,0.0,27.3,1.8,27.7,837.0,-9999.0,-9999.0,-9999.0,-9999.0,-9999.0,-9999.0,-9999.0,0.0,0,1,"time.struct_time(tm_year=2022, tm_mon=10, tm_mday=11, tm_hour=21, tm_min=16, tm_sec=50, tm_wday=1, tm_yday=284, tm_isdst=-1)",2022-10-11,2022,10,284,11,16,21,BUS01
2022-10-11 21:19:20,40.765724,-111.909798,1289.3,-9999.0,-9999.0,-9999.0,13.6,24.08,22.93,16.52,7.0,2.0,22.78,18.0,874.5,0.0,30.2,1.8,28.9,836.9,-9999.0,-9999.0,-9999.0,-9999.0,-9999.0,-9999.0,-9999.0,0.0,0,1,"time.struct_time(tm_year=2022, tm_mon=10, tm_mday=11, tm_hour=21, tm_min=19, tm_sec=20, tm_wday=1, tm_yday=284, tm_isdst=-1)",2022-10-11,2022,10,284,11,19,21,BUS01
2022-10-11 21:21:50,40.765854,-111.909866,1286.5,-9999.0,-9999.0,-9999.0,13.6,24.16,22.84,16.41,6.0,2.0,22.89,18.0,874.3,0.0,37.0,1.8,29.9,837.1,-9999.0,-9999.0,-9999.0,-9999.0,-9999.0,-9999.0,-9999.0,0.0,0,1,"time.struct_time(tm_year=2022, tm_mon=10, tm_mday=11, tm_hour=21, tm_min=21, tm_sec=50, tm_wday=1, tm_yday=284, tm_isdst=-1)",2022-10-11,2022,10,284,11,21,21,BUS01
2022-10-11 21:24:20,40.765881,-111.909851,1286.3,-9999.0,-9999.0,-9999.0,13.09,24.27,22.76,16.41,6.0,2.0,23.0,18.0,874.4,0.0,32.4,1.8,30.8,836.9,-9999.0,-9999.0,-9999.0,-9999.0,-9999.0,-9999.0,-9999.0,0.0,0,1,"time.struct_time(tm_year=2022, tm_mon=10, tm_mday=11, tm_hour=21, tm_min=24, tm_sec=20, tm_wday=1, tm_yday=284, tm_isdst=-1)",2022-10-11,2022,10,284,11,24,21,BUS01
2022-10-11 21:26:50,40.7658,-111.909805,1284.6,-9999.0,-9999.0,-9999.0,13.6,24.39,22.79,15.86,6.0,2.0,23.11,18.0,874.2,0.0,27.2,1.8,31.6,837.1,-9999.0,-9999.0,-9999.0,-9999.0,-9999.0,-9999.0,-9999.0,0.0,0,1,"time.struct_time(tm_year=2022, tm_mon=10, tm_mday=11, tm_hour=21, tm_min=26, tm_sec=50, tm_wday=1, tm_yday=284, tm_isdst=-1)",2022-10-11,2022,10,284,11,26,21,BUS01
2022-10-11 21:29:20,40.765751,-111.909775,1284.1,-9999.0,-9999.0,-9999.0,13.6,24.52,22.79,15.66,6.0,2.0,23.28,17.0,874.2,0.0,29.9,1.82,32.3,836.9,-9999.0,-9999.0,-9999.0,-9999.0,-9999.0,-9999.0,-9999.0,0.0,0,1,"time.struct_time(tm_year=2022, tm_mon=10, tm_mday=11, tm_hour=21, tm_min=29, tm_sec=20, tm_wday=1, tm_yday=284, tm_isdst=-1)",2022-10-11,2022,10,284,11,29,21,BUS01
2022-10-11 21:31:50,40.765759,-111.90979,1278.6,-9999.0,-9999.0,-9999.0,13.6,24.66,22.63,15.71,5.0,2.0,23.39,17.0,874.4,0.0,24.2,1.82,33.0,837.1,-9999.0,-9999.0,-9999.0,-9999.0,-9999.0,-9999.0,-9999.0,0.0,0,1,"time.struct_time(tm_year=2022, tm_mon=10, tm_mday=11, tm_hour=21, tm_min=31, tm_sec=50, tm_wday=1, tm_yday=284, tm_isdst=-1)",2022-10-11,2022,10,284,11,31,21,BUS01
2022-10-11 21:34:20,40.765747,-111.909821,1272.3,-9999.0,-9999.0,-9999.0,13.6,24.8,22.58,15.9,6.0,2.0,23.5,17.0,874.4,0.0,27.3,1.82,33.6,836.8,-9999.0,-9999.0,-9999.0,-9999.0,-9999.0,-9999.0,-9999.0,0.0,0,1,"time.struct_time(tm_year=2022, tm_mon=10, tm_mday=11, tm_hour=21, tm_min=34, tm_sec=20, tm_wday=1, tm_yday=284, tm_isdst=-1)",2022-10-11,2022,10,284,11,34,21,BUS01
2022-10-11 21:36:50,40.765804,-111.909782,1273.8,-9999.0,-9999.0,-9999.0,13.6,24.94,22.54,16.6,5.0,2.0,23.61,17.0,874.1,0.0,31.8,1.82,34.1,837.0,-9999.0,-9999.0,-9999.0,-9999.0,-9999.0,-9999.0,-9999.0,0.0,0,1,"time.struct_time(tm_year=2022, tm_mon=10, tm_mday=11, tm_hour=21, tm_min=36, tm_sec=50, tm_wday=1, tm_yday=284, tm_isdst=-1)",2022-10-11,2022,10,284,11,36,21,BUS01
2022-10-11 21:39:20,40.765846,-111.90979,1273.9,-9999.0,-9999.0,-9999.0,13.6,25.07,22.64,16.72,6.0,2.0,23.72,17.0,874.4,0.0,16.4,1.82,34.6,836.9,-9999.0,-9999.0,-9999.0,-9999.0,-9999.0,-9999.0,-9999.0,0.0,0,1,"time.struct_time(tm_year=2022, tm_mon=10, tm_mday=11, tm_hour=21, tm_min=39, tm_sec=20, tm_wday=1, tm_yday=284, tm_isdst=-1)",2022-10-11,2022,10,284,11,39,21,BUS01
2022-10-11 21:41:50,40.765842,-111.909782,1273.5,-9999.0,-9999.0,-9999.0,13.6,25.21,22.81,16.2,6.0,2.0,23.78,17.0,874.2,0.0,25.9,1.83,35.1,837.1,-9999.0,-9999.0,-9999.0,-9999.0,-9999.0,-9999.0,-9999.0,0.0,0,1,"time.struct_time(tm_year=2022, tm_mon=10, tm_mday=11, tm_hour=21, tm_min=41, tm_sec=50, tm_wday=1, tm_yday=284, tm_isdst=-1)",2022-10-11,2022,10,284,11,41,21,BUS01
2022-10-11 21:44:20,40.765736,-111.909698,1292.6,-9999.0,-9999.0,-9999.0,13.6,25.34,22.98,16.24,6.0,2.0,23.89,17.0,874.1,0.0,25.0,1.83,35.5,836.9,-9999.0,-9999.0,-9999.0,-9999.0,-9999.0,-9999.0,-9999.0,0.0,0,1,"time.struct_time(tm_year=2022, tm_mon=10, tm_mday=11, tm_hour=21, tm_min=44, tm_sec=20, tm_wday=1, tm_yday=284, tm_isdst=-1)",2022-10-11,2022,10,284,11,44,21,BUS01
2022-10-11 21:46:50,40.765862,-111.90976,1275.4,-9999.0,-9999.0,-9999.0,13.61,25.48,23.1,15.62,5.0,2.0,24.11,17.0,874.3,0.0,17.8,1.83,35.9,836.8,-9999.0,-9999.0,-9999.0,-9999.0,-9999.0,-9999.0,-9999.0,0.0,0,1,"time.struct_time(tm_year=2022, tm_mon=10, tm_mday=11, tm_hour=21, tm_min=46, tm_sec=50, tm_wday=1, tm_yday=284, tm_isdst=-1)",2022-10-11,2022,10,284,11,46,21,BUS01
2022-10-11 21:49:20,40.765903,-111.909851,1282.1,-9999.0,-9999.0,-9999.0,13.57,25.61,23.1,15.66,5.0,2.0,24.22,16.0,874.2,0.0,32.9,1.84,36.3,836.9,-9999.0,-9999.0,-9999.0,-9999.0,-9999.0,-9999.0,-9999.0,0.0,0,1,"time.struct_time(tm_year=2022, tm_mon=10, tm_mday=11, tm_hour=21, tm_min=49, tm_sec=20, tm_wday=1, tm_yday=284, tm_isdst=-1)",2022-10-11,2022,10,284,11,49,21,BUS01
2022-10-11 21:51:50,40.765903,-111.909843,1281.7,-9999.0,-9999.0,-9999.0,13.57,25.74,23.05,15.59,5.0,2.0,24.28,16.0,874.2,0.0,30.2,1.85,36.7,836.7,-9999.0,-9999.0,-9999.0,-9999.0,-9999.0,-9999.0,-9999.0,0.0,0,1,"time.struct_time(tm_year=2022, tm_mon=10, tm_mday=11, tm_hour=21, tm_min=51, tm_sec=50, tm_wday=1, tm_yday=284, tm_isdst=-1)",2022-10-11,2022,10,284,11,51,21,BUS01
2022-10-11 21:54:20,40.765678,-111.909859,1275.9,-9999.0,-9999.0,-9999.0,13.57,25.87,23.08,15.97,5.0,2.0,24.39,16.0,874.1,0.0,24.8,1.85,37.0,836.8,-9999.0,-9999.0,-9999.0,-9999.0,-9999.0,-9999.0,-9999.0,0.0,0,1,"time.struct_time(tm_year=2022, tm_mon=10, tm_mday=11, tm_hour=21, tm_min=54, tm_sec=20, tm_wday=1, tm_yday=284, tm_isdst=-1)",2022-10-11,2022,10,284,11,54,21,BUS01
2022-10-11 21:56:50,40.765759,-111.90976,1294.6,-9999.0,-9999.0,-9999.0,13.57,25.99,23.12,15.74,7.0,2.0,24.5,16.0,874.3,0.0,28.6,1.83,37.3,836.8,-9999.0,-9999.0,-9999.0,-9999.0,-9999.0,-9999.0,-9999.0,0.0,0,1,"time.struct_time(tm_year=2022, tm_mon=10, tm_mday=11, tm_hour=21, tm_min=56, tm_sec=50, tm_wday=1, tm_yday=284, tm_isdst=-1)",2022-10-11,2022,10,284,11,56,21,BUS01
2022-10-11 21:59:20,40.765785,-111.909691,1294.9,-9999.0,-9999.0,-9999.0,13.57,26.11,23.14,15.81,6.0,2.0,24.61,16.0,874.3,0.0,26.1,1.84,37.6,836.8,-9999.0,-9999.0,-9999.0,-9999.0,-9999.0,-9999.0,-9999.0,0.0,0,1,"time.struct_time(tm_year=2022, tm_mon=10, tm_mday=11, tm_hour=21, tm_min=59, tm_sec=20, tm_wday=1, tm_yday=284, tm_isdst=-1)",2022-10-11,2022,10,284,11,59,21,BUS01
2022-10-11 22:01:50,40.765797,-111.909691,1301.4,-9999.0,-9999.0,-9999.0,13.57,26.22,23.06,15.71,5.0,2.0,24.61,16.0,874.3,0.0,26.3,1.85,37.9,836.8,-9999.0,-9999.0,-9999.0,-9999.0,-9999.0,-9999.0,-9999.0,0.0,0,1,"time.struct_time(tm_year=2022, tm_mon=10, tm_mday=11, tm_hour=22, tm_min=1, tm_sec=50, tm_wday=1, tm_yday=284, tm_isdst=-1)",2022-10-11,2022,10,284,11,1,22,BUS01
2022-10-11 22:04:20,40.765762,-111.909706,1296.6,-9999.0,-9999.0,-9999.0,13.57,26.33,23.04,15.63,6.0,2.0,24.72,16.0,874.1,0.0,25.5,1.85,38.2,836.8,-9999.0,-9999.0,-9999.0,-9999.0,-9999.0,-9999.0,-9999.0,0.0,0,1,"time.struct_time(tm_year=2022, tm_mon=10, tm_mday=11, tm_hour=22, tm_min=4, tm_sec=20, tm_wday=1, tm_yday=284, tm_isdst=-1)",2022-10-11,2022,10,284,11,4,22,BUS01
2022-10-11 22:06:50,40.765697,-111.909729,1278.2,-9999.0,-9999.0,-9999.0,13.57,26.43,23.01,16.03,6.0,2.0,24.78,15.0,874.1,0.0,12.6,1.84,38.4,836.8,-9999.0,-9999.0,-9999.0,-9999.0,-9999.0,-9999.0,-9999.0,0.0,0,1,"time.struct_time(tm_year=2022, tm_mon=10, tm_mday=11, tm_hour=22, tm_min=6, tm_sec=50, tm_wday=1, tm_yday=284, tm_isdst=-1)",2022-10-11,2022,10,284,11,6,22,BUS01
2022-10-11 22:09:20,40.765755,-111.909691,1265.1,-9999.0,-9999.0,-9999.0,13.57,26.52,22.94,16.17,7.0,2.0,24.78,15.0,874.1,0.0,28.8,1.85,38.7,836.8,-9999.0,-9999.0,-9999.0,-9999.0,-9999.0,-9999.0,-9999.0,0.0,0,1,"time.struct_time(tm_year=2022, tm_mon=10, tm_mday=11, tm_hour=22, tm_min=9, tm_sec=20, tm_wday=1, tm_yday=284, tm_isdst=-1)",2022-10-11,2022,10,284,11,9,22,BUS01
2022-10-11 22:11:50,40.765739,-111.909637,1262.3,-9999.0,-9999.0,-9999.0,13.57,26.61,22.9,15.94,5.0,2.0,24.89,15.0,874.0,0.0,25.3,1.85,38.9,836.7,-9999.0,-9999.0,-9999.0,-9999.0,-9999.0,-9999.0,-9999.0,0.0,0,1,"time.struct_time(tm_year=2022, tm_mon=10, tm_mday=11, tm_hour=22, tm_min=11, tm_sec=50, tm_wday=1, tm_yday=284, tm_isdst=-1)",2022-10-11,2022,10,284,11,11,22,BUS01
2022-10-11 22:15:25,40.765797,-111.909622,1287.6,-9999.0,-9999.0,-9999.0,13.56,26.73,22.88,16.11,5.0,2.0,24.89,15.0,874.0,0.0,29.0,1.85,39.2,836.9,-9999.0,-9999.0,-9999.0,-9999.0,-9999.0,-9999.0,-9999.0,0.0,0,1,"time.struct_time(tm_year=2022, tm_mon=10, tm_mday=11, tm_hour=22, tm_min=15, tm_sec=25, tm_wday=1, tm_yday=284, tm_isdst=-1)",2022-10-11,2022,10,284,11,15,22,BUS01
2022-10-11 22:17:55,40.765858,-111.909721,1286.9,-9999.0,-9999.0,-9999.0,13.57,26.81,22.9,16.27,6.0,2.0,24.89,15.0,874.1,0.0,24.3,1.85,39.4,836.8,-9999.0,-9999.0,-9999.0,-9999.0,-9999.0,-9999.0,-9999.0,0.0,0,1,"time.struct_time(tm_year=2022, tm_mon=10, tm_mday=11, tm_hour=22, tm_min=17, tm_sec=55, tm_wday=1, tm_yday=284, tm_isdst=-1)",2022-10-11,2022,10,284,11,17,22,BUS01
2022-10-11 22:20:25,40.765743,-111.90963,1295.7,-9999.0,-9999.0,-9999.0,13.57,26.88,22.84,16.17,5.0,2.0,25.0,15.0,874.0,0.0,32.9,1.85,39.6,836.9,-9999.0,-9999.0,-9999.0,-9999.0,-9999.0,-9999.0,-9999.0,0.0,0,1,"time.struct_time(tm_year=2022, tm_mon=10, tm_mday=11, tm_hour=22, tm_min=20, tm_sec=25, tm_wday=1, tm_yday=284, tm_isdst=-1)",2022-10-11,2022,10,284,11,20,22,BUS01
2022-10-11 22:22:55,40.765759,-111.909637,1295.5,-9999.0,-9999.0,-9999.0,13.57,26.95,22.76,16.13,5.0,2.0,25.0,15.0,874.0,0.0,32.5,1.86,39.8,836.7,-9999.0,-9999.0,-9999.0,-9999.0,-9999.0,-9999.0,-9999.0,0.0,0,1,"time.struct_time(tm_year=2022, tm_mon=10, tm_mday=11, tm_hour=22, tm_min=22, tm_sec=55, tm_wday=1, tm_yday=284, tm_isdst=-1)",2022-10-11,2022,10,284,11,22,22,BUS01
2022-10-11 22:25:25,40.76577,-111.909599,1295.8,-9999.0,-9999.0,-9999.0,13.57,27.01,22.72,16.57,7.0,2.0,25.11,15.0,874.2,0.0,32.3,1.86,39.9,836.8,-9999.0,-9999.0,-9999.0,-9999.0,-9999.0,-9999.0,-9999.0,0.0,0,1,"time.struct_time(tm_year=2022, tm_mon=10, tm_mday=11, tm_hour=22, tm_min=25, tm_sec=25, tm_wday=1, tm_yday=284, tm_isdst=-1)",2022-10-11,2022,10,284,11,25,22,BUS01
2022-10-11 22:27:55,40.765766,-111.909637,1291.6,-9999.0,-9999.0,-9999.0,13.57,27.07,22.72,16.14,5.0,2.0,25.11,15.0,874.0,0.0,29.4,1.86,40.1,836.7,-9999.0,-9999.0,-9999.0,-9999.0,-9999.0,-9999.0,-9999.0,0.0,0,1,"time.struct_time(tm_year=2022, tm_mon=10, tm_mday=11, tm_hour=22, tm_min=27, tm_sec=55, tm_wday=1, tm_yday=284, tm_isdst=-1)",2022-10-11,2022,10,284,11,27,22,BUS01
2022-10-11 22:30:25,40.765804,-111.90963,1226.5,-9999.0,-9999.0,-9999.0,13.56,27.13,22.74,16.33,6.0,2.0,25.22,15.0,874.0,0.0,26.7,1.84,40.2,836.8,-9999.0,-9999.0,-9999.0,-9999.0,-9999.0,-9999.0,-9999.0,0.0,0,1,"time.struct_time(tm_year=2022, tm_mon=10, tm_mday=11, tm_hour=22, tm_min=30, tm_sec=25, tm_wday=1, tm_yday=284, tm_isdst=-1)",2022-10-11,2022,10,284,11,30,22,BUS01
2022-10-11 22:32:55,40.765682,-111.90976,1261.3,-9999.0,-9999.0,-9999.0,13.57,27.18,22.71,16.52,5.0,2.0,25.22,15.0,874.1,0.0,26.6,1.86,40.4,836.7,-9999.0,-9999.0,-9999.0,-9999.0,-9999.0,-9999.0,-9999.0,0.0,0,1,"time.struct_time(tm_year=2022, tm_mon=10, tm_mday=11, tm_hour=22, tm_min=32, tm_sec=55, tm_wday=1, tm_yday=284, tm_isdst=-1)",2022-10-11,2022,10,284,11,32,22,BUS01
2022-10-11 22:35:25,40.765678,-111.909767,1266.8,-9999.0,-9999.0,-9999.0,13.57,27.23,22.69,16.31,6.0,2.0,25.22,14.0,874.0,0.0,28.6,1.86,40.5,836.9,-9999.0,-9999.0,-9999.0,-9999.0,-9999.0,-9999.0,-9999.0,0.0,0,1,"time.struct_time(tm_year=2022, tm_mon=10, tm_mday=11, tm_hour=22, tm_min=35, tm_sec=25, tm_wday=1, tm_yday=284, tm_isdst=-1)",2022-10-11,2022,10,284,11,35,22,BUS01
2022-10-11 22:37:55,40.765682,-111.909752,1266.6,-9999.0,-9999.0,-9999.0,13.57,27.28,22.71,16.26,6.0,2.0,25.28,14.0,874.1,0.0,25.4,1.85,40.6,836.7,-9999.0,-9999.0,-9999.0,-9999.0,-9999.0,-9999.0,-9999.0,0.0,0,1,"time.struct_time(tm_year=2022, tm_mon=10, tm_mday=11, tm_hour=22, tm_min=37, tm_sec=55, tm_wday=1, tm_yday=284, tm_isdst=-1)",2022-10-11,2022,10,284,11,37,22,BUS01
2022-10-11 22:40:25,40.765747,-111.909729,1264.9,-9999.0,-9999.0,-9999.0,13.57,27.32,22.72,16.45,5.0,2.0,25.28,14.0,874.2,0.0,21.6,1.86,40.8,836.9,-9999.0,-9999.0,-9999.0,-9999.0,-9999.0,-9999.0,-9999.0,0.0,0,1,"time.struct_time(tm_year=2022, tm_mon=10, tm_mday=11, tm_hour=22, tm_min=40, tm_sec=25, tm_wday=1, tm_yday=284, tm_isdst=-1)",2022-10-11,2022,10,284,11,40,22,BUS01
2022-10-11 22:42:55,40.765656,-111.909775,1264.7,-9999.0,-9999.0,-9999.0,13.57,27.37,22.75,16.58,6.0,2.0,25.28,14.0,874.2,0.0,26.2,1.86,40.9,836.8,-9999.0,-9999.0,-9999.0,-9999.0,-9999.0,-9999.0,-9999.0,0.0,0,1,"time.struct_time(tm_year=2022, tm_mon=10, tm_mday=11, tm_hour=22, tm_min=42, tm_sec=55, tm_wday=1, tm_yday=284, tm_isdst=-1)",2022-10-11,2022,10,284,11,42,22,BUS01
2022-10-11 22:45:25,40.765766,-111.90976,1271.6,-9999.0,-9999.0,-9999.0,13.57,27.41,22.75,16.6,6.0,2.0,25.39,14.0,874.2,0.0,32.7,1.86,41.0,837.0,-9999.0,-9999.0,-9999.0,-9999.0,-9999.0,-9999.0,-9999.0,0.0,0,1,"time.struct_time(tm_year=2022, tm_mon=10, tm_mday=11, tm_hour=22, tm_min=45, tm_sec=25, tm_wday=1, tm_yday=284, tm_isdst=-1)",2022-10-11,2022,10,284,11,45,22,BUS01
2022-10-11 22:47:55,40.7658,-111.90966,1252.4,-9999.0,-9999.0,-9999.0,13.57,27.45,22.75,16.38,5.0,2.0,25.39,14.0,874.2,0.0,22.7,1.87,41.1,836.8,-9999.0,-9999.0,-9999.0,-9999.0,-9999.0,-9999.0,-9999.0,0.0,0,1,"time.struct_time(tm_year=2022, tm_mon=10, tm_mday=11, tm_hour=22, tm_min=47, tm_sec=55, tm_wday=1, tm_yday=284, tm_isdst=-1)",2022-10-11,2022,10,284,11,47,22,BUS01
2022-10-11 22:50:25,40.765617,-111.909698,1219.8,-9999.0,-9999.0,-9999.0,13.57,27.49,22.78,16.5,6.0,2.0,25.39,14.0,874.3,0.0,22.2,1.86,41.2,837.0,-9999.0,-9999.0,-9999.0,-9999.0,-9999.0,-9999.0,-9999.0,0.0,0,1,"time.struct_time(tm_year=2022, tm_mon=10, tm_mday=11, tm_hour=22, tm_min=50, tm_sec=25, tm_wday=1, tm_yday=284, tm_isdst=-1)",2022-10-11,2022,10,284,11,50,22,BUS01
2022-10-11 22:52:55,40.765648,-111.90966,1217.2,-9999.0,-9999.0,-9999.0,13.57,27.52,22.84,16.19,5.0,2.0,25.39,14.0,874.5,0.0,27.7,1.87,41.3,836.9,-9999.0,-9999.0,-9999.0,-9999.0,-9999.0,-9999.0,-9999.0,0.0,0,1,"time.struct_time(tm_year=2022, tm_mon=10, tm_mday=11, tm_hour=22, tm_min=52, tm_sec=55, tm_wday=1, tm_yday=284, tm_isdst=-1)",2022-10-11,2022,10,284,11,52,22,BUS01
2022-10-11 22:55:25,40.765854,-111.909645,1252.4,-9999.0,-9999.0,-9999.0,13.56,27.56,22.85,16.14,5.0,2.0,25.5,14.0,874.4,0.0,32.2,1.86,41.4,837.1,-9999.0,-9999.0,-9999.0,-9999.0,-9999.0,-9999.0,-9999.0,0.0,0,1,"time.struct_time(tm_year=2022, tm_mon=10, tm_mday=11, tm_hour=22, tm_min=55, tm_sec=25, tm_wday=1, tm_yday=284, tm_isdst=-1)",2022-10-11,2022,10,284,11,55,22,BUS01
2022-10-11 22:57:55,40.766087,-111.909729,1281.1,-9999.0,-9999.0,-9999.0,13.56,27.6,22.8,16.03,6.0,2.0,25.5,14.0,874.3,0.0,32.6,1.87,41.5,836.9,-9999.0,-9999.0,-9999.0,-9999.0,-9999.0,-9999.0,-9999.0,0.0,0,1,"time.struct_time(tm_year=2022, tm_mon=10, tm_mday=11, tm_hour=22, tm_min=57, tm_sec=55, tm_wday=1, tm_yday=284, tm_isdst=-1)",2022-10-11,2022,10,284,11,57,22,BUS01
2022-10-11 23:00:25,40.766048,-111.909714,1288.1,-9999.0,-9999.0,-9999.0,13.57,27.63,22.74,16.27,6.0,2.0,25.5,14.0,874.3,0.0,26.9,1.86,41.5,837.1,-9999.0,-9999.0,-9999.0,-9999.0,-9999.0,-9999.0,-9999.0,0.0,0,1,"time.struct_time(tm_year=2022, tm_mon=10, tm_mday=11, tm_hour=23, tm_min=0, tm_sec=25, tm_wday=1, tm_yday=284, tm_isdst=-1)",2022-10-11,2022,10,284,11,0,23,BUS01
2022-10-11 23:02:55,40.765827,-111.909714,1273.5,-9999.0,-9999.0,-9999.0,13.56,27.65,22.68,16.44,5.0,2.0,25.39,14.0,874.3,0.0,27.6,1.86,41.6,836.9,-9999.0,-9999.0,-9999.0,-9999.0,-9999.0,-9999.0,-9999.0,0.0,0,1,"time.struct_time(tm_year=2022, tm_mon=10, tm_mday=11, tm_hour=23, tm_min=2, tm_sec=55, tm_wday=1, tm_yday=284, tm_isdst=-1)",2022-10-11,2022,10,284,11,2,23,BUS01
2022-10-11 23:05:25,40.765823,-111.909714,1273.2,-9999.0,-9999.0,-9999.0,13.57,27.67,22.59,16.68,6.0,2.0,25.39,14.0,874.5,0.0,31.1,1.87,41.7,837.2,-9999.0,-9999.0,-9999.0,-9999.0,-9999.0,-9999.0,-9999.0,0.0,0,1,"time.struct_time(tm_year=2022, tm_mon=10, tm_mday=11, tm_hour=23, tm_min=5, tm_sec=25, tm_wday=1, tm_yday=284, tm_isdst=-1)",2022-10-11,2022,10,284,11,5,23,BUS01
2022-10-11 23:07:55,40.765823,-111.909714,1272.6,-9999.0,-9999.0,-9999.0,13.57,27.69,22.54,16.89,6.0,2.0,25.39,14.0,874.4,0.0,29.6,1.86,41.8,837.0,-9999.0,-9999.0,-9999.0,-9999.0,-9999.0,-9999.0,-9999.0,0.0,0,1,"time.struct_time(tm_year=2022, tm_mon=10, tm_mday=11, tm_hour=23, tm_min=7, tm_sec=55, tm_wday=1, tm_yday=284, tm_isdst=-1)",2022-10-11,2022,10,284,11,7,23,BUS01
2022-10-11 23:10:25,40.765816,-111.909698,1272.4,-9999.0,-9999.0,-9999.0,13.57,27.7,22.57,16.83,6.0,2.0,25.39,14.0,874.4,0.0,24.1,1.87,41.8,837.1,-9999.0,-9999.0,-9999.0,-9999.0,-9999.0,-9999.0,-9999.0,0.0,0,1,"time.struct_time(tm_year=2022, tm_mon=10, tm_mday=11, tm_hour=23, tm_min=10, tm_sec=25, tm_wday=1, tm_yday=284, tm_isdst=-1)",2022-10-11,2022,10,284,11,10,23,BUS01
2022-10-11 23:12:55,40.765823,-111.909775,1264.1,-9999.0,-9999.0,-9999.0,13.57,27.71,22.58,16.43,5.0,2.0,25.28,14.0,874.5,0.0,20.9,1.88,41.9,836.9,-9999.0,-9999.0,-9999.0,-9999.0,-9999.0,-9999.0,-9999.0,0.0,0,1,"time.struct_time(tm_year=2022, tm_mon=10, tm_mday=11, tm_hour=23, tm_min=12, tm_sec=55, tm_wday=1, tm_yday=284, tm_isdst=-1)",2022-10-11,2022,10,284,11,12,23,BUS01
2022-10-11 23:16:30,40.765533,-111.909828,1258.0,-9999.0,-9999.0,-9999.0,13.57,27.73,22.58,16.37,6.0,2.0,25.28,14.0,874.4,0.0,30.3,1.87,42.0,836.9,-9999.0,-9999.0,-9999.0,-9999.0,-9999.0,-9999.0,-9999.0,0.0,0,1,"time.struct_time(tm_year=2022, tm_mon=10, tm_mday=11, tm_hour=23, tm_min=16, tm_sec=30, tm_wday=1, tm_yday=284, tm_isdst=-1)",2022-10-11,2022,10,284,11,16,23,BUS01
2022-10-11 23:19:00,40.76582,-111.909698,1259.9,-9999.0,-9999.0,-9999.0,13.57,27.74,22.63,16.51,6.0,2.0,25.28,14.0,874.3,0.0,22.4,1.88,42.0,837.1,-9999.0,-9999.0,-9999.0,-9999.0,-9999.0,-9999.0,-9999.0,0.0,0,1,"time.struct_time(tm_year=2022, tm_mon=10, tm_mday=11, tm_hour=23, tm_min=19, tm_sec=0, tm_wday=1, tm_yday=284, tm_isdst=-1)",2022-10-11,2022,10,284,11,19,23,BUS01
2022-10-11 23:21:30,40.765701,-111.909721,1233.3,-9999.0,-9999.0,-9999.0,13.56,27.74,22.62,16.53,5.0,2.0,25.39,14.0,874.4,0.0,27.5,1.86,42.1,836.9,-9999.0,-9999.0,-9999.0,-9999.0,-9999.0,-9999.0,-9999.0,0.0,0,1,"time.struct_time(tm_year=2022, tm_mon=10, tm_mday=11, tm_hour=23, tm_min=21, tm_sec=30, tm_wday=1, tm_yday=284, tm_isdst=-1)",2022-10-11,2022,10,284,11,21,23,BUS01
2022-10-11 23:24:00,40.765709,-111.909714,1239.7,-9999.0,-9999.0,-9999.0,13.57,27.75,22.54,16.65,4.0,2.0,25.39,14.0,874.4,0.0,26.9,1.87,42.1,837.1,-9999.0,-9999.0,-9999.0,-9999.0,-9999.0,-9999.0,-9999.0,0.0,0,1,"time.struct_time(tm_year=2022, tm_mon=10, tm_mday=11, tm_hour=23, tm_min=24, tm_sec=0, tm_wday=1, tm_yday=284, tm_isdst=-1)",2022-10-11,2022,10,284,11,24,23,BUS01
2022-10-11 23:26:30,40.765339,-111.909645,1290.9,-9999.0,-9999.0,-9999.0,13.57,27.76,22.51,16.74,4.0,2.0,25.39,14.0,874.3,0.0,26.2,1.87,42.2,837.0,-9999.0,-9999.0,-9999.0,-9999.0,-9999.0,-9999.0,-9999.0,0.0,0,1,"time.struct_time(tm_year=2022, tm_mon=10, tm_mday=11, tm_hour=23, tm_min=26, tm_sec=30, tm_wday=1, tm_yday=284, tm_isdst=-1)",2022-10-11,2022,10,284,11,26,23,BUS01
2022-10-11 23:29:00,40.765457,-111.909851,1308.7,-9999.0,-9999.0,-9999.0,13.57,27.76,22.54,16.81,5.0,2.0,25.39,14.0,874.4,0.0,27.9,1.86,42.2,837.2,-9999.0,-9999.0,-9999.0,-9999.0,-9999.0,-9999.0,-9999.0,0.0,0,1,"time.struct_time(tm_year=2022, tm_mon=10, tm_mday=11, tm_hour=23, tm_min=29, tm_sec=0, tm_wday=1, tm_yday=284, tm_isdst=-1)",2022-10-11,2022,10,284,11,29,23,BUS01
2022-10-11 23:31:30,40.765678,-111.909798,1289.8,-9999.0,-9999.0,-9999.0,13.57,27.77,22.58,17.09,6.0,2.0,25.39,14.0,874.5,0.0,22.0,1.87,42.2,836.9,-9999.0,-9999.0,-9999.0,-9999.0,-9999.0,-9999.0,-9999.0,0.0,0,1,"time.struct_time(tm_year=2022, tm_mon=10, tm_mday=11, tm_hour=23, tm_min=31, tm_sec=30, tm_wday=1, tm_yday=284, tm_isdst=-1)",2022-10-11,2022,10,284,11,31,23,BUS01
2022-10-11 23:34:00,40.765572,-111.909828,1288.8,-9999.0,-9999.0,-9999.0,13.57,27.78,22.58,17.23,5.0,2.0,25.39,14.0,874.4,0.0,25.6,1.86,42.3,837.2,-9999.0,-9999.0,-9999.0,-9999.0,-9999.0,-9999.0,-9999.0,0.0,0,1,"time.struct_time(tm_year=2022, tm_mon=10, tm_mday=11, tm_hour=23, tm_min=34, tm_sec=0, tm_wday=1, tm_yday=284, tm_isdst=-1)",2022-10-11,2022,10,284,11,34,23,BUS01
2022-10-11 23:36:30,40.765396,-111.909821,1290.0,-9999.0,-9999.0,-9999.0,13.57,27.78,22.6,17.0,4.0,2.0,25.39,14.0,874.3,0.0,31.0,1.86,42.3,836.9,-9999.0,-9999.0,-9999.0,-9999.0,-9999.0,-9999.0,-9999.0,0.0,0,1,"time.struct_time(tm_year=2022, tm_mon=10, tm_mday=11, tm_hour=23, tm_min=36, tm_sec=30, tm_wday=1, tm_yday=284, tm_isdst=-1)",2022-10-11,2022,10,284,11,36,23,BUS01
2022-10-11 23:39:00,40.765324,-111.909622,1281.7,-9999.0,-9999.0,-9999.0,13.57,27.79,22.57,17.15,5.0,2.0,25.39,14.0,874.3,0.0,28.4,1.87,42.3,837.2,-9999.0,-9999.0,-9999.0,-9999.0,-9999.0,-9999.0,-9999.0,0.0,0,1,"time.struct_time(tm_year=2022, tm_mon=10, tm_mday=11, tm_hour=23, tm_min=39, tm_sec=0, tm_wday=1, tm_yday=284, tm_isdst=-1)",2022-10-11,2022,10,284,11,39,23,BUS01
2022-10-11 23:41:30,40.765606,-111.909676,1270.5,-9999.0,-9999.0,-9999.0,13.57,27.79,22.52,16.97,5.0,2.0,25.39,14.0,874.6,0.0,28.4,1.87,42.4,837.0,-9999.0,-9999.0,-9999.0,-9999.0,-9999.0,-9999.0,-9999.0,0.0,0,1,"time.struct_time(tm_year=2022, tm_mon=10, tm_mday=11, tm_hour=23, tm_min=41, tm_sec=30, tm_wday=1, tm_yday=284, tm_isdst=-1)",2022-10-11,2022,10,284,11,41,23,BUS01
2022-10-11 23:44:00,40.765564,-111.909645,1268.9,-9999.0,-9999.0,-9999.0,13.57,27.79,22.54,17.07,4.0,2.0,25.39,14.0,874.4,0.0,21.8,1.87,42.4,837.2,-9999.0,-9999.0,-9999.0,-9999.0,-9999.0,-9999.0,-9999.0,0.0,0,1,"time.struct_time(tm_year=2022, tm_mon=10, tm_mday=11, tm_hour=23, tm_min=44, tm_sec=0, tm_wday=1, tm_yday=284, tm_isdst=-1)",2022-10-11,2022,10,284,11,44,23,BUS01
2022-10-11 23:46:30,40.765587,-111.909706,1269.7,-9999.0,-9999.0,-9999.0,13.57,27.8,22.51,17.04,5.0,2.0,25.28,14.0,874.3,0.0,23.9,1.87,42.4,836.9,-9999.0,-9999.0,-9999.0,-9999.0,-9999.0,-9999.0,-9999.0,0.0,0,1,"time.struct_time(tm_year=2022, tm_mon=10, tm_mday=11, tm_hour=23, tm_min=46, tm_sec=30, tm_wday=1, tm_yday=284, tm_isdst=-1)",2022-10-11,2022,10,284,11,46,23,BUS01
2022-10-11 23:49:00,40.765575,-111.909752,1270.9,-9999.0,-9999.0,-9999.0,13.57,27.79,22.44,17.01,4.0,2.0,25.28,14.0,874.3,0.0,31.9,1.87,42.4,837.0,-9999.0,-9999.0,-9999.0,-9999.0,-9999.0,-9999.0,-9999.0,0.0,0,1,"time.struct_time(tm_year=2022, tm_mon=10, tm_mday=11, tm_hour=23, tm_min=49, tm_sec=0, tm_wday=1, tm_yday=284, tm_isdst=-1)",2022-10-11,2022,10,284,11,49,23,BUS01
2022-10-11 23:51:30,40.76572,-111.909775,1274.5,-9999.0,-9999.0,-9999.0,13.57,27.79,22.44,17.01,5.0,2.0,25.28,14.0,874.5,0.0,22.5,1.87,42.4,837.0,-9999.0,-9999.0,-9999.0,-9999.0,-9999.0,-9999.0,-9999.0,0.0,0,1,"time.struct_time(tm_year=2022, tm_mon=10, tm_mday=11, tm_hour=23, tm_min=51, tm_sec=30, tm_wday=1, tm_yday=284, tm_isdst=-1)",2022-10-11,2022,10,284,11,51,23,BUS01
2022-10-11 23:54:00,40.765594,-111.909752,1275.6,-9999.0,-9999.0,-9999.0,13.57,27.78,22.49,17.27,4.0,2.0,25.28,14.0,874.5,0.0,28.2,1.87,42.5,837.1,-9999.0,-9999.0,-9999.0,-9999.0,-9999.0,-9999.0,-9999.0,0.0,0,1,"time.struct_time(tm_year=2022, tm_mon=10, tm_mday=11, tm_hour=23, tm_min=54, tm_sec=0, tm_wday=1, tm_yday=284, tm_isdst=-1)",2022-10-11,2022,10,284,11,54,23,BUS01
2022-10-11 23:56:30,40.765549,-111.909828,1277.4,-9999.0,-9999.0,-9999.0,13.57,27.78,22.51,17.2,5.0,2.0,25.28,14.0,874.4,0.0,22.6,1.88,42.5,836.9,-9999.0,-9999.0,-9999.0,-9999.0,-9999.0,-9999.0,-9999.0,0.0,0,1,"time.struct_time(tm_year=2022, tm_mon=10, tm_mday=11, tm_hour=23, tm_min=56, tm_sec=30, tm_wday=1, tm_yday=284, tm_isdst=-1)",2022-10-11,2022,10,284,11,56,23,BUS01
2022-10-11 23:59:00,40.765491,-111.909828,1277.7,-9999.0,-9999.0,-9999.0,13.57,27.77,22.55,17.04,5.0,2.0,25.28,14.0,874.3,0.0,26.3,1.88,42.5,837.1,-9999.0,-9999.0,-9999.0,-9999.0,-9999.0,-9999.0,-9999.0,0.0,0,1,"time.struct_time(tm_year=2022, tm_mon=10, tm_mday=11, tm_hour=23, tm_min=59, tm_sec=0, tm_wday=1, tm_yday=284, tm_isdst=-1)",2022-10-11,2022,10,284,11,59,23,BUS01
2022-10-12 00:01:30,40.765865,-111.909775,1276.8,-9999.0,-9999.0,-9999.0,13.57,27.77,22.56,17.09,4.0,2.0,25.28,14.0,874.3,0.0,25.0,1.87,42.5,836.9,-9999.0,-9999.0,-9999.0,-9999.0,-9999.0,-9999.0,-9999.0,0.0,0,1,"time.struct_time(tm_year=2022, tm_mon=10, tm_mday=12, tm_hour=0, tm_min=1, tm_sec=30, tm_wday=2, tm_yday=285, tm_isdst=-1)",2022-10-12,2022,10,285,12,1,0,BUS01
2022-10-12 00:04:00,40.765766,-111.909752,1279.6,-9999.0,-9999.0,-9999.0,13.57,27.76,22.5,17.46,4.0,2.0,25.28,14.0,874.4,0.0,26.4,1.88,42.5,837.0,-9999.0,-9999.0,-9999.0,-9999.0,-9999.0,-9999.0,-9999.0,0.0,0,1,"time.struct_time(tm_year=2022, tm_mon=10, tm_mday=12, tm_hour=0, tm_min=4, tm_sec=0, tm_wday=2, tm_yday=285, tm_isdst=-1)",2022-10-12,2022,10,285,12,4,0,BUS01
2022-10-12 00:06:30,40.765659,-111.909637,1277.1,-9999.0,-9999.0,-9999.0,13.57,27.76,22.46,17.53,4.0,2.0,25.28,14.0,874.5,0.0,29.4,1.87,42.5,836.9,-9999.0,-9999.0,-9999.0,-9999.0,-9999.0,-9999.0,-9999.0,0.0,0,1,"time.struct_time(tm_year=2022, tm_mon=10, tm_mday=12, tm_hour=0, tm_min=6, tm_sec=30, tm_wday=2, tm_yday=285, tm_isdst=-1)",2022-10-12,2022,10,285,12,6,0,BUS01
2022-10-12 00:09:00,40.765759,-111.909622,1278.4,-9999.0,-9999.0,-9999.0,13.57,27.75,22.35,17.5,4.0,2.0,25.22,14.0,874.4,0.0,19.9,1.86,42.5,837.0,-9999.0,-9999.0,-9999.0,-9999.0,-9999.0,-9999.0,-9999.0,0.0,0,1,"time.struct_time(tm_year=2022, tm_mon=10, tm_mday=12, tm_hour=0, tm_min=9, tm_sec=0, tm_wday=2, tm_yday=285, tm_isdst=-1)",2022-10-12,2022,10,285,12,9,0,BUS01
2022-10-12 00:11:30,40.765747,-111.909653,1279.0,-9999.0,-9999.0,-9999.0,13.57,27.73,22.33,17.7,5.0,2.0,25.22,14.0,874.3,0.0,24.8,1.87,42.5,836.9,-9999.0,-9999.0,-9999.0,-9999.0,-9999.0,-9999.0,-9999.0,0.0,0,1,"time.struct_time(tm_year=2022, tm_mon=10, tm_mday=12, tm_hour=0, tm_min=11, tm_sec=30, tm_wday=2, tm_yday=285, tm_isdst=-1)",2022-10-12,2022,10,285,12,11,0,BUS01
2022-10-12 00:14:00,40.765701,-111.909676,1277.9,-9999.0,-9999.0,-9999.0,13.57,27.72,22.33,17.5,4.0,2.0,25.22,14.0,874.5,0.0,30.2,1.87,42.6,837.0,-9999.0,-9999.0,-9999.0,-9999.0,-9999.0,-9999.0,-9999.0,0.0,0,1,"time.struct_time(tm_year=2022, tm_mon=10, tm_mday=12, tm_hour=0, tm_min=14, tm_sec=0, tm_wday=2, tm_yday=285, tm_isdst=-1)",2022-10-12,2022,10,285,12,14,0,BUS01
2022-10-12 00:17:35,40.765705,-111.909706,1278.8,-9999.0,-9999.0,-9999.0,13.57,27.7,22.28,17.55,4.0,2.0,25.22,14.0,874.2,0.0,26.5,1.88,42.6,836.9,-9999.0,-9999.0,-9999.0,-9999.0,-9999.0,-9999.0,-9999.0,0.0,0,1,"time.struct_time(tm_year=2022, tm_mon=10, tm_mday=12, tm_hour=0, tm_min=17, tm_sec=35, tm_wday=2, tm_yday=285, tm_isdst=-1)",2022-10-12,2022,10,285,12,17,0,BUS01
2022-10-12 00:20:05,40.765774,-111.909729,1279.7,-9999.0,-9999.0,-9999.0,13.57,27.68,22.34,17.49,4.0,2.0,25.11,14.0,874.5,0.0,26.2,1.87,42.6,837.0,-9999.0,-9999.0,-9999.0,-9999.0,-9999.0,-9999.0,-9999.0,0.0,0,1,"time.struct_time(tm_year=2022, tm_mon=10, tm_mday=12, tm_hour=0, tm_min=20, tm_sec=5, tm_wday=2, tm_yday=285, tm_isdst=-1)",2022-10-12,2022,10,285,12,20,0,BUS01
2022-10-12 00:22:35,40.765755,-111.909721,1282.4,-9999.0,-9999.0,-9999.0,13.57,27.66,22.5,17.25,5.0,2.0,25.11,14.0,874.5,0.0,21.3,1.87,42.6,836.8,-9999.0,-9999.0,-9999.0,-9999.0,-9999.0,-9999.0,-9999.0,0.0,0,1,"time.struct_time(tm_year=2022, tm_mon=10, tm_mday=12, tm_hour=0, tm_min=22, tm_sec=35, tm_wday=2, tm_yday=285, tm_isdst=-1)",2022-10-12,2022,10,285,12,22,0,BUS01
2022-10-12 00:25:05,40.765766,-111.90966,1282.0,-9999.0,-9999.0,-9999.0,13.57,27.64,22.82,16.85,4.0,2.0,25.0,14.0,874.2,0.0,27.1,1.87,42.6,837.0,-9999.0,-9999.0,-9999.0,-9999.0,-9999.0,-9999.0,-9999.0,0.0,0,1,"time.struct_time(tm_year=2022, tm_mon=10, tm_mday=12, tm_hour=0, tm_min=25, tm_sec=5, tm_wday=2, tm_yday=285, tm_isdst=-1)",2022-10-12,2022,10,285,12,25,0,BUS01
2022-10-12 00:27:35,40.765675,-111.909515,1303.5,-9999.0,-9999.0,-9999.0,13.57,27.62,23.16,16.55,4.0,2.0,25.0,14.0,874.4,0.0,13.7,1.87,42.6,836.8,-9999.0,-9999.0,-9999.0,-9999.0,-9999.0,-9999.0,-9999.0,0.0,0,1,"time.struct_time(tm_year=2022, tm_mon=10, tm_mday=12, tm_hour=0, tm_min=27, tm_sec=35, tm_wday=2, tm_yday=285, tm_isdst=-1)",2022-10-12,2022,10,285,12,27,0,BUS01
2022-10-12 00:30:05,40.765656,-111.909637,1298.9,-9999.0,-9999.0,-9999.0,13.57,27.61,23.45,16.41,5.0,2.0,25.0,14.0,874.3,0.0,15.6,1.87,42.6,837.0,-9999.0,-9999.0,-9999.0,-9999.0,-9999.0,-9999.0,-9999.0,0.0,0,1,"time.struct_time(tm_year=2022, tm_mon=10, tm_mday=12, tm_hour=0, tm_min=30, tm_sec=5, tm_wday=2, tm_yday=285, tm_isdst=-1)",2022-10-12,2022,10,285,12,30,0,BUS01
2022-10-12 00:32:35,40.76569,-111.909737,1296.9,-9999.0,-9999.0,-9999.0,13.57,27.59,23.47,16.41,4.0,2.0,25.0,14.0,874.3,0.0,22.1,1.87,42.6,836.8,-9999.0,-9999.0,-9999.0,-9999.0,-9999.0,-9999.0,-9999.0,0.0,0,1,"time.struct_time(tm_year=2022, tm_mon=10, tm_mday=12, tm_hour=0, tm_min=32, tm_sec=35, tm_wday=2, tm_yday=285, tm_isdst=-1)",2022-10-12,2022,10,285,12,32,0,BUS01
2022-10-12 00:35:05,40.765594,-111.90966,1294.9,-9999.0,-9999.0,-9999.0,13.57,27.58,23.26,16.66,4.0,2.0,25.0,14.0,874.3,0.0,23.0,1.86,42.5,837.0,-9999.0,-9999.0,-9999.0,-9999.0,-9999.0,-9999.0,-9999.0,0.0,0,1,"time.struct_time(tm_year=2022, tm_mon=10, tm_mday=12, tm_hour=0, tm_min=35, tm_sec=5, tm_wday=2, tm_yday=285, tm_isdst=-1)",2022-10-12,2022,10,285,12,35,0,BUS01
2022-10-12 00:37:35,40.765614,-111.909622,1295.7,-9999.0,-9999.0,-9999.0,13.57,27.56,22.96,16.83,4.0,2.0,25.0,14.0,874.3,0.0,25.1,1.87,42.5,836.8,-9999.0,-9999.0,-9999.0,-9999.0,-9999.0,-9999.0,-9999.0,0.0,0,1,"time.struct_time(tm_year=2022, tm_mon=10, tm_mday=12, tm_hour=0, tm_min=37, tm_sec=35, tm_wday=2, tm_yday=285, tm_isdst=-1)",2022-10-12,2022,10,285,12,37,0,BUS01
2022-10-12 00:40:05,40.765667,-111.909737,1292.0,-9999.0,-9999.0,-9999.0,13.57,27.54,22.56,17.39,5.0,2.0,24.89,14.0,874.4,0.0,28.0,1.88,42.5,837.0,-9999.0,-9999.0,-9999.0,-9999.0,-9999.0,-9999.0,-9999.0,0.0,0,1,"time.struct_time(tm_year=2022, tm_mon=10, tm_mday=12, tm_hour=0, tm_min=40, tm_sec=5, tm_wday=2, tm_yday=285, tm_isdst=-1)",2022-10-12,2022,10,285,12,40,0,BUS01
2022-10-12 00:42:35,40.765671,-111.909752,1289.3,-9999.0,-9999.0,-9999.0,13.57,27.52,22.26,17.89,4.0,2.0,24.89,14.0,874.5,0.0,24.1,1.88,42.5,836.8,-9999.0,-9999.0,-9999.0,-9999.0,-9999.0,-9999.0,-9999.0,0.0,0,1,"time.struct_time(tm_year=2022, tm_mon=10, tm_mday=12, tm_hour=0, tm_min=42, tm_sec=35, tm_wday=2, tm_yday=285, tm_isdst=-1)",2022-10-12,2022,10,285,12,42,0,BUS01
2022-10-12 00:45:05,40.765667,-111.909767,1284.6,-9999.0,-9999.0,-9999.0,13.57,27.49,22.08,17.82,4.0,2.0,24.78,14.0,874.5,0.0,27.2,1.88,42.5,837.0,-9999.0,-9999.0,-9999.0,-9999.0,-9999.0,-9999.0,-9999.0,0.0,0,1,"time.struct_time(tm_year=2022, tm_mon=10, tm_mday=12, tm_hour=0, tm_min=45, tm_sec=5, tm_wday=2, tm_yday=285, tm_isdst=-1)",2022-10-12,2022,10,285,12,45,0,BUS01
2022-10-12 00:47:35,40.765667,-111.909767,1273.3,-9999.0,-9999.0,-9999.0,13.57,27.45,21.93,18.0,4.0,2.0,24.78,14.0,874.5,0.0,21.8,1.87,42.5,836.8,-9999.0,-9999.0,-9999.0,-9999.0,-9999.0,-9999.0,-9999.0,0.0,0,1,"time.struct_time(tm_year=2022, tm_mon=10, tm_mday=12, tm_hour=0, tm_min=47, tm_sec=35, tm_wday=2, tm_yday=285, tm_isdst=-1)",2022-10-12,2022,10,285,12,47,0,BUS01
2022-10-12 00:50:20,40.765633,-111.909752,1343.0,-9999.0,-9999.0,-9999.0,13.57,27.41,21.8,18.42,4.0,2.0,24.72,14.0,874.4,0.0,25.8,1.89,42.5,837.0,-9999.0,-9999.0,-9999.0,-9999.0,-9999.0,-9999.0,-9999.0,0.0,0,1,"time.struct_time(tm_year=2022, tm_mon=10, tm_mday=12, tm_hour=0, tm_min=50, tm_sec=20, tm_wday=2, tm_yday=285, tm_isdst=-1)",2022-10-12,2022,10,285,12,50,0,BUS01
2022-10-12 00:52:50,40.765766,-111.909645,1275.5,-9999.0,-9999.0,-9999.0,13.57,27.37,21.67,18.67,5.0,2.0,24.61,14.0,874.4,0.0,21.4,1.87,42.5,837.0,-9999.0,-9999.0,-9999.0,-9999.0,-9999.0,-9999.0,-9999.0,0.0,0,1,"time.struct_time(tm_year=2022, tm_mon=10, tm_mday=12, tm_hour=0, tm_min=52, tm_sec=50, tm_wday=2, tm_yday=285, tm_isdst=-1)",2022-10-12,2022,10,285,12,52,0,BUS01
2022-10-12 00:55:20,40.765877,-111.909622,1266.8,-9999.0,-9999.0,-9999.0,13.57,27.33,21.57,18.91,4.0,2.0,24.61,14.0,874.6,0.0,19.2,1.87,42.5,837.1,-9999.0,-9999.0,-9999.0,-9999.0,-9999.0,-9999.0,-9999.0,0.0,0,1,"time.struct_time(tm_year=2022, tm_mon=10, tm_mday=12, tm_hour=0, tm_min=55, tm_sec=20, tm_wday=2, tm_yday=285, tm_isdst=-1)",2022-10-12,2022,10,285,12,55,0,BUS01
2022-10-12 00:57:50,40.765793,-111.909721,1263.1,-9999.0,-9999.0,-9999.0,13.57,27.29,21.51,18.93,4.0,2.0,24.5,14.0,874.4,0.0,22.3,1.87,42.4,837.0,-9999.0,-9999.0,-9999.0,-9999.0,-9999.0,-9999.0,-9999.0,0.0,0,1,"time.struct_time(tm_year=2022, tm_mon=10, tm_mday=12, tm_hour=0, tm_min=57, tm_sec=50, tm_wday=2, tm_yday=285, tm_isdst=-1)",2022-10-12,2022,10,285,12,57,0,BUS01
2022-10-12 01:00:20,40.765858,-111.90976,1269.5,-9999.0,-9999.0,-9999.0,13.57,27.25,21.42,19.2,4.0,2.0,24.5,14.0,874.5,0.0,28.7,1.86,42.4,837.2,-9999.0,-9999.0,-9999.0,-9999.0,-9999.0,-9999.0,-9999.0,0.0,0,1,"time.struct_time(tm_year=2022, tm_mon=10, tm_mday=12, tm_hour=1, tm_min=0, tm_sec=20, tm_wday=2, tm_yday=285, tm_isdst=-1)",2022-10-12,2022,10,285,12,0,1,BUS01
2022-10-12 01:02:50,40.765686,-111.90979,1252.5,-9999.0,-9999.0,-9999.0,13.57,27.2,21.37,19.56,5.0,2.0,24.39,14.0,874.6,0.0,22.7,1.86,42.4,837.0,-9999.0,-9999.0,-9999.0,-9999.0,-9999.0,-9999.0,-9999.0,0.0,0,1,"time.struct_time(tm_year=2022, tm_mon=10, tm_mday=12, tm_hour=1, tm_min=2, tm_sec=50, tm_wday=2, tm_yday=285, tm_isdst=-1)",2022-10-12,2022,10,285,12,2,1,BUS01
2022-10-12 01:05:20,40.765766,-111.909706,1247.6,-9999.0,-9999.0,-9999.0,13.57,27.15,21.3,19.45,5.0,2.0,24.39,14.0,874.4,0.0,28.8,1.87,42.4,837.2,-9999.0,-9999.0,-9999.0,-9999.0,-9999.0,-9999.0,-9999.0,0.0,0,1,"time.struct_time(tm_year=2022, tm_mon=10, tm_mday=12, tm_hour=1, tm_min=5, tm_sec=20, tm_wday=2, tm_yday=285, tm_isdst=-1)",2022-10-12,2022,10,285,12,5,1,BUS01
2022-10-12 01:07:50,40.765804,-111.909637,1262.3,-9999.0,-9999.0,-9999.0,13.57,27.1,21.22,19.77,5.0,2.0,24.28,14.0,874.5,0.0,25.3,1.86,42.3,837.0,-9999.0,-9999.0,-9999.0,-9999.0,-9999.0,-9999.0,-9999.0,0.0,0,1,"time.struct_time(tm_year=2022, tm_mon=10, tm_mday=12, tm_hour=1, tm_min=7, tm_sec=50, tm_wday=2, tm_yday=285, tm_isdst=-1)",2022-10-12,2022,10,285,12,7,1,BUS01
2022-10-12 01:10:20,40.765965,-111.909737,1275.7,-9999.0,-9999.0,-9999.0,13.57,27.06,21.03,20.3,5.0,2.0,24.22,14.0,874.8,0.0,25.8,1.87,42.3,837.2,-9999.0,-9999.0,-9999.0,-9999.0,-9999.0,-9999.0,-9999.0,0.0,0,1,"time.struct_time(tm_year=2022, tm_mon=10, tm_mday=12, tm_hour=1, tm_min=10, tm_sec=20, tm_wday=2, tm_yday=285, tm_isdst=-1)",2022-10-12,2022,10,285,12,10,1,BUS01
2022-10-12 01:12:50,40.765858,-111.909676,1257.7,-9999.0,-9999.0,-9999.0,13.57,27.01,20.91,20.45,5.0,2.0,24.22,14.0,874.5,0.0,25.6,1.89,42.3,837.1,-9999.0,-9999.0,-9999.0,-9999.0,-9999.0,-9999.0,-9999.0,0.0,0,1,"time.struct_time(tm_year=2022, tm_mon=10, tm_mday=12, tm_hour=1, tm_min=12, tm_sec=50, tm_wday=2, tm_yday=285, tm_isdst=-1)",2022-10-12,2022,10,285,12,12,1,BUS01
2022-10-12 01:15:20,40.765686,-111.909698,1268.2,-9999.0,-9999.0,-9999.0,13.57,26.96,20.85,20.26,4.0,2.0,24.11,14.0,874.6,0.0,26.4,1.88,42.3,837.3,-9999.0,-9999.0,-9999.0,-9999.0,-9999.0,-9999.0,-9999.0,0.0,0,1,"time.struct_time(tm_year=2022, tm_mon=10, tm_mday=12, tm_hour=1, tm_min=15, tm_sec=20, tm_wday=2, tm_yday=285, tm_isdst=-1)",2022-10-12,2022,10,285,12,15,1,BUS01
2022-10-12 01:18:55,40.765732,-111.909729,1271.0,-9999.0,-9999.0,-9999.0,13.57,26.88,20.78,20.41,6.0,2.0,24.0,14.0,874.7,0.0,24.1,1.86,42.2,837.2,-9999.0,-9999.0,-9999.0,-9999.0,-9999.0,-9999.0,-9999.0,0.0,0,1,"time.struct_time(tm_year=2022, tm_mon=10, tm_mday=12, tm_hour=1, tm_min=18, tm_sec=55, tm_wday=2, tm_yday=285, tm_isdst=-1)",2022-10-12,2022,10,285,12,18,1,BUS01
2022-10-12 01:21:25,40.765701,-111.909798,1263.5,-9999.0,-9999.0,-9999.0,13.57,26.83,20.71,20.46,5.0,2.0,23.89,14.0,874.8,0.0,25.3,1.87,42.2,837.4,-9999.0,-9999.0,-9999.0,-9999.0,-9999.0,-9999.0,-9999.0,0.0,0,1,"time.struct_time(tm_year=2022, tm_mon=10, tm_mday=12, tm_hour=1, tm_min=21, tm_sec=25, tm_wday=2, tm_yday=285, tm_isdst=-1)",2022-10-12,2022,10,285,12,21,1,BUS01
2022-10-12 01:23:55,40.765812,-111.909737,1265.5,-9999.0,-9999.0,-9999.0,13.57,26.78,20.59,20.58,5.0,2.0,23.89,14.0,874.8,0.0,28.4,1.87,42.1,837.3,-9999.0,-9999.0,-9999.0,-9999.0,-9999.0,-9999.0,-9999.0,0.0,0,1,"time.struct_time(tm_year=2022, tm_mon=10, tm_mday=12, tm_hour=1, tm_min=23, tm_sec=55, tm_wday=2, tm_yday=285, tm_isdst=-1)",2022-10-12,2022,10,285,12,23,1,BUS01
2022-10-12 01:26:25,40.765862,-111.909683,1270.3,-9999.0,-9999.0,-9999.0,13.56,26.72,20.51,20.74,6.0,2.0,23.78,14.0,874.7,0.0,26.7,1.87,42.1,837.4,-9999.0,-9999.0,-9999.0,-9999.0,-9999.0,-9999.0,-9999.0,0.0,0,1,"time.struct_time(tm_year=2022, tm_mon=10, tm_mday=12, tm_hour=1, tm_min=26, tm_sec=25, tm_wday=2, tm_yday=285, tm_isdst=-1)",2022-10-12,2022,10,285,12,26,1,BUS01
2022-10-12 01:28:55,40.765862,-111.909752,1274.2,-9999.0,-9999.0,-9999.0,13.57,26.66,20.46,21.06,5.0,2.0,23.78,14.0,874.8,0.0,26.4,1.88,42.1,837.4,-9999.0,-9999.0,-9999.0,-9999.0,-9999.0,-9999.0,-9999.0,0.0,0,1,"time.struct_time(tm_year=2022, tm_mon=10, tm_mday=12, tm_hour=1, tm_min=28, tm_sec=55, tm_wday=2, tm_yday=285, tm_isdst=-1)",2022-10-12,2022,10,285,12,28,1,BUS01
2022-10-12 01:31:25,40.765842,-111.909691,1286.7,-9999.0,-9999.0,-9999.0,13.57,26.6,20.31,21.15,5.0,2.0,23.72,14.0,874.8,0.0,25.9,1.86,42.0,837.5,-9999.0,-9999.0,-9999.0,-9999.0,-9999.0,-9999.0,-9999.0,0.0,0,1,"time.struct_time(tm_year=2022, tm_mon=10, tm_mday=12, tm_hour=1, tm_min=31, tm_sec=25, tm_wday=2, tm_yday=285, tm_isdst=-1)",2022-10-12,2022,10,285,12,31,1,BUS01
2022-10-12 01:33:55,40.765713,-111.909767,1285.1,-9999.0,-9999.0,-9999.0,13.57,26.54,20.23,21.22,6.0,2.0,23.61,14.0,875.0,0.0,23.0,1.86,42.0,837.4,-9999.0,-9999.0,-9999.0,-9999.0,-9999.0,-9999.0,-9999.0,0.0,0,1,"time.struct_time(tm_year=2022, tm_mon=10, tm_mday=12, tm_hour=1, tm_min=33, tm_sec=55, tm_wday=2, tm_yday=285, tm_isdst=-1)",2022-10-12,2022,10,285,12,33,1,BUS01
2022-10-12 01:36:25,40.765739,-111.909866,1286.1,-9999.0,-9999.0,-9999.0,13.56,26.48,20.15,21.24,5.0,2.0,23.5,14.0,875.0,0.0,26.0,1.86,41.9,837.5,-9999.0,-9999.0,-9999.0,-9999.0,-9999.0,-9999.0,-9999.0,0.0,0,1,"time.struct_time(tm_year=2022, tm_mon=10, tm_mday=12, tm_hour=1, tm_min=36, tm_sec=25, tm_wday=2, tm_yday=285, tm_isdst=-1)",2022-10-12,2022,10,285,12,36,1,BUS01
2022-10-12 01:38:55,40.7658,-111.909775,1273.8,-9999.0,-9999.0,-9999.0,13.57,26.42,20.03,21.36,6.0,2.0,23.39,14.0,875.1,0.0,22.7,1.86,41.9,837.4,-9999.0,-9999.0,-9999.0,-9999.0,-9999.0,-9999.0,-9999.0,0.0,0,1,"time.struct_time(tm_year=2022, tm_mon=10, tm_mday=12, tm_hour=1, tm_min=38, tm_sec=55, tm_wday=2, tm_yday=285, tm_isdst=-1)",2022-10-12,2022,10,285,12,38,1,BUS01
2022-10-12 01:41:25,40.765656,-111.909676,1288.7,-9999.0,-9999.0,-9999.0,13.57,26.35,19.95,21.54,5.0,2.0,23.39,14.0,874.9,0.0,18.9,1.87,41.8,837.6,-9999.0,-9999.0,-9999.0,-9999.0,-9999.0,-9999.0,-9999.0,0.0,0,1,"time.struct_time(tm_year=2022, tm_mon=10, tm_mday=12, tm_hour=1, tm_min=41, tm_sec=25, tm_wday=2, tm_yday=285, tm_isdst=-1)",2022-10-12,2022,10,285,12,41,1,BUS01
2022-10-12 01:43:55,40.765846,-111.909851,1297.7,-9999.0,-9999.0,-9999.0,13.57,26.29,19.87,21.92,6.0,2.0,23.28,14.0,875.0,0.0,29.9,1.86,41.8,837.4,-9999.0,-9999.0,-9999.0,-9999.0,-9999.0,-9999.0,-9999.0,0.0,0,1,"time.struct_time(tm_year=2022, tm_mon=10, tm_mday=12, tm_hour=1, tm_min=43, tm_sec=55, tm_wday=2, tm_yday=285, tm_isdst=-1)",2022-10-12,2022,10,285,12,43,1,BUS01
2022-10-12 01:46:25,40.765938,-111.909714,1281.6,-9999.0,-9999.0,-9999.0,13.57,26.22,19.79,21.88,5.0,2.0,23.22,15.0,875.0,0.0,27.6,1.86,41.8,837.6,-9999.0,-9999.0,-9999.0,-9999.0,-9999.0,-9999.0,-9999.0,0.0,0,1,"time.struct_time(tm_year=2022, tm_mon=10, tm_mday=12, tm_hour=1, tm_min=46, tm_sec=25, tm_wday=2, tm_yday=285, tm_isdst=-1)",2022-10-12,2022,10,285,12,46,1,BUS01
2022-10-12 01:48:55,40.766041,-111.909607,1273.6,-9999.0,-9999.0,-9999.0,13.57,26.16,19.69,22.04,6.0,2.0,23.22,15.0,875.2,0.0,28.6,1.86,41.7,837.5,-9999.0,-9999.0,-9999.0,-9999.0,-9999.0,-9999.0,-9999.0,0.0,0,1,"time.struct_time(tm_year=2022, tm_mon=10, tm_mday=12, tm_hour=1, tm_min=48, tm_sec=55, tm_wday=2, tm_yday=285, tm_isdst=-1)",2022-10-12,2022,10,285,12,48,1,BUS01
2022-10-12 01:51:25,40.765827,-111.909775,1271.7,-9999.0,-9999.0,-9999.0,13.57,26.09,19.54,21.98,4.0,2.0,23.11,14.0,875.0,0.0,30.2,1.87,41.7,837.7,-9999.0,-9999.0,-9999.0,-9999.0,-9999.0,-9999.0,-9999.0,0.0,0,1,"time.struct_time(tm_year=2022, tm_mon=10, tm_mday=12, tm_hour=1, tm_min=51, tm_sec=25, tm_wday=2, tm_yday=285, tm_isdst=-1)",2022-10-12,2022,10,285,12,51,1,BUS01
2022-10-12 01:53:55,40.765762,-111.909676,1285.9,-9999.0,-9999.0,-9999.0,13.57,26.02,19.4,22.14,5.0,2.0,23.0,14.0,875.1,0.0,29.0,1.86,41.6,837.6,-9999.0,-9999.0,-9999.0,-9999.0,-9999.0,-9999.0,-9999.0,0.0,0,1,"time.struct_time(tm_year=2022, tm_mon=10, tm_mday=12, tm_hour=1, tm_min=53, tm_sec=55, tm_wday=2, tm_yday=285, tm_isdst=-1)",2022-10-12,2022,10,285,12,53,1,BUS01
2022-10-12 01:56:25,40.765671,-111.90979,1284.5,-9999.0,-9999.0,-9999.0,13.57,25.95,19.25,22.26,5.0,2.0,22.89,14.0,875.1,0.0,30.7,1.86,41.5,837.7,-9999.0,-9999.0,-9999.0,-9999.0,-9999.0,-9999.0,-9999.0,0.0,0,1,"time.struct_time(tm_year=2022, tm_mon=10, tm_mday=12, tm_hour=1, tm_min=56, tm_sec=25, tm_wday=2, tm_yday=285, tm_isdst=-1)",2022-10-12,2022,10,285,12,56,1,BUS01
2022-10-12 01:58:55,40.765747,-111.909615,1277.6,-9999.0,-9999.0,-9999.0,13.57,25.88,19.18,22.79,5.0,2.0,22.78,14.0,875.2,0.0,26.4,1.86,41.5,837.6,-9999.0,-9999.0,-9999.0,-9999.0,-9999.0,-9999.0,-9999.0,0.0,0,1,"time.struct_time(tm_year=2022, tm_mon=10, tm_mday=12, tm_hour=1, tm_min=58, tm_sec=55, tm_wday=2, tm_yday=285, tm_isdst=-1)",2022-10-12,2022,10,285,12,58,1,BUS01
2022-10-12 02:01:25,40.765728,-111.909637,1279.5,-9999.0,-9999.0,-9999.0,13.57,25.81,19.18,22.69,5.0,2.0,22.72,15.0,875.1,0.0,27.6,1.85,41.4,837.8,-9999.0,-9999.0,-9999.0,-9999.0,-9999.0,-9999.0,-9999.0,0.0,0,1,"time.struct_time(tm_year=2022, tm_mon=10, tm_mday=12, tm_hour=2, tm_min=1, tm_sec=25, tm_wday=2, tm_yday=285, tm_isdst=-1)",2022-10-12,2022,10,285,12,1,2,BUS01
2022-10-12 02:03:55,40.765766,-111.909714,1268.9,-9999.0,-9999.0,-9999.0,13.57,25.73,19.1,22.48,5.0,2.0,22.61,15.0,875.2,0.0,29.6,1.86,41.4,837.6,-9999.0,-9999.0,-9999.0,-9999.0,-9999.0,-9999.0,-9999.0,0.0,0,1,"time.struct_time(tm_year=2022, tm_mon=10, tm_mday=12, tm_hour=2, tm_min=3, tm_sec=55, tm_wday=2, tm_yday=285, tm_isdst=-1)",2022-10-12,2022,10,285,12,3,2,BUS01
2022-10-12 02:06:25,40.765842,-111.90979,1277.4,-9999.0,-9999.0,-9999.0,13.57,25.66,19.02,22.72,4.0,2.0,22.61,15.0,875.0,0.0,32.6,1.87,41.3,837.8,-9999.0,-9999.0,-9999.0,-9999.0,-9999.0,-9999.0,-9999.0,0.0,0,1,"time.struct_time(tm_year=2022, tm_mon=10, tm_mday=12, tm_hour=2, tm_min=6, tm_sec=25, tm_wday=2, tm_yday=285, tm_isdst=-1)",2022-10-12,2022,10,285,12,6,2,BUS01
2022-10-12 02:08:55,40.765743,-111.909706,1270.9,-9999.0,-9999.0,-9999.0,13.57,25.58,18.94,22.81,5.0,2.0,22.5,15.0,875.0,0.0,29.2,1.86,41.3,837.7,-9999.0,-9999.0,-9999.0,-9999.0,-9999.0,-9999.0,-9999.0,0.0,0,1,"time.struct_time(tm_year=2022, tm_mon=10, tm_mday=12, tm_hour=2, tm_min=8, tm_sec=55, tm_wday=2, tm_yday=285, tm_isdst=-1)",2022-10-12,2022,10,285,12,8,2,BUS01
2022-10-12 02:11:25,40.765694,-111.909653,1253.2,-9999.0,-9999.0,-9999.0,13.57,25.51,18.92,22.87,4.0,2.0,22.39,15.0,875.1,0.0,29.4,1.86,41.2,837.7,-9999.0,-9999.0,-9999.0,-9999.0,-9999.0,-9999.0,-9999.0,0.0,0,1,"time.struct_time(tm_year=2022, tm_mon=10, tm_mday=12, tm_hour=2, tm_min=11, tm_sec=25, tm_wday=2, tm_yday=285, tm_isdst=-1)",2022-10-12,2022,10,285,12,11,2,BUS01
2022-10-12 02:13:55,40.765717,-111.909645,1297.4,-9999.0,-9999.0,-9999.0,13.6,25.43,18.86,22.8,4.0,2.0,22.28,15.0,875.1,0.0,27.7,1.86,41.1,837.7,-9999.0,-9999.0,-9999.0,-9999.0,-9999.0,-9999.0,-9999.0,0.0,0,1,"time.struct_time(tm_year=2022, tm_mon=10, tm_mday=12, tm_hour=2, tm_min=13, tm_sec=55, tm_wday=2, tm_yday=285, tm_isdst=-1)",2022-10-12,2022,10,285,12,13,2,BUS01
2022-10-12 02:16:25,40.765709,-111.909782,1271.2,-9999.0,-9999.0,-9999.0,13.61,25.36,18.84,22.9,4.0,2.0,22.28,15.0,875.2,0.0,26.9,1.86,41.1,837.9,-9999.0,-9999.0,-9999.0,-9999.0,-9999.0,-9999.0,-9999.0,0.0,0,1,"time.struct_time(tm_year=2022, tm_mon=10, tm_mday=12, tm_hour=2, tm_min=16, tm_sec=25, tm_wday=2, tm_yday=285, tm_isdst=-1)",2022-10-12,2022,10,285,12,16,2,BUS01
2022-10-12 02:20:00,40.765736,-111.909615,1278.3,-9999.0,-9999.0,-9999.0,13.6,25.25,18.86,23.35,5.0,2.0,22.22,15.0,875.3,0.0,27.3,1.86,41.0,837.9,-9999.0,-9999.0,-9999.0,-9999.0,-9999.0,-9999.0,-9999.0,0.0,0,1,"time.struct_time(tm_year=2022, tm_mon=10, tm_mday=12, tm_hour=2, tm_min=20, tm_sec=0, tm_wday=2, tm_yday=285, tm_isdst=-1)",2022-10-12,2022,10,285,12,20,2,BUS01
2022-10-12 02:22:30,40.765896,-111.909691,1265.0,-9999.0,-9999.0,-9999.0,13.6,25.19,18.88,23.15,4.0,2.0,22.11,15.0,875.4,0.0,28.8,1.87,40.9,837.8,-9999.0,-9999.0,-9999.0,-9999.0,-9999.0,-9999.0,-9999.0,0.0,0,1,"time.struct_time(tm_year=2022, tm_mon=10, tm_mday=12, tm_hour=2, tm_min=22, tm_sec=30, tm_wday=2, tm_yday=285, tm_isdst=-1)",2022-10-12,2022,10,285,12,22,2,BUS01
2022-10-12 02:25:00,40.765732,-111.909698,1220.0,-9999.0,-9999.0,-9999.0,13.61,25.12,18.88,23.21,5.0,2.0,22.11,15.0,875.3,0.0,25.9,1.85,40.9,837.9,-9999.0,-9999.0,-9999.0,-9999.0,-9999.0,-9999.0,-9999.0,0.0,0,1,"time.struct_time(tm_year=2022, tm_mon=10, tm_mday=12, tm_hour=2, tm_min=25, tm_sec=0, tm_wday=2, tm_yday=285, tm_isdst=-1)",2022-10-12,2022,10,285,12,25,2,BUS01
2022-10-12 02:27:30,40.76556,-111.90963,1244.0,-9999.0,-9999.0,-9999.0,13.6,25.06,18.9,23.15,5.0,2.0,22.0,15.0,875.3,0.0,25.7,1.86,40.8,837.8,-9999.0,-9999.0,-9999.0,-9999.0,-9999.0,-9999.0,-9999.0,0.0,0,1,"time.struct_time(tm_year=2022, tm_mon=10, tm_mday=12, tm_hour=2, tm_min=27, tm_sec=30, tm_wday=2, tm_yday=285, tm_isdst=-1)",2022-10-12,2022,10,285,12,27,2,BUS01
2022-10-12 02:30:00,40.765728,-111.90966,1251.7,-9999.0,-9999.0,-9999.0,13.6,25.01,18.94,22.99,5.0,2.0,22.0,15.0,875.3,0.0,25.4,1.86,40.7,838.0,-9999.0,-9999.0,-9999.0,-9999.0,-9999.0,-9999.0,-9999.0,0.0,0,1,"time.struct_time(tm_year=2022, tm_mon=10, tm_mday=12, tm_hour=2, tm_min=30, tm_sec=0, tm_wday=2, tm_yday=285, tm_isdst=-1)",2022-10-12,2022,10,285,12,30,2,BUS01
2022-10-12 02:32:30,40.765671,-111.909706,1246.2,-9999.0,-9999.0,-9999.0,13.6,24.95,18.94,23.05,6.0,2.0,21.89,15.0,875.4,0.0,20.9,1.85,40.7,837.9,-9999.0,-9999.0,-9999.0,-9999.0,-9999.0,-9999.0,-9999.0,0.0,0,1,"time.struct_time(tm_year=2022, tm_mon=10, tm_mday=12, tm_hour=2, tm_min=32, tm_sec=30, tm_wday=2, tm_yday=285, tm_isdst=-1)",2022-10-12,2022,10,285,12,32,2,BUS01
2022-10-12 02:35:00,40.765701,-111.90976,1257.1,-9999.0,-9999.0,-9999.0,13.6,24.9,18.94,23.09,5.0,2.0,21.89,15.0,875.6,0.0,19.4,1.86,40.6,838.1,-9999.0,-9999.0,-9999.0,-9999.0,-9999.0,-9999.0,-9999.0,0.0,0,1,"time.struct_time(tm_year=2022, tm_mon=10, tm_mday=12, tm_hour=2, tm_min=35, tm_sec=0, tm_wday=2, tm_yday=285, tm_isdst=-1)",2022-10-12,2022,10,285,12,35,2,BUS01
2022-10-12 02:37:30,40.765671,-111.90979,1254.4,-9999.0,-9999.0,-9999.0,13.6,24.85,18.92,23.15,4.0,2.0,21.89,15.0,875.4,0.0,13.9,1.86,40.6,838.0,-9999.0,-9999.0,-9999.0,-9999.0,-9999.0,-9999.0,-9999.0,0.0,0,1,"time.struct_time(tm_year=2022, tm_mon=10, tm_mday=12, tm_hour=2, tm_min=37, tm_sec=30, tm_wday=2, tm_yday=285, tm_isdst=-1)",2022-10-12,2022,10,285,12,37,2,BUS01
2022-10-12 02:40:00,40.765564,-111.909683,1262.4,-9999.0,-9999.0,-9999.0,13.6,24.8,18.86,23.71,5.0,2.0,21.78,15.0,875.6,0.0,11.9,1.87,40.5,838.2,-9999.0,-9999.0,-9999.0,-9999.0,-9999.0,-9999.0,-9999.0,0.0,0,1,"time.struct_time(tm_year=2022, tm_mon=10, tm_mday=12, tm_hour=2, tm_min=40, tm_sec=0, tm_wday=2, tm_yday=285, tm_isdst=-1)",2022-10-12,2022,10,285,12,40,2,BUS01
2022-10-12 02:42:30,40.765678,-111.90966,1250.8,-9999.0,-9999.0,-9999.0,13.61,24.75,18.82,24.53,6.0,2.0,21.78,16.0,875.6,0.0,9.1,1.86,40.5,838.1,-9999.0,-9999.0,-9999.0,-9999.0,-9999.0,-9999.0,-9999.0,0.0,0,1,"time.struct_time(tm_year=2022, tm_mon=10, tm_mday=12, tm_hour=2, tm_min=42, tm_sec=30, tm_wday=2, tm_yday=285, tm_isdst=-1)",2022-10-12,2022,10,285,12,42,2,BUS01
2022-10-12 02:45:00,40.765839,-111.909653,1258.8,-9999.0,-9999.0,-9999.0,13.6,24.71,18.75,24.98,5.0,2.0,21.78,16.0,875.8,0.0,12.7,1.86,40.4,838.3,-9999.0,-9999.0,-9999.0,-9999.0,-9999.0,-9999.0,-9999.0,0.0,0,1,"time.struct_time(tm_year=2022, tm_mon=10, tm_mday=12, tm_hour=2, tm_min=45, tm_sec=0, tm_wday=2, tm_yday=285, tm_isdst=-1)",2022-10-12,2022,10,285,12,45,2,BUS01
2022-10-12 02:47:30,40.765755,-111.909866,1252.6,-9999.0,-9999.0,-9999.0,13.61,24.66,18.62,25.28,5.0,2.0,21.72,16.0,875.6,0.0,16.7,1.86,40.4,838.1,-9999.0,-9999.0,-9999.0,-9999.0,-9999.0,-9999.0,-9999.0,0.0,0,1,"time.struct_time(tm_year=2022, tm_mon=10, tm_mday=12, tm_hour=2, tm_min=47, tm_sec=30, tm_wday=2, tm_yday=285, tm_isdst=-1)",2022-10-12,2022,10,285,12,47,2,BUS01
2022-10-12 02:50:00,40.765678,-111.909645,1259.6,-9999.0,-9999.0,-9999.0,13.6,24.62,18.54,25.46,5.0,2.0,21.72,16.0,875.6,0.0,14.4,1.85,40.3,838.3,-9999.0,-9999.0,-9999.0,-9999.0,-9999.0,-9999.0,-9999.0,0.0,0,1,"time.struct_time(tm_year=2022, tm_mon=10, tm_mday=12, tm_hour=2, tm_min=50, tm_sec=0, tm_wday=2, tm_yday=285, tm_isdst=-1)",2022-10-12,2022,10,285,12,50,2,BUS01
2022-10-12 02:52:30,40.765762,-111.909645,1255.4,-9999.0,-9999.0,-9999.0,13.6,24.58,18.46,25.54,7.0,2.0,21.61,16.0,875.8,0.0,13.3,1.88,40.3,838.2,-9999.0,-9999.0,-9999.0,-9999.0,-9999.0,-9999.0,-9999.0,0.0,0,1,"time.struct_time(tm_year=2022, tm_mon=10, tm_mday=12, tm_hour=2, tm_min=52, tm_sec=30, tm_wday=2, tm_yday=285, tm_isdst=-1)",2022-10-12,2022,10,285,12,52,2,BUS01
2022-10-12 02:55:00,40.765701,-111.909607,1255.2,-9999.0,-9999.0,-9999.0,13.6,24.53,18.38,25.68,5.0,2.0,21.61,16.0,875.8,0.0,5.5,1.85,40.2,838.4,-9999.0,-9999.0,-9999.0,-9999.0,-9999.0,-9999.0,-9999.0,0.0,0,1,"time.struct_time(tm_year=2022, tm_mon=10, tm_mday=12, tm_hour=2, tm_min=55, tm_sec=0, tm_wday=2, tm_yday=285, tm_isdst=-1)",2022-10-12,2022,10,285,12,55,2,BUS01
2022-10-12 02:57:30,40.765797,-111.909531,1274.7,-9999.0,-9999.0,-9999.0,13.6,24.49,18.32,25.66,5.0,2.0,21.61,16.0,875.7,0.0,10.5,1.86,40.2,838.3,-9999.0,-9999.0,-9999.0,-9999.0,-9999.0,-9999.0,-9999.0,0.0,0,1,"time.struct_time(tm_year=2022, tm_mon=10, tm_mday=12, tm_hour=2, tm_min=57, tm_sec=30, tm_wday=2, tm_yday=285, tm_isdst=-1)",2022-10-12,2022,10,285,12,57,2,BUS01
2022-10-12 03:00:00,40.766003,-111.909683,1271.7,-9999.0,-9999.0,-9999.0,13.61,24.45,18.3,25.68,5.0,2.0,21.5,16.0,875.9,0.0,10.9,1.86,40.1,838.4,-9999.0,-9999.0,-9999.0,-9999.0,-9999.0,-9999.0,-9999.0,0.0,0,1,"time.struct_time(tm_year=2022, tm_mon=10, tm_mday=12, tm_hour=3, tm_min=0, tm_sec=0, tm_wday=2, tm_yday=285, tm_isdst=-1)",2022-10-12,2022,10,285,12,0,3,BUS01
2022-10-12 03:02:30,40.765808,-111.909706,1289.4,-9999.0,-9999.0,-9999.0,13.6,24.4,18.3,25.68,6.0,2.0,21.5,16.0,875.9,0.0,11.5,1.86,40.1,838.3,-9999.0,-9999.0,-9999.0,-9999.0,-9999.0,-9999.0,-9999.0,0.0,0,1,"time.struct_time(tm_year=2022, tm_mon=10, tm_mday=12, tm_hour=3, tm_min=2, tm_sec=30, tm_wday=2, tm_yday=285, tm_isdst=-1)",2022-10-12,2022,10,285,12,2,3,BUS01
2022-10-12 03:05:00,40.765839,-111.909874,1288.7,-9999.0,-9999.0,-9999.0,13.6,24.37,18.26,25.86,6.0,2.0,21.5,16.0,875.9,0.0,10.1,1.86,40.0,838.5,-9999.0,-9999.0,-9999.0,-9999.0,-9999.0,-9999.0,-9999.0,0.0,0,1,"time.struct_time(tm_year=2022, tm_mon=10, tm_mday=12, tm_hour=3, tm_min=5, tm_sec=0, tm_wday=2, tm_yday=285, tm_isdst=-1)",2022-10-12,2022,10,285,12,5,3,BUS01
2022-10-12 03:07:30,40.765743,-111.909782,1276.1,-9999.0,-9999.0,-9999.0,13.6,24.33,18.22,25.9,6.0,2.0,21.39,16.0,876.0,0.0,1.2,1.84,40.0,838.4,-9999.0,-9999.0,-9999.0,-9999.0,-9999.0,-9999.0,-9999.0,0.0,0,1,"time.struct_time(tm_year=2022, tm_mon=10, tm_mday=12, tm_hour=3, tm_min=7, tm_sec=30, tm_wday=2, tm_yday=285, tm_isdst=-1)",2022-10-12,2022,10,285,12,7,3,BUS01
2022-10-12 03:10:00,40.765739,-111.909843,1291.5,-9999.0,-9999.0,-9999.0,13.6,24.29,18.2,25.98,6.0,2.0,21.39,16.0,875.8,0.0,3.3,1.85,39.9,838.5,-9999.0,-9999.0,-9999.0,-9999.0,-9999.0,-9999.0,-9999.0,0.0,0,1,"time.struct_time(tm_year=2022, tm_mon=10, tm_mday=12, tm_hour=3, tm_min=10, tm_sec=0, tm_wday=2, tm_yday=285, tm_isdst=-1)",2022-10-12,2022,10,285,12,10,3,BUS01
2022-10-12 03:12:30,40.765694,-111.909813,1271.3,-9999.0,-9999.0,-9999.0,13.6,24.26,18.14,26.1,5.0,2.0,21.39,17.0,875.9,0.0,6.3,1.84,39.9,838.4,-9999.0,-9999.0,-9999.0,-9999.0,-9999.0,-9999.0,-9999.0,0.0,0,1,"time.struct_time(tm_year=2022, tm_mon=10, tm_mday=12, tm_hour=3, tm_min=12, tm_sec=30, tm_wday=2, tm_yday=285, tm_isdst=-1)",2022-10-12,2022,10,285,12,12,3,BUS01
2022-10-12 03:15:00,40.765663,-111.909721,1273.8,-9999.0,-9999.0,-9999.0,13.6,24.22,18.1,26.26,5.0,2.0,21.28,17.0,876.0,0.0,4.1,1.86,39.9,838.5,-9999.0,-9999.0,-9999.0,-9999.0,-9999.0,-9999.0,-9999.0,0.0,0,1,"time.struct_time(tm_year=2022, tm_mon=10, tm_mday=12, tm_hour=3, tm_min=15, tm_sec=0, tm_wday=2, tm_yday=285, tm_isdst=-1)",2022-10-12,2022,10,285,12,15,3,BUS01
2022-10-12 03:17:30,40.765705,-111.909645,1267.2,-9999.0,-9999.0,-9999.0,13.6,24.18,18.0,26.46,5.0,2.0,21.22,17.0,875.9,0.0,6.5,1.85,39.8,838.4,-9999.0,-9999.0,-9999.0,-9999.0,-9999.0,-9999.0,-9999.0,0.0,0,1,"time.struct_time(tm_year=2022, tm_mon=10, tm_mday=12, tm_hour=3, tm_min=17, tm_sec=30, tm_wday=2, tm_yday=285, tm_isdst=-1)",2022-10-12,2022,10,285,12,17,3,BUS01
2022-10-12 03:21:05,40.765839,-111.909813,1267.5,-9999.0,-9999.0,-9999.0,13.6,24.12,17.86,26.84,6.0,2.0,21.22,17.0,876.2,0.0,4.5,1.84,39.8,838.6,-9999.0,-9999.0,-9999.0,-9999.0,-9999.0,-9999.0,-9999.0,0.0,0,1,"time.struct_time(tm_year=2022, tm_mon=10, tm_mday=12, tm_hour=3, tm_min=21, tm_sec=5, tm_wday=2, tm_yday=285, tm_isdst=-1)",2022-10-12,2022,10,285,12,21,3,BUS01
2022-10-12 03:23:35,40.765793,-111.909828,1269.3,-9999.0,-9999.0,-9999.0,13.61,24.08,17.78,27.06,5.0,2.0,21.11,17.0,876.0,0.0,9.1,1.84,39.7,838.4,-9999.0,-9999.0,-9999.0,-9999.0,-9999.0,-9999.0,-9999.0,0.0,0,1,"time.struct_time(tm_year=2022, tm_mon=10, tm_mday=12, tm_hour=3, tm_min=23, tm_sec=35, tm_wday=2, tm_yday=285, tm_isdst=-1)",2022-10-12,2022,10,285,12,23,3,BUS01
2022-10-12 03:26:05,40.765675,-111.909668,1281.1,-9999.0,-9999.0,-9999.0,13.6,24.04,17.72,27.16,6.0,2.0,21.11,17.0,876.1,0.0,7.5,1.86,39.7,838.6,-9999.0,-9999.0,-9999.0,-9999.0,-9999.0,-9999.0,-9999.0,0.0,0,1,"time.struct_time(tm_year=2022, tm_mon=10, tm_mday=12, tm_hour=3, tm_min=26, tm_sec=5, tm_wday=2, tm_yday=285, tm_isdst=-1)",2022-10-12,2022,10,285,12,26,3,BUS01
2022-10-12 03:28:35,40.765774,-111.909706,1277.8,-9999.0,-9999.0,-9999.0,13.61,24.0,17.66,27.4,5.0,2.0,21.11,17.0,876.2,0.0,5.3,1.86,39.6,838.6,-9999.0,-9999.0,-9999.0,-9999.0,-9999.0,-9999.0,-9999.0,0.0,0,1,"time.struct_time(tm_year=2022, tm_mon=10, tm_mday=12, tm_hour=3, tm_min=28, tm_sec=35, tm_wday=2, tm_yday=285, tm_isdst=-1)",2022-10-12,2022,10,285,12,28,3,BUS01
2022-10-12 03:31:05,40.765572,-111.909653,1255.8,-9999.0,-9999.0,-9999.0,13.6,23.96,17.56,27.5,5.0,2.0,21.0,17.0,876.0,0.0,11.1,1.86,39.6,838.7,-9999.0,-9999.0,-9999.0,-9999.0,-9999.0,-9999.0,-9999.0,0.0,0,1,"time.struct_time(tm_year=2022, tm_mon=10, tm_mday=12, tm_hour=3, tm_min=31, tm_sec=5, tm_wday=2, tm_yday=285, tm_isdst=-1)",2022-10-12,2022,10,285,12,31,3,BUS01
2022-10-12 03:33:35,40.765667,-111.909645,1280.5,-9999.0,-9999.0,-9999.0,13.6,23.91,17.47,27.59,4.0,2.0,20.89,17.0,876.0,0.0,12.8,1.85,39.6,838.5,-9999.0,-9999.0,-9999.0,-9999.0,-9999.0,-9999.0,-9999.0,0.0,0,1,"time.struct_time(tm_year=2022, tm_mon=10, tm_mday=12, tm_hour=3, tm_min=33, tm_sec=35, tm_wday=2, tm_yday=285, tm_isdst=-1)",2022-10-12,2022,10,285,12,33,3,BUS01
2022-10-12 03:36:05,40.765858,-111.909698,1305.6,-9999.0,-9999.0,-9999.0,13.6,23.87,17.42,30.01,5.0,2.0,20.89,17.0,876.2,0.0,8.1,1.84,39.5,838.6,-9999.0,-9999.0,-9999.0,-9999.0,-9999.0,-9999.0,-9999.0,0.0,0,1,"time.struct_time(tm_year=2022, tm_mon=10, tm_mday=12, tm_hour=3, tm_min=36, tm_sec=5, tm_wday=2, tm_yday=285, tm_isdst=-1)",2022-10-12,2022,10,285,12,36,3,BUS01
2022-10-12 03:38:35,40.765747,-111.909676,1294.7,-9999.0,-9999.0,-9999.0,13.61,23.83,17.4,30.46,5.0,2.0,20.78,18.0,875.9,0.0,7.3,1.86,39.5,838.5,-9999.0,-9999.0,-9999.0,-9999.0,-9999.0,-9999.0,-9999.0,0.0,0,1,"time.struct_time(tm_year=2022, tm_mon=10, tm_mday=12, tm_hour=3, tm_min=38, tm_sec=35, tm_wday=2, tm_yday=285, tm_isdst=-1)",2022-10-12,2022,10,285,12,38,3,BUS01
2022-10-12 03:41:05,40.765862,-111.909416,1287.1,-9999.0,-9999.0,-9999.0,13.6,23.79,17.4,29.39,4.0,2.0,20.78,18.0,876.0,0.0,9.4,1.85,39.5,838.6,-9999.0,-9999.0,-9999.0,-9999.0,-9999.0,-9999.0,-9999.0,0.0,0,1,"time.struct_time(tm_year=2022, tm_mon=10, tm_mday=12, tm_hour=3, tm_min=41, tm_sec=5, tm_wday=2, tm_yday=285, tm_isdst=-1)",2022-10-12,2022,10,285,12,41,3,BUS01
2022-10-12 03:43:35,40.765724,-111.909538,1273.3,-9999.0,-9999.0,-9999.0,13.6,23.75,17.38,29.19,6.0,2.0,20.72,18.0,876.1,0.0,10.3,1.85,39.4,838.6,-9999.0,-9999.0,-9999.0,-9999.0,-9999.0,-9999.0,-9999.0,0.0,0,1,"time.struct_time(tm_year=2022, tm_mon=10, tm_mday=12, tm_hour=3, tm_min=43, tm_sec=35, tm_wday=2, tm_yday=285, tm_isdst=-1)",2022-10-12,2022,10,285,12,43,3,BUS01
2022-10-12 03:46:05,40.765762,-111.909721,1274.5,-9999.0,-9999.0,-9999.0,13.6,23.71,17.36,29.19,4.0,2.0,20.72,18.0,876.0,0.0,4.1,1.84,39.4,838.7,-9999.0,-9999.0,-9999.0,-9999.0,-9999.0,-9999.0,-9999.0,0.0,0,1,"time.struct_time(tm_year=2022, tm_mon=10, tm_mday=12, tm_hour=3, tm_min=46, tm_sec=5, tm_wday=2, tm_yday=285, tm_isdst=-1)",2022-10-12,2022,10,285,12,46,3,BUS01
2022-10-12 03:48:35,40.765732,-111.909615,1300.3,-9999.0,-9999.0,-9999.0,13.6,23.67,17.34,30.06,4.0,2.0,20.61,18.0,876.0,0.0,4.5,1.85,39.3,838.6,-9999.0,-9999.0,-9999.0,-9999.0,-9999.0,-9999.0,-9999.0,0.0,0,1,"time.struct_time(tm_year=2022, tm_mon=10, tm_mday=12, tm_hour=3, tm_min=48, tm_sec=35, tm_wday=2, tm_yday=285, tm_isdst=-1)",2022-10-12,2022,10,285,12,48,3,BUS01
2022-10-12 03:51:05,40.765869,-111.909576,1296.9,-9999.0,-9999.0,-9999.0,13.61,23.64,17.29,28.35,5.0,2.0,20.61,18.0,876.2,0.0,9.1,1.85,39.3,838.7,-9999.0,-9999.0,-9999.0,-9999.0,-9999.0,-9999.0,-9999.0,0.0,0,1,"time.struct_time(tm_year=2022, tm_mon=10, tm_mday=12, tm_hour=3, tm_min=51, tm_sec=5, tm_wday=2, tm_yday=285, tm_isdst=-1)",2022-10-12,2022,10,285,12,51,3,BUS01
2022-10-12 03:53:35,40.765934,-111.909546,1287.8,-9999.0,-9999.0,-9999.0,13.6,23.6,17.24,28.31,5.0,2.0,20.61,18.0,876.2,0.0,8.0,1.85,39.3,838.6,-9999.0,-9999.0,-9999.0,-9999.0,-9999.0,-9999.0,-9999.0,0.0,0,1,"time.struct_time(tm_year=2022, tm_mon=10, tm_mday=12, tm_hour=3, tm_min=53, tm_sec=35, tm_wday=2, tm_yday=285, tm_isdst=-1)",2022-10-12,2022,10,285,12,53,3,BUS01
2022-10-12 03:56:05,40.765896,-111.909645,1286.3,-9999.0,-9999.0,-9999.0,13.6,23.56,17.18,28.35,5.0,2.0,20.5,18.0,876.2,0.0,12.2,1.85,39.2,838.8,-9999.0,-9999.0,-9999.0,-9999.0,-9999.0,-9999.0,-9999.0,0.0,0,1,"time.struct_time(tm_year=2022, tm_mon=10, tm_mday=12, tm_hour=3, tm_min=56, tm_sec=5, tm_wday=2, tm_yday=285, tm_isdst=-1)",2022-10-12,2022,10,285,12,56,3,BUS01
2022-10-12 03:58:35,40.765755,-111.90963,1275.8,-9999.0,-9999.0,-9999.0,13.6,23.52,17.12,28.53,4.0,2.0,20.5,18.0,876.1,0.0,6.5,1.86,39.2,838.6,-9999.0,-9999.0,-9999.0,-9999.0,-9999.0,-9999.0,-9999.0,0.0,0,1,"time.struct_time(tm_year=2022, tm_mon=10, tm_mday=12, tm_hour=3, tm_min=58, tm_sec=35, tm_wday=2, tm_yday=285, tm_isdst=-1)",2022-10-12,2022,10,285,12,58,3,BUS01
2022-10-12 04:01:05,40.765842,-111.909683,1296.1,-9999.0,-9999.0,-9999.0,13.64,23.48,17.06,28.61,5.0,2.0,20.5,18.0,876.0,0.0,6.7,1.85,39.2,838.7,-9999.0,-9999.0,-9999.0,-9999.0,-9999.0,-9999.0,-9999.0,0.0,0,1,"time.struct_time(tm_year=2022, tm_mon=10, tm_mday=12, tm_hour=4, tm_min=1, tm_sec=5, tm_wday=2, tm_yday=285, tm_isdst=-1)",2022-10-12,2022,10,285,12,1,4,BUS01
2022-10-12 04:03:35,40.765694,-111.909691,1312.0,-9999.0,-9999.0,-9999.0,13.64,23.44,17.02,28.65,4.0,2.0,20.39,18.0,876.3,0.0,5.1,1.84,39.1,838.6,-9999.0,-9999.0,-9999.0,-9999.0,-9999.0,-9999.0,-9999.0,0.0,0,1,"time.struct_time(tm_year=2022, tm_mon=10, tm_mday=12, tm_hour=4, tm_min=3, tm_sec=35, tm_wday=2, tm_yday=285, tm_isdst=-1)",2022-10-12,2022,10,285,12,3,4,BUS01
2022-10-12 04:06:05,40.765717,-111.90976,1301.5,-9999.0,-9999.0,-9999.0,13.64,23.4,17.0,28.97,6.0,2.0,20.28,18.0,876.1,0.0,-0.4,1.85,39.1,838.8,-9999.0,-9999.0,-9999.0,-9999.0,-9999.0,-9999.0,-9999.0,0.0,0,1,"time.struct_time(tm_year=2022, tm_mon=10, tm_mday=12, tm_hour=4, tm_min=6, tm_sec=5, tm_wday=2, tm_yday=285, tm_isdst=-1)",2022-10-12,2022,10,285,12,6,4,BUS01
2022-10-12 04:08:35,40.765759,-111.90966,1293.5,-9999.0,-9999.0,-9999.0,13.64,23.36,17.0,29.63,5.0,2.0,20.28,18.0,876.2,0.0,0.7,1.84,39.0,838.7,-9999.0,-9999.0,-9999.0,-9999.0,-9999.0,-9999.0,-9999.0,0.0,0,1,"time.struct_time(tm_year=2022, tm_mon=10, tm_mday=12, tm_hour=4, tm_min=8, tm_sec=35, tm_wday=2, tm_yday=285, tm_isdst=-1)",2022-10-12,2022,10,285,12,8,4,BUS01
2022-10-12 04:11:05,40.765598,-111.909706,1293.4,-9999.0,-9999.0,-9999.0,13.64,23.32,16.96,29.45,5.0,2.0,20.28,18.0,876.4,0.0,1.9,1.84,39.0,838.8,-9999.0,-9999.0,-9999.0,-9999.0,-9999.0,-9999.0,-9999.0,0.0,0,1,"time.struct_time(tm_year=2022, tm_mon=10, tm_mday=12, tm_hour=4, tm_min=11, tm_sec=5, tm_wday=2, tm_yday=285, tm_isdst=-1)",2022-10-12,2022,10,285,12,11,4,BUS01
2022-10-12 04:13:35,40.765587,-111.909767,1277.5,-9999.0,-9999.0,-9999.0,13.64,23.28,16.92,29.78,5.0,2.0,20.28,18.0,876.3,0.0,0.5,1.85,39.0,838.8,-9999.0,-9999.0,-9999.0,-9999.0,-9999.0,-9999.0,-9999.0,0.0,0,1,"time.struct_time(tm_year=2022, tm_mon=10, tm_mday=12, tm_hour=4, tm_min=13, tm_sec=35, tm_wday=2, tm_yday=285, tm_isdst=-1)",2022-10-12,2022,10,285,12,13,4,BUS01
2022-10-12 04:16:05,40.765648,-111.909798,1281.8,-9999.0,-9999.0,-9999.0,13.64,23.24,16.9,29.89,5.0,2.0,20.22,18.0,876.4,0.0,2.2,1.85,38.9,838.9,-9999.0,-9999.0,-9999.0,-9999.0,-9999.0,-9999.0,-9999.0,0.0,0,1,"time.struct_time(tm_year=2022, tm_mon=10, tm_mday=12, tm_hour=4, tm_min=16, tm_sec=5, tm_wday=2, tm_yday=285, tm_isdst=-1)",2022-10-12,2022,10,285,12,16,4,BUS01
2022-10-12 04:18:35,40.765556,-111.909676,1301.6,-9999.0,-9999.0,-9999.0,13.64,23.21,16.92,29.98,5.0,2.0,20.22,18.0,876.3,0.0,3.7,1.86,38.9,838.8,-9999.0,-9999.0,-9999.0,-9999.0,-9999.0,-9999.0,-9999.0,0.0,0,1,"time.struct_time(tm_year=2022, tm_mon=10, tm_mday=12, tm_hour=4, tm_min=18, tm_sec=35, tm_wday=2, tm_yday=285, tm_isdst=-1)",2022-10-12,2022,10,285,12,18,4,BUS01
2022-10-12 04:22:10,40.765739,-111.909569,1305.8,-9999.0,-9999.0,-9999.0,13.64,23.15,16.92,29.94,7.0,2.0,20.11,18.0,876.4,0.0,-0.5,1.85,38.8,838.8,-9999.0,-9999.0,-9999.0,-9999.0,-9999.0,-9999.0,-9999.0,0.0,0,1,"time.struct_time(tm_year=2022, tm_mon=10, tm_mday=12, tm_hour=4, tm_min=22, tm_sec=10, tm_wday=2, tm_yday=285, tm_isdst=-1)",2022-10-12,2022,10,285,12,22,4,BUS01
2022-10-12 04:24:40,40.7658,-111.909698,1302.9,-9999.0,-9999.0,-9999.0,13.64,23.11,16.9,30.16,6.0,2.0,20.0,18.0,876.2,0.0,3.9,1.85,38.8,838.9,-9999.0,-9999.0,-9999.0,-9999.0,-9999.0,-9999.0,-9999.0,0.0,0,1,"time.struct_time(tm_year=2022, tm_mon=10, tm_mday=12, tm_hour=4, tm_min=24, tm_sec=40, tm_wday=2, tm_yday=285, tm_isdst=-1)",2022-10-12,2022,10,285,12,24,4,BUS01
2022-10-12 04:27:10,40.765835,-111.909676,1302.5,-9999.0,-9999.0,-9999.0,13.64,23.08,16.8,30.5,6.0,2.0,20.0,18.0,876.3,0.0,-0.8,1.84,38.8,838.8,-9999.0,-9999.0,-9999.0,-9999.0,-9999.0,-9999.0,-9999.0,0.0,0,1,"time.struct_time(tm_year=2022, tm_mon=10, tm_mday=12, tm_hour=4, tm_min=27, tm_sec=10, tm_wday=2, tm_yday=285, tm_isdst=-1)",2022-10-12,2022,10,285,12,27,4,BUS01
2022-10-12 04:29:40,40.765793,-111.909782,1306.5,-9999.0,-9999.0,-9999.0,13.64,23.04,16.73,30.51,5.0,2.0,20.0,18.0,876.5,0.0,1.7,1.85,38.7,838.9,-9999.0,-9999.0,-9999.0,-9999.0,-9999.0,-9999.0,-9999.0,0.0,0,1,"time.struct_time(tm_year=2022, tm_mon=10, tm_mday=12, tm_hour=4, tm_min=29, tm_sec=40, tm_wday=2, tm_yday=285, tm_isdst=-1)",2022-10-12,2022,10,285,12,29,4,BUS01
2022-10-12 04:32:10,40.765858,-111.909653,1321.3,-9999.0,-9999.0,-9999.0,13.63,23.0,16.76,30.63,6.0,2.0,19.89,19.0,876.3,0.0,2.2,1.85,38.7,838.9,-9999.0,-9999.0,-9999.0,-9999.0,-9999.0,-9999.0,-9999.0,0.0,0,1,"time.struct_time(tm_year=2022, tm_mon=10, tm_mday=12, tm_hour=4, tm_min=32, tm_sec=10, tm_wday=2, tm_yday=285, tm_isdst=-1)",2022-10-12,2022,10,285,12,32,4,BUS01
2022-10-12 04:34:40,40.765804,-111.909554,1313.1,-9999.0,-9999.0,-9999.0,13.64,22.97,16.69,30.49,7.0,2.0,19.89,19.0,876.2,0.0,3.1,1.84,38.7,838.9,-9999.0,-9999.0,-9999.0,-9999.0,-9999.0,-9999.0,-9999.0,0.0,0,1,"time.struct_time(tm_year=2022, tm_mon=10, tm_mday=12, tm_hour=4, tm_min=34, tm_sec=40, tm_wday=2, tm_yday=285, tm_isdst=-1)",2022-10-12,2022,10,285,12,34,4,BUS01
2022-10-12 04:37:10,40.765846,-111.909592,1309.0,-9999.0,-9999.0,-9999.0,13.64,22.93,16.71,30.49,6.0,2.0,19.78,19.0,876.5,0.0,3.1,1.84,38.6,838.9,-9999.0,-9999.0,-9999.0,-9999.0,-9999.0,-9999.0,-9999.0,0.0,0,1,"time.struct_time(tm_year=2022, tm_mon=10, tm_mday=12, tm_hour=4, tm_min=37, tm_sec=10, tm_wday=2, tm_yday=285, tm_isdst=-1)",2022-10-12,2022,10,285,12,37,4,BUS01
2022-10-12 04:39:40,40.765793,-111.909576,1292.3,-9999.0,-9999.0,-9999.0,13.64,22.89,16.67,30.59,5.0,2.0,19.78,19.0,876.3,0.0,3.1,1.85,38.6,839.0,-9999.0,-9999.0,-9999.0,-9999.0,-9999.0,-9999.0,-9999.0,0.0,0,1,"time.struct_time(tm_year=2022, tm_mon=10, tm_mday=12, tm_hour=4, tm_min=39, tm_sec=40, tm_wday=2, tm_yday=285, tm_isdst=-1)",2022-10-12,2022,10,285,12,39,4,BUS01
2022-10-12 04:42:10,40.765759,-111.909683,1291.9,-9999.0,-9999.0,-9999.0,13.64,22.85,16.59,31.04,7.0,2.0,19.78,19.0,876.5,0.0,-2.7,1.84,38.5,838.9,-9999.0,-9999.0,-9999.0,-9999.0,-9999.0,-9999.0,-9999.0,0.0,0,1,"time.struct_time(tm_year=2022, tm_mon=10, tm_mday=12, tm_hour=4, tm_min=42, tm_sec=10, tm_wday=2, tm_yday=285, tm_isdst=-1)",2022-10-12,2022,10,285,12,42,4,BUS01
2022-10-12 04:44:40,40.765636,-111.909615,1314.0,-9999.0,-9999.0,-9999.0,13.64,22.81,16.43,31.14,7.0,2.0,19.72,19.0,876.6,0.0,-1.0,1.85,38.5,839.2,-9999.0,-9999.0,-9999.0,-9999.0,-9999.0,-9999.0,-9999.0,0.0,0,1,"time.struct_time(tm_year=2022, tm_mon=10, tm_mday=12, tm_hour=4, tm_min=44, tm_sec=40, tm_wday=2, tm_yday=285, tm_isdst=-1)",2022-10-12,2022,10,285,12,44,4,BUS01
2022-10-12 04:47:10,40.765663,-111.909805,1296.2,-9999.0,-9999.0,-9999.0,13.64,22.77,16.27,30.74,6.0,2.0,19.72,19.0,876.5,0.0,-0.8,1.83,38.5,839.0,-9999.0,-9999.0,-9999.0,-9999.0,-9999.0,-9999.0,-9999.0,0.0,0,1,"time.struct_time(tm_year=2022, tm_mon=10, tm_mday=12, tm_hour=4, tm_min=47, tm_sec=10, tm_wday=2, tm_yday=285, tm_isdst=-1)",2022-10-12,2022,10,285,12,47,4,BUS01
2022-10-12 04:49:40,40.765823,-111.909645,1287.8,-9999.0,-9999.0,-9999.0,13.64,22.73,16.19,28.93,4.0,2.0,19.61,18.0,876.6,0.0,7.6,1.83,38.4,839.1,-9999.0,-9999.0,-9999.0,-9999.0,-9999.0,-9999.0,-9999.0,0.0,0,1,"time.struct_time(tm_year=2022, tm_mon=10, tm_mday=12, tm_hour=4, tm_min=49, tm_sec=40, tm_wday=2, tm_yday=285, tm_isdst=-1)",2022-10-12,2022,10,285,12,49,4,BUS01
2022-10-12 04:52:10,40.76582,-111.909561,1320.4,-9999.0,-9999.0,-9999.0,13.64,22.69,16.21,27.81,4.0,2.0,19.5,18.0,876.7,0.0,23.3,1.83,38.4,839.0,-9999.0,-9999.0,-9999.0,-9999.0,-9999.0,-9999.0,-9999.0,0.0,0,1,"time.struct_time(tm_year=2022, tm_mon=10, tm_mday=12, tm_hour=4, tm_min=52, tm_sec=10, tm_wday=2, tm_yday=285, tm_isdst=-1)",2022-10-12,2022,10,285,12,52,4,BUS01
2022-10-12 04:54:40,40.76593,-111.909615,1311.8,-9999.0,-9999.0,-9999.0,13.64,22.64,16.29,27.0,2.0,2.0,19.5,18.0,876.7,0.0,24.4,1.84,38.4,839.2,-9999.0,-9999.0,-9999.0,-9999.0,-9999.0,-9999.0,-9999.0,0.0,0,1,"time.struct_time(tm_year=2022, tm_mon=10, tm_mday=12, tm_hour=4, tm_min=54, tm_sec=40, tm_wday=2, tm_yday=285, tm_isdst=-1)",2022-10-12,2022,10,285,12,54,4,BUS01
2022-10-12 04:57:10,40.766087,-111.909828,1316.2,-9999.0,-9999.0,-9999.0,13.64,22.6,16.41,27.48,4.0,2.0,19.5,18.0,876.6,0.0,20.3,1.84,38.3,839.1,-9999.0,-9999.0,-9999.0,-9999.0,-9999.0,-9999.0,-9999.0,0.0,0,1,"time.struct_time(tm_year=2022, tm_mon=10, tm_mday=12, tm_hour=4, tm_min=57, tm_sec=10, tm_wday=2, tm_yday=285, tm_isdst=-1)",2022-10-12,2022,10,285,12,57,4,BUS01
2022-10-12 04:59:40,40.765846,-111.909676,1302.2,-9999.0,-9999.0,-9999.0,13.64,22.56,16.45,27.02,3.0,2.0,19.39,18.0,876.6,0.0,21.2,1.85,38.3,839.1,-9999.0,-9999.0,-9999.0,-9999.0,-9999.0,-9999.0,-9999.0,0.0,0,1,"time.struct_time(tm_year=2022, tm_mon=10, tm_mday=12, tm_hour=4, tm_min=59, tm_sec=40, tm_wday=2, tm_yday=285, tm_isdst=-1)",2022-10-12,2022,10,285,12,59,4,BUS01
2022-10-12 05:02:10,40.765839,-111.909645,1304.3,-9999.0,-9999.0,-9999.0,13.64,22.51,16.51,26.7,3.0,2.0,19.39,18.0,876.7,0.0,25.8,1.83,38.2,839.1,-9999.0,-9999.0,-9999.0,-9999.0,-9999.0,-9999.0,-9999.0,0.0,0,1,"time.struct_time(tm_year=2022, tm_mon=10, tm_mday=12, tm_hour=5, tm_min=2, tm_sec=10, tm_wday=2, tm_yday=285, tm_isdst=-1)",2022-10-12,2022,10,285,12,2,5,BUS01
2022-10-12 05:04:40,40.765766,-111.909714,1310.9,-9999.0,-9999.0,-9999.0,13.64,22.48,16.53,27.18,3.0,2.0,19.39,18.0,876.8,0.0,1.7,1.84,38.2,839.2,-9999.0,-9999.0,-9999.0,-9999.0,-9999.0,-9999.0,-9999.0,0.0,0,1,"time.struct_time(tm_year=2022, tm_mon=10, tm_mday=12, tm_hour=5, tm_min=4, tm_sec=40, tm_wday=2, tm_yday=285, tm_isdst=-1)",2022-10-12,2022,10,285,12,4,5,BUS01
2022-10-12 05:07:10,40.765842,-111.909622,1308.0,-9999.0,-9999.0,-9999.0,13.64,22.44,16.55,27.04,3.0,2.0,19.28,18.0,876.6,0.0,12.2,1.84,38.2,839.2,-9999.0,-9999.0,-9999.0,-9999.0,-9999.0,-9999.0,-9999.0,0.0,0,1,"time.struct_time(tm_year=2022, tm_mon=10, tm_mday=12, tm_hour=5, tm_min=7, tm_sec=10, tm_wday=2, tm_yday=285, tm_isdst=-1)",2022-10-12,2022,10,285,12,7,5,BUS01
2022-10-12 05:09:40,40.765854,-111.909538,1337.7,-9999.0,-9999.0,-9999.0,13.64,22.41,16.53,27.36,3.0,2.0,19.28,18.0,876.8,0.0,13.4,1.84,38.1,839.3,-9999.0,-9999.0,-9999.0,-9999.0,-9999.0,-9999.0,-9999.0,0.0,0,1,"time.struct_time(tm_year=2022, tm_mon=10, tm_mday=12, tm_hour=5, tm_min=9, tm_sec=40, tm_wday=2, tm_yday=285, tm_isdst=-1)",2022-10-12,2022,10,285,12,9,5,BUS01
2022-10-12 05:12:10,40.765884,-111.909691,1309.4,-9999.0,-9999.0,-9999.0,13.64,22.37,16.51,27.36,4.0,2.0,19.22,18.0,876.9,0.0,10.4,1.83,38.1,839.2,-9999.0,-9999.0,-9999.0,-9999.0,-9999.0,-9999.0,-9999.0,0.0,0,1,"time.struct_time(tm_year=2022, tm_mon=10, tm_mday=12, tm_hour=5, tm_min=12, tm_sec=10, tm_wday=2, tm_yday=285, tm_isdst=-1)",2022-10-12,2022,10,285,12,12,5,BUS01
2022-10-12 05:14:40,40.765701,-111.909668,1291.2,-9999.0,-9999.0,-9999.0,13.64,22.34,16.55,28.06,3.0,2.0,19.22,18.0,876.7,0.0,9.6,1.84,38.1,839.2,-9999.0,-9999.0,-9999.0,-9999.0,-9999.0,-9999.0,-9999.0,0.0,0,1,"time.struct_time(tm_year=2022, tm_mon=10, tm_mday=12, tm_hour=5, tm_min=14, tm_sec=40, tm_wday=2, tm_yday=285, tm_isdst=-1)",2022-10-12,2022,10,285,12,14,5,BUS01
2022-10-12 05:17:10,40.765854,-111.90966,1317.8,-9999.0,-9999.0,-9999.0,13.64,22.31,16.59,27.94,4.0,2.0,19.22,18.0,876.9,0.0,5.4,1.84,38.0,839.2,-9999.0,-9999.0,-9999.0,-9999.0,-9999.0,-9999.0,-9999.0,0.0,0,1,"time.struct_time(tm_year=2022, tm_mon=10, tm_mday=12, tm_hour=5, tm_min=17, tm_sec=10, tm_wday=2, tm_yday=285, tm_isdst=-1)",2022-10-12,2022,10,285,12,17,5,BUS01
2022-10-12 05:19:40,40.765869,-111.909683,1310.0,-9999.0,-9999.0,-9999.0,13.64,22.28,16.51,29.51,5.0,2.0,19.22,18.0,876.8,0.0,2.4,1.84,38.0,839.4,-9999.0,-9999.0,-9999.0,-9999.0,-9999.0,-9999.0,-9999.0,0.0,0,1,"time.struct_time(tm_year=2022, tm_mon=10, tm_mday=12, tm_hour=5, tm_min=19, tm_sec=40, tm_wday=2, tm_yday=285, tm_isdst=-1)",2022-10-12,2022,10,285,12,19,5,BUS01
2022-10-12 05:23:15,40.765881,-111.909737,1299.7,-9999.0,-9999.0,-9999.0,13.64,22.24,16.19,31.26,5.0,2.0,19.11,19.0,876.8,0.0,3.4,1.84,37.9,839.3,-9999.0,-9999.0,-9999.0,-9999.0,-9999.0,-9999.0,-9999.0,0.0,0,1,"time.struct_time(tm_year=2022, tm_mon=10, tm_mday=12, tm_hour=5, tm_min=23, tm_sec=15, tm_wday=2, tm_yday=285, tm_isdst=-1)",2022-10-12,2022,10,285,12,23,5,BUS01
2022-10-12 05:25:45,40.765636,-111.909599,1288.9,-9999.0,-9999.0,-9999.0,13.64,22.21,15.99,32.06,6.0,2.0,19.11,19.0,877.0,0.0,4.6,1.83,37.9,839.4,-9999.0,-9999.0,-9999.0,-9999.0,-9999.0,-9999.0,-9999.0,0.0,0,1,"time.struct_time(tm_year=2022, tm_mon=10, tm_mday=12, tm_hour=5, tm_min=25, tm_sec=45, tm_wday=2, tm_yday=285, tm_isdst=-1)",2022-10-12,2022,10,285,12,25,5,BUS01
2022-10-12 05:28:15,40.76572,-111.909637,1297.7,-9999.0,-9999.0,-9999.0,13.64,22.18,15.75,32.66,7.0,2.0,19.0,19.0,877.0,0.0,0.1,1.84,37.9,839.4,-9999.0,-9999.0,-9999.0,-9999.0,-9999.0,-9999.0,-9999.0,0.0,0,1,"time.struct_time(tm_year=2022, tm_mon=10, tm_mday=12, tm_hour=5, tm_min=28, tm_sec=15, tm_wday=2, tm_yday=285, tm_isdst=-1)",2022-10-12,2022,10,285,12,28,5,BUS01
2022-10-12 05:30:45,40.765873,-111.909729,1280.8,-9999.0,-9999.0,-9999.0,13.64,22.14,15.63,32.4,6.0,2.0,19.0,19.0,877.0,0.0,-2.3,1.84,37.8,839.4,-9999.0,-9999.0,-9999.0,-9999.0,-9999.0,-9999.0,-9999.0,0.0,0,1,"time.struct_time(tm_year=2022, tm_mon=10, tm_mday=12, tm_hour=5, tm_min=30, tm_sec=45, tm_wday=2, tm_yday=285, tm_isdst=-1)",2022-10-12,2022,10,285,12,30,5,BUS01
2022-10-12 05:33:15,40.765793,-111.90979,1294.5,-9999.0,-9999.0,-9999.0,13.64,22.1,15.59,32.48,6.0,2.0,19.0,19.0,876.9,0.0,0.2,1.86,37.8,839.5,-9999.0,-9999.0,-9999.0,-9999.0,-9999.0,-9999.0,-9999.0,0.0,0,1,"time.struct_time(tm_year=2022, tm_mon=10, tm_mday=12, tm_hour=5, tm_min=33, tm_sec=15, tm_wday=2, tm_yday=285, tm_isdst=-1)",2022-10-12,2022,10,285,12,33,5,BUS01
2022-10-12 05:35:45,40.765701,-111.909782,1275.0,-9999.0,-9999.0,-9999.0,13.64,22.06,15.59,33.12,6.0,2.0,19.0,19.0,877.0,0.0,1.4,1.84,37.8,839.5,-9999.0,-9999.0,-9999.0,-9999.0,-9999.0,-9999.0,-9999.0,0.0,0,1,"time.struct_time(tm_year=2022, tm_mon=10, tm_mday=12, tm_hour=5, tm_min=35, tm_sec=45, tm_wday=2, tm_yday=285, tm_isdst=-1)",2022-10-12,2022,10,285,12,35,5,BUS01
2022-10-12 05:38:15,40.765797,-111.90976,1276.1,-9999.0,-9999.0,-9999.0,13.64,22.02,15.57,33.27,6.0,2.0,18.89,19.0,877.1,0.0,-0.9,1.83,37.7,839.5,-9999.0,-9999.0,-9999.0,-9999.0,-9999.0,-9999.0,-9999.0,0.0,0,1,"time.struct_time(tm_year=2022, tm_mon=10, tm_mday=12, tm_hour=5, tm_min=38, tm_sec=15, tm_wday=2, tm_yday=285, tm_isdst=-1)",2022-10-12,2022,10,285,12,38,5,BUS01
2022-10-12 05:40:45,40.765965,-111.909698,1266.9,-9999.0,-9999.0,-9999.0,13.64,21.98,15.53,32.62,6.0,2.0,18.89,19.0,877.0,0.0,1.0,1.83,37.7,839.5,-9999.0,-9999.0,-9999.0,-9999.0,-9999.0,-9999.0,-9999.0,0.0,0,1,"time.struct_time(tm_year=2022, tm_mon=10, tm_mday=12, tm_hour=5, tm_min=40, tm_sec=45, tm_wday=2, tm_yday=285, tm_isdst=-1)",2022-10-12,2022,10,285,12,40,5,BUS01
2022-10-12 05:43:15,40.765808,-111.909744,1269.6,-9999.0,-9999.0,-9999.0,13.63,21.94,15.51,32.47,6.0,2.0,18.78,19.0,877.1,0.0,3.1,1.83,37.7,839.6,-9999.0,-9999.0,-9999.0,-9999.0,-9999.0,-9999.0,-9999.0,0.0,0,1,"time.struct_time(tm_year=2022, tm_mon=10, tm_mday=12, tm_hour=5, tm_min=43, tm_sec=15, tm_wday=2, tm_yday=285, tm_isdst=-1)",2022-10-12,2022,10,285,12,43,5,BUS01
2022-10-12 05:45:45,40.765762,-111.909615,1261.0,-9999.0,-9999.0,-9999.0,13.64,21.9,15.53,32.42,5.0,2.0,18.78,19.0,877.0,0.0,-2.0,1.85,37.6,839.7,-9999.0,-9999.0,-9999.0,-9999.0,-9999.0,-9999.0,-9999.0,0.0,0,1,"time.struct_time(tm_year=2022, tm_mon=10, tm_mday=12, tm_hour=5, tm_min=45, tm_sec=45, tm_wday=2, tm_yday=285, tm_isdst=-1)",2022-10-12,2022,10,285,12,45,5,BUS01
2022-10-12 05:48:15,40.765728,-111.909729,1278.1,-9999.0,-9999.0,-9999.0,13.63,21.86,15.55,32.75,7.0,2.0,18.78,19.0,877.1,0.0,-1.2,1.84,37.6,839.7,-9999.0,-9999.0,-9999.0,-9999.0,-9999.0,-9999.0,-9999.0,0.0,0,1,"time.struct_time(tm_year=2022, tm_mon=10, tm_mday=12, tm_hour=5, tm_min=48, tm_sec=15, tm_wday=2, tm_yday=285, tm_isdst=-1)",2022-10-12,2022,10,285,12,48,5,BUS01
2022-10-12 05:50:45,40.765736,-111.909782,1293.3,-9999.0,-9999.0,-9999.0,13.64,21.83,15.53,32.79,6.0,2.0,18.72,19.0,877.1,0.0,0.0,1.84,37.6,839.7,-9999.0,-9999.0,-9999.0,-9999.0,-9999.0,-9999.0,-9999.0,0.0,0,1,"time.struct_time(tm_year=2022, tm_mon=10, tm_mday=12, tm_hour=5, tm_min=50, tm_sec=45, tm_wday=2, tm_yday=285, tm_isdst=-1)",2022-10-12,2022,10,285,12,50,5,BUS01
2022-10-12 05:53:15,40.765705,-111.909668,1310.4,-9999.0,-9999.0,-9999.0,13.63,21.79,15.53,33.01,5.0,2.0,18.72,20.0,877.1,0.0,0.9,1.82,37.5,839.7,-9999.0,-9999.0,-9999.0,-9999.0,-9999.0,-9999.0,-9999.0,0.0,0,1,"time.struct_time(tm_year=2022, tm_mon=10, tm_mday=12, tm_hour=5, tm_min=53, tm_sec=15, tm_wday=2, tm_yday=285, tm_isdst=-1)",2022-10-12,2022,10,285,12,53,5,BUS01
2022-10-12 05:55:45,40.765739,-111.909851,1297.9,-9999.0,-9999.0,-9999.0,13.64,21.76,15.49,32.79,6.0,2.0,18.61,20.0,877.3,0.0,2.6,1.83,37.5,839.8,-9999.0,-9999.0,-9999.0,-9999.0,-9999.0,-9999.0,-9999.0,0.0,0,1,"time.struct_time(tm_year=2022, tm_mon=10, tm_mday=12, tm_hour=5, tm_min=55, tm_sec=45, tm_wday=2, tm_yday=285, tm_isdst=-1)",2022-10-12,2022,10,285,12,55,5,BUS01
2022-10-12 05:58:15,40.765846,-111.909721,1293.9,-9999.0,-9999.0,-9999.0,13.63,21.73,15.41,33.19,6.0,2.0,18.61,20.0,877.4,0.0,2.3,1.84,37.5,839.8,-9999.0,-9999.0,-9999.0,-9999.0,-9999.0,-9999.0,-9999.0,0.0,0,1,"time.struct_time(tm_year=2022, tm_mon=10, tm_mday=12, tm_hour=5, tm_min=58, tm_sec=15, tm_wday=2, tm_yday=285, tm_isdst=-1)",2022-10-12,2022,10,285,12,58,5,BUS01
2022-10-12 06:00:45,40.765701,-111.909599,1282.9,-9999.0,-9999.0,-9999.0,13.64,21.69,15.37,32.34,6.0,2.0,18.5,20.0,877.5,0.0,3.9,1.84,37.4,839.8,-9999.0,-9999.0,-9999.0,-9999.0,-9999.0,-9999.0,-9999.0,0.0,0,1,"time.struct_time(tm_year=2022, tm_mon=10, tm_mday=12, tm_hour=6, tm_min=0, tm_sec=45, tm_wday=2, tm_yday=285, tm_isdst=-1)",2022-10-12,2022,10,285,12,0,6,BUS01
2022-10-12 06:03:15,40.765736,-111.909798,1279.2,-9999.0,-9999.0,-9999.0,13.63,21.65,15.39,31.64,5.0,2.0,18.5,19.0,877.3,0.0,12.2,1.83,37.4,839.9,-9999.0,-9999.0,-9999.0,-9999.0,-9999.0,-9999.0,-9999.0,0.0,0,1,"time.struct_time(tm_year=2022, tm_mon=10, tm_mday=12, tm_hour=6, tm_min=3, tm_sec=15, tm_wday=2, tm_yday=285, tm_isdst=-1)",2022-10-12,2022,10,285,12,3,6,BUS01
2022-10-12 06:05:45,40.765846,-111.909782,1281.2,-9999.0,-9999.0,-9999.0,13.64,21.62,15.43,31.58,7.0,2.0,18.5,19.0,877.3,0.0,6.9,1.83,37.4,839.8,-9999.0,-9999.0,-9999.0,-9999.0,-9999.0,-9999.0,-9999.0,0.0,0,1,"time.struct_time(tm_year=2022, tm_mon=10, tm_mday=12, tm_hour=6, tm_min=5, tm_sec=45, tm_wday=2, tm_yday=285, tm_isdst=-1)",2022-10-12,2022,10,285,12,5,6,BUS01
2022-10-12 06:08:15,40.765793,-111.90979,1292.7,-9999.0,-9999.0,-9999.0,13.63,21.58,15.43,31.72,4.0,2.0,18.39,19.0,877.2,0.0,5.5,1.82,37.3,839.9,-9999.0,-9999.0,-9999.0,-9999.0,-9999.0,-9999.0,-9999.0,0.0,0,1,"time.struct_time(tm_year=2022, tm_mon=10, tm_mday=12, tm_hour=6, tm_min=8, tm_sec=15, tm_wday=2, tm_yday=285, tm_isdst=-1)",2022-10-12,2022,10,285,12,8,6,BUS01
2022-10-12 06:10:45,40.765968,-111.90995,1299.2,-9999.0,-9999.0,-9999.0,13.64,21.54,15.43,31.56,5.0,2.0,18.39,19.0,877.3,0.0,4.1,1.83,37.3,839.8,-9999.0,-9999.0,-9999.0,-9999.0,-9999.0,-9999.0,-9999.0,0.0,0,1,"time.struct_time(tm_year=2022, tm_mon=10, tm_mday=12, tm_hour=6, tm_min=10, tm_sec=45, tm_wday=2, tm_yday=285, tm_isdst=-1)",2022-10-12,2022,10,285,12,10,6,BUS01
2022-10-12 06:13:15,40.766033,-111.909981,1307.1,-9999.0,-9999.0,-9999.0,13.67,21.51,15.39,31.52,4.0,2.0,18.28,19.0,877.5,0.0,10.7,1.84,37.3,839.8,-9999.0,-9999.0,-9999.0,-9999.0,-9999.0,-9999.0,-9999.0,0.0,0,1,"time.struct_time(tm_year=2022, tm_mon=10, tm_mday=12, tm_hour=6, tm_min=13, tm_sec=15, tm_wday=2, tm_yday=285, tm_isdst=-1)",2022-10-12,2022,10,285,12,13,6,BUS01
2022-10-12 06:15:45,40.765911,-111.909821,1324.3,-9999.0,-9999.0,-9999.0,13.68,21.47,15.37,31.58,5.0,2.0,18.28,19.0,877.3,0.0,9.1,1.83,37.2,839.8,-9999.0,-9999.0,-9999.0,-9999.0,-9999.0,-9999.0,-9999.0,0.0,0,1,"time.struct_time(tm_year=2022, tm_mon=10, tm_mday=12, tm_hour=6, tm_min=15, tm_sec=45, tm_wday=2, tm_yday=285, tm_isdst=-1)",2022-10-12,2022,10,285,12,15,6,BUS01
2022-10-12 06:18:15,40.765743,-111.909576,1321.6,-9999.0,-9999.0,-9999.0,13.67,21.44,15.37,31.72,5.0,2.0,18.28,19.0,877.3,0.0,5.5,1.84,37.2,840.0,-9999.0,-9999.0,-9999.0,-9999.0,-9999.0,-9999.0,-9999.0,0.0,0,1,"time.struct_time(tm_year=2022, tm_mon=10, tm_mday=12, tm_hour=6, tm_min=18, tm_sec=15, tm_wday=2, tm_yday=285, tm_isdst=-1)",2022-10-12,2022,10,285,12,18,6,BUS01
2022-10-12 06:20:45,40.765839,-111.909554,1306.3,-9999.0,-9999.0,-9999.0,13.67,21.41,15.31,32.3,5.0,2.0,18.22,20.0,877.5,0.0,2.2,1.83,37.2,839.9,-9999.0,-9999.0,-9999.0,-9999.0,-9999.0,-9999.0,-9999.0,0.0,0,1,"time.struct_time(tm_year=2022, tm_mon=10, tm_mday=12, tm_hour=6, tm_min=20, tm_sec=45, tm_wday=2, tm_yday=285, tm_isdst=-1)",2022-10-12,2022,10,285,12,20,6,BUS01
2022-10-12 06:24:20,40.76577,-111.909691,1273.1,-9999.0,-9999.0,-9999.0,13.67,21.37,15.21,32.69,5.0,2.0,18.22,20.0,877.3,0.0,4.7,1.84,37.1,839.9,-9999.0,-9999.0,-9999.0,-9999.0,-9999.0,-9999.0,-9999.0,0.0,0,1,"time.struct_time(tm_year=2022, tm_mon=10, tm_mday=12, tm_hour=6, tm_min=24, tm_sec=20, tm_wday=2, tm_yday=285, tm_isdst=-1)",2022-10-12,2022,10,285,12,24,6,BUS01
2022-10-12 06:26:50,40.765583,-111.909454,1256.3,-9999.0,-9999.0,-9999.0,13.67,21.34,15.09,32.91,6.0,2.0,18.22,20.0,877.3,0.0,3.2,1.82,37.1,839.9,-9999.0,-9999.0,-9999.0,-9999.0,-9999.0,-9999.0,-9999.0,0.0,0,1,"time.struct_time(tm_year=2022, tm_mon=10, tm_mday=12, tm_hour=6, tm_min=26, tm_sec=50, tm_wday=2, tm_yday=285, tm_isdst=-1)",2022-10-12,2022,10,285,12,26,6,BUS01
2022-10-12 06:29:20,40.765812,-111.909714,1275.8,-9999.0,-9999.0,-9999.0,13.67,21.3,15.04,32.88,9.0,2.0,18.11,20.0,877.4,0.0,5.1,1.82,37.0,840.0,-9999.0,-9999.0,-9999.0,-9999.0,-9999.0,-9999.0,-9999.0,0.0,0,1,"time.struct_time(tm_year=2022, tm_mon=10, tm_mday=12, tm_hour=6, tm_min=29, tm_sec=20, tm_wday=2, tm_yday=285, tm_isdst=-1)",2022-10-12,2022,10,285,12,29,6,BUS01
2022-10-12 06:31:50,40.765636,-111.909538,1271.4,-9999.0,-9999.0,-9999.0,13.67,21.27,15.02,32.88,5.0,2.0,18.0,20.0,877.3,0.0,7.3,1.84,37.0,840.0,-9999.0,-9999.0,-9999.0,-9999.0,-9999.0,-9999.0,-9999.0,0.0,0,1,"time.struct_time(tm_year=2022, tm_mon=10, tm_mday=12, tm_hour=6, tm_min=31, tm_sec=50, tm_wday=2, tm_yday=285, tm_isdst=-1)",2022-10-12,2022,10,285,12,31,6,BUS01
2022-10-12 06:34:20,40.765739,-111.90976,1269.4,-9999.0,-9999.0,-9999.0,13.67,21.24,15.0,32.98,5.0,2.0,18.0,20.0,877.4,0.0,2.5,1.84,37.0,840.1,-9999.0,-9999.0,-9999.0,-9999.0,-9999.0,-9999.0,-9999.0,0.0,0,1,"time.struct_time(tm_year=2022, tm_mon=10, tm_mday=12, tm_hour=6, tm_min=34, tm_sec=20, tm_wday=2, tm_yday=285, tm_isdst=-1)",2022-10-12,2022,10,285,12,34,6,BUS01
2022-10-12 06:36:50,40.765667,-111.90963,1298.2,-9999.0,-9999.0,-9999.0,13.67,21.21,14.98,32.92,4.0,2.0,18.0,20.0,877.7,0.0,8.0,1.83,36.9,840.0,-9999.0,-9999.0,-9999.0,-9999.0,-9999.0,-9999.0,-9999.0,0.0,0,1,"time.struct_time(tm_year=2022, tm_mon=10, tm_mday=12, tm_hour=6, tm_min=36, tm_sec=50, tm_wday=2, tm_yday=285, tm_isdst=-1)",2022-10-12,2022,10,285,12,36,6,BUS01
2022-10-12 06:39:20,40.765728,-111.909431,1313.4,-9999.0,-9999.0,-9999.0,13.67,21.18,14.96,32.84,5.0,2.0,18.0,20.0,877.7,0.0,7.5,1.83,36.9,840.1,-9999.0,-9999.0,-9999.0,-9999.0,-9999.0,-9999.0,-9999.0,0.0,0,1,"time.struct_time(tm_year=2022, tm_mon=10, tm_mday=12, tm_hour=6, tm_min=39, tm_sec=20, tm_wday=2, tm_yday=285, tm_isdst=-1)",2022-10-12,2022,10,285,12,39,6,BUS01
2022-10-12 06:41:50,40.765797,-111.909729,1295.4,-9999.0,-9999.0,-9999.0,13.68,21.15,14.96,33.02,4.0,2.0,17.89,20.0,877.6,0.0,3.6,1.83,36.9,840.1,-9999.0,-9999.0,-9999.0,-9999.0,-9999.0,-9999.0,-9999.0,0.0,0,1,"time.struct_time(tm_year=2022, tm_mon=10, tm_mday=12, tm_hour=6, tm_min=41, tm_sec=50, tm_wday=2, tm_yday=285, tm_isdst=-1)",2022-10-12,2022,10,285,12,41,6,BUS01
2022-10-12 06:44:20,40.76569,-111.90976,1286.4,-9999.0,-9999.0,-9999.0,13.67,21.12,14.91,33.13,5.0,2.0,17.89,20.0,877.7,0.0,7.8,1.82,36.9,840.2,-9999.0,-9999.0,-9999.0,-9999.0,-9999.0,-9999.0,-9999.0,0.0,0,1,"time.struct_time(tm_year=2022, tm_mon=10, tm_mday=12, tm_hour=6, tm_min=44, tm_sec=20, tm_wday=2, tm_yday=285, tm_isdst=-1)",2022-10-12,2022,10,285,12,44,6,BUS01
2022-10-12 06:46:50,40.765629,-111.909866,1300.1,-9999.0,-9999.0,-9999.0,13.67,21.09,14.87,33.09,4.0,2.0,17.89,20.0,877.8,0.0,4.1,1.83,36.8,840.2,-9999.0,-9999.0,-9999.0,-9999.0,-9999.0,-9999.0,-9999.0,0.0,0,1,"time.struct_time(tm_year=2022, tm_mon=10, tm_mday=12, tm_hour=6, tm_min=46, tm_sec=50, tm_wday=2, tm_yday=285, tm_isdst=-1)",2022-10-12,2022,10,285,12,46,6,BUS01
2022-10-12 06:49:20,40.765652,-111.909744,1280.7,-9999.0,-9999.0,-9999.0,13.68,21.06,14.85,33.53,4.0,2.0,17.89,20.0,877.5,0.0,5.6,1.83,36.8,840.3,-9999.0,-9999.0,-9999.0,-9999.0,-9999.0,-9999.0,-9999.0,0.0,0,1,"time.struct_time(tm_year=2022, tm_mon=10, tm_mday=12, tm_hour=6, tm_min=49, tm_sec=20, tm_wday=2, tm_yday=285, tm_isdst=-1)",2022-10-12,2022,10,285,12,49,6,BUS01
2022-10-12 06:51:50,40.765732,-111.909775,1274.9,-9999.0,-9999.0,-9999.0,13.68,21.03,14.79,33.81,5.0,2.0,17.78,20.0,877.9,0.0,9.0,1.83,36.8,840.2,-9999.0,-9999.0,-9999.0,-9999.0,-9999.0,-9999.0,-9999.0,0.0,0,1,"time.struct_time(tm_year=2022, tm_mon=10, tm_mday=12, tm_hour=6, tm_min=51, tm_sec=50, tm_wday=2, tm_yday=285, tm_isdst=-1)",2022-10-12,2022,10,285,12,51,6,BUS01
2022-10-12 06:54:20,40.765717,-111.90966,1286.3,-9999.0,-9999.0,-9999.0,13.67,20.99,14.73,34.35,5.0,2.0,17.78,20.0,877.8,0.0,5.3,1.84,36.7,840.4,-9999.0,-9999.0,-9999.0,-9999.0,-9999.0,-9999.0,-9999.0,0.0,0,1,"time.struct_time(tm_year=2022, tm_mon=10, tm_mday=12, tm_hour=6, tm_min=54, tm_sec=20, tm_wday=2, tm_yday=285, tm_isdst=-1)",2022-10-12,2022,10,285,12,54,6,BUS01
2022-10-12 06:56:50,40.765587,-111.909714,1265.2,-9999.0,-9999.0,-9999.0,13.67,20.96,14.69,34.33,5.0,2.0,17.78,20.0,877.8,0.0,7.3,1.83,36.7,840.3,-9999.0,-9999.0,-9999.0,-9999.0,-9999.0,-9999.0,-9999.0,0.0,0,1,"time.struct_time(tm_year=2022, tm_mon=10, tm_mday=12, tm_hour=6, tm_min=56, tm_sec=50, tm_wday=2, tm_yday=285, tm_isdst=-1)",2022-10-12,2022,10,285,12,56,6,BUS01
2022-10-12 06:59:20,40.765774,-111.909813,1272.9,-9999.0,-9999.0,-9999.0,13.67,20.93,14.69,34.29,6.0,2.0,17.72,20.0,877.8,0.0,4.5,1.83,36.7,840.4,-9999.0,-9999.0,-9999.0,-9999.0,-9999.0,-9999.0,-9999.0,0.0,0,1,"time.struct_time(tm_year=2022, tm_mon=10, tm_mday=12, tm_hour=6, tm_min=59, tm_sec=20, tm_wday=2, tm_yday=285, tm_isdst=-1)",2022-10-12,2022,10,285,12,59,6,BUS01
2022-10-12 07:01:50,40.765774,-111.909798,1267.8,-9999.0,-9999.0,-9999.0,13.67,20.9,14.73,34.29,6.0,2.0,17.72,20.0,877.7,0.0,2.8,1.83,36.6,840.3,-9999.0,-9999.0,-9999.0,-9999.0,-9999.0,-9999.0,-9999.0,0.0,0,1,"time.struct_time(tm_year=2022, tm_mon=10, tm_mday=12, tm_hour=7, tm_min=1, tm_sec=50, tm_wday=2, tm_yday=285, tm_isdst=-1)",2022-10-12,2022,10,285,12,1,7,BUS01
2022-10-12 07:04:20,40.76564,-111.90979,1279.9,-9999.0,-9999.0,-9999.0,13.67,20.87,14.75,34.07,4.0,2.0,17.72,20.0,877.8,0.0,8.0,1.82,36.6,840.3,-9999.0,-9999.0,-9999.0,-9999.0,-9999.0,-9999.0,-9999.0,0.0,0,1,"time.struct_time(tm_year=2022, tm_mon=10, tm_mday=12, tm_hour=7, tm_min=4, tm_sec=20, tm_wday=2, tm_yday=285, tm_isdst=-1)",2022-10-12,2022,10,285,12,4,7,BUS01
2022-10-12 07:06:50,40.765743,-111.909698,1281.3,-9999.0,-9999.0,-9999.0,13.67,20.85,14.79,33.79,6.0,2.0,17.72,20.0,877.9,0.0,0.3,1.83,36.6,840.3,-9999.0,-9999.0,-9999.0,-9999.0,-9999.0,-9999.0,-9999.0,0.0,0,1,"time.struct_time(tm_year=2022, tm_mon=10, tm_mday=12, tm_hour=7, tm_min=6, tm_sec=50, tm_wday=2, tm_yday=285, tm_isdst=-1)",2022-10-12,2022,10,285,12,6,7,BUS01
2022-10-12 07:09:20,40.765911,-111.909843,1300.1,-9999.0,-9999.0,-9999.0,13.67,20.83,14.81,33.39,5.0,2.0,17.61,20.0,877.9,0.0,8.0,1.82,36.6,840.5,-9999.0,-9999.0,-9999.0,-9999.0,-9999.0,-9999.0,-9999.0,0.0,0,1,"time.struct_time(tm_year=2022, tm_mon=10, tm_mday=12, tm_hour=7, tm_min=9, tm_sec=20, tm_wday=2, tm_yday=285, tm_isdst=-1)",2022-10-12,2022,10,285,12,9,7,BUS01
2022-10-12 07:11:50,40.76572,-111.909714,1290.7,-9999.0,-9999.0,-9999.0,13.68,20.8,14.75,33.21,6.0,2.0,17.61,20.0,877.9,0.0,6.9,1.83,36.5,840.4,-9999.0,-9999.0,-9999.0,-9999.0,-9999.0,-9999.0,-9999.0,0.0,0,1,"time.struct_time(tm_year=2022, tm_mon=10, tm_mday=12, tm_hour=7, tm_min=11, tm_sec=50, tm_wday=2, tm_yday=285, tm_isdst=-1)",2022-10-12,2022,10,285,12,11,7,BUS01
2022-10-12 07:14:20,40.765854,-111.909737,1287.6,-9999.0,-9999.0,-9999.0,13.67,20.78,14.75,33.03,6.0,2.0,17.61,20.0,878.1,0.0,2.1,1.83,36.5,840.6,-9999.0,-9999.0,-9999.0,-9999.0,-9999.0,-9999.0,-9999.0,0.0,0,1,"time.struct_time(tm_year=2022, tm_mon=10, tm_mday=12, tm_hour=7, tm_min=14, tm_sec=20, tm_wday=2, tm_yday=285, tm_isdst=-1)",2022-10-12,2022,10,285,12,14,7,BUS01
2022-10-12 07:16:50,40.765835,-111.909737,1294.2,-9999.0,-9999.0,-9999.0,13.67,20.75,14.81,32.95,7.0,2.0,17.61,20.0,878.0,0.0,2.8,1.83,36.5,840.5,-9999.0,-9999.0,-9999.0,-9999.0,-9999.0,-9999.0,-9999.0,0.0,0,1,"time.struct_time(tm_year=2022, tm_mon=10, tm_mday=12, tm_hour=7, tm_min=16, tm_sec=50, tm_wday=2, tm_yday=285, tm_isdst=-1)",2022-10-12,2022,10,285,12,16,7,BUS01
2022-10-12 07:19:20,40.765804,-111.909798,1289.0,-9999.0,-9999.0,-9999.0,13.67,20.73,14.83,32.79,5.0,2.0,17.5,20.0,878.1,0.0,5.9,1.82,36.4,840.6,-9999.0,-9999.0,-9999.0,-9999.0,-9999.0,-9999.0,-9999.0,0.0,0,1,"time.struct_time(tm_year=2022, tm_mon=10, tm_mday=12, tm_hour=7, tm_min=19, tm_sec=20, tm_wday=2, tm_yday=285, tm_isdst=-1)",2022-10-12,2022,10,285,12,19,7,BUS01
2022-10-12 07:21:50,40.765808,-111.909889,1289.2,-9999.0,-9999.0,-9999.0,13.67,20.71,14.85,32.95,7.0,2.0,17.5,20.0,878.2,0.0,5.8,1.82,36.4,840.6,-9999.0,-9999.0,-9999.0,-9999.0,-9999.0,-9999.0,-9999.0,0.0,0,1,"time.struct_time(tm_year=2022, tm_mon=10, tm_mday=12, tm_hour=7, tm_min=21, tm_sec=50, tm_wday=2, tm_yday=285, tm_isdst=-1)",2022-10-12,2022,10,285,12,21,7,BUS01
2022-10-12 07:25:25,40.765762,-111.909714,1280.2,-9999.0,-9999.0,-9999.0,13.67,20.68,14.79,33.13,6.0,2.0,17.5,20.0,878.2,0.0,-0.5,1.82,36.4,840.6,-9999.0,-9999.0,-9999.0,-9999.0,-9999.0,-9999.0,-9999.0,0.0,0,1,"time.struct_time(tm_year=2022, tm_mon=10, tm_mday=12, tm_hour=7, tm_min=25, tm_sec=25, tm_wday=2, tm_yday=285, tm_isdst=-1)",2022-10-12,2022,10,285,12,25,7,BUS01
2022-10-12 07:27:55,40.765755,-111.90963,1271.6,-9999.0,-9999.0,-9999.0,13.67,20.66,14.75,33.23,6.0,2.0,17.5,20.0,878.1,0.0,2.6,1.83,36.4,840.6,-9999.0,-9999.0,-9999.0,-9999.0,-9999.0,-9999.0,-9999.0,0.0,0,1,"time.struct_time(tm_year=2022, tm_mon=10, tm_mday=12, tm_hour=7, tm_min=27, tm_sec=55, tm_wday=2, tm_yday=285, tm_isdst=-1)",2022-10-12,2022,10,285,12,27,7,BUS01
2022-10-12 07:30:25,40.765663,-111.909431,1274.1,-9999.0,-9999.0,-9999.0,13.67,20.64,14.73,33.25,5.0,2.0,17.5,20.0,878.0,0.0,4.8,1.82,36.3,840.6,-9999.0,-9999.0,-9999.0,-9999.0,-9999.0,-9999.0,-9999.0,0.0,0,1,"time.struct_time(tm_year=2022, tm_mon=10, tm_mday=12, tm_hour=7, tm_min=30, tm_sec=25, tm_wday=2, tm_yday=285, tm_isdst=-1)",2022-10-12,2022,10,285,12,30,7,BUS01
2022-10-12 07:32:55,40.765789,-111.909737,1284.4,-9999.0,-9999.0,-9999.0,13.67,20.62,14.75,33.35,5.0,2.0,17.39,21.0,878.1,0.0,4.6,1.82,36.3,840.7,-9999.0,-9999.0,-9999.0,-9999.0,-9999.0,-9999.0,-9999.0,0.0,0,1,"time.struct_time(tm_year=2022, tm_mon=10, tm_mday=12, tm_hour=7, tm_min=32, tm_sec=55, tm_wday=2, tm_yday=285, tm_isdst=-1)",2022-10-12,2022,10,285,12,32,7,BUS01
2022-10-12 07:35:25,40.765675,-111.909721,1262.0,-9999.0,-9999.0,-9999.0,13.67,20.6,14.73,33.51,8.0,2.0,17.39,21.0,878.3,0.0,4.4,1.82,36.3,840.6,-9999.0,-9999.0,-9999.0,-9999.0,-9999.0,-9999.0,-9999.0,0.0,0,1,"time.struct_time(tm_year=2022, tm_mon=10, tm_mday=12, tm_hour=7, tm_min=35, tm_sec=25, tm_wday=2, tm_yday=285, tm_isdst=-1)",2022-10-12,2022,10,285,12,35,7,BUS01
2022-10-12 07:37:55,40.765728,-111.90966,1276.1,-9999.0,-9999.0,-9999.0,13.67,20.58,14.73,33.63,16.0,2.0,17.39,21.0,878.1,0.0,5.0,1.82,36.3,840.7,-9999.0,-9999.0,-9999.0,-9999.0,-9999.0,-9999.0,-9999.0,0.0,0,1,"time.struct_time(tm_year=2022, tm_mon=10, tm_mday=12, tm_hour=7, tm_min=37, tm_sec=55, tm_wday=2, tm_yday=285, tm_isdst=-1)",2022-10-12,2022,10,285,12,37,7,BUS01
2022-10-12 07:40:25,40.765697,-111.909714,1281.9,-9999.0,-9999.0,-9999.0,13.67,20.56,14.73,33.73,10.0,2.0,17.39,21.0,878.2,0.0,2.2,1.83,36.2,840.6,-9999.0,-9999.0,-9999.0,-9999.0,-9999.0,-9999.0,-9999.0,0.0,0,1,"time.struct_time(tm_year=2022, tm_mon=10, tm_mday=12, tm_hour=7, tm_min=40, tm_sec=25, tm_wday=2, tm_yday=285, tm_isdst=-1)",2022-10-12,2022,10,285,12,40,7,BUS01
2022-10-12 07:42:55,40.76561,-111.909752,1277.2,-9999.0,-9999.0,-9999.0,13.67,20.53,14.73,33.53,9.0,2.0,17.28,21.0,878.1,0.0,5.6,1.82,36.2,840.6,-9999.0,-9999.0,-9999.0,-9999.0,-9999.0,-9999.0,-9999.0,0.0,0,1,"time.struct_time(tm_year=2022, tm_mon=10, tm_mday=12, tm_hour=7, tm_min=42, tm_sec=55, tm_wday=2, tm_yday=285, tm_isdst=-1)",2022-10-12,2022,10,285,12,42,7,BUS01
2022-10-12 07:45:25,40.765804,-111.909691,1285.1,-9999.0,-9999.0,-9999.0,13.67,20.51,14.66,33.74,10.0,2.0,17.28,21.0,878.0,0.0,15.7,1.82,36.2,840.6,-9999.0,-9999.0,-9999.0,-9999.0,-9999.0,-9999.0,-9999.0,0.0,0,1,"time.struct_time(tm_year=2022, tm_mon=10, tm_mday=12, tm_hour=7, tm_min=45, tm_sec=25, tm_wday=2, tm_yday=285, tm_isdst=-1)",2022-10-12,2022,10,285,12,45,7,BUS01
2022-10-12 07:47:55,40.765751,-111.909775,1285.7,-9999.0,-9999.0,-9999.0,13.68,20.49,14.56,33.93,9.0,2.0,17.28,21.0,878.1,0.0,8.1,1.83,36.2,840.6,-9999.0,-9999.0,-9999.0,-9999.0,-9999.0,-9999.0,-9999.0,0.0,0,1,"time.struct_time(tm_year=2022, tm_mon=10, tm_mday=12, tm_hour=7, tm_min=47, tm_sec=55, tm_wday=2, tm_yday=285, tm_isdst=-1)",2022-10-12,2022,10,285,12,47,7,BUS01
2022-10-12 07:50:25,40.765717,-111.909676,1305.7,-9999.0,-9999.0,-9999.0,13.67,20.47,14.5,34.13,10.0,2.0,17.28,21.0,877.9,0.0,1.7,1.81,36.1,840.6,-9999.0,-9999.0,-9999.0,-9999.0,-9999.0,-9999.0,-9999.0,0.0,0,1,"time.struct_time(tm_year=2022, tm_mon=10, tm_mday=12, tm_hour=7, tm_min=50, tm_sec=25, tm_wday=2, tm_yday=285, tm_isdst=-1)",2022-10-12,2022,10,285,12,50,7,BUS01
2022-10-12 07:52:55,40.765713,-111.909676,1300.2,-9999.0,-9999.0,-9999.0,13.67,20.44,14.48,34.31,12.0,2.0,17.28,21.0,878.1,0.0,2.7,1.82,36.1,840.6,-9999.0,-9999.0,-9999.0,-9999.0,-9999.0,-9999.0,-9999.0,0.0,0,1,"time.struct_time(tm_year=2022, tm_mon=10, tm_mday=12, tm_hour=7, tm_min=52, tm_sec=55, tm_wday=2, tm_yday=285, tm_isdst=-1)",2022-10-12,2022,10,285,12,52,7,BUS01
2022-10-12 07:55:25,40.765739,-111.909569,1254.7,-9999.0,-9999.0,-9999.0,13.67,20.42,14.5,34.33,12.0,2.0,17.22,21.0,878.0,0.0,9.0,1.83,36.1,840.6,-9999.0,-9999.0,-9999.0,-9999.0,-9999.0,-9999.0,-9999.0,0.0,0,1,"time.struct_time(tm_year=2022, tm_mon=10, tm_mday=12, tm_hour=7, tm_min=55, tm_sec=25, tm_wday=2, tm_yday=285, tm_isdst=-1)",2022-10-12,2022,10,285,12,55,7,BUS01
2022-10-12 07:57:55,40.765713,-111.909683,1275.2,-9999.0,-9999.0,-9999.0,13.67,20.4,14.42,34.83,8.0,2.0,17.22,21.0,878.1,0.0,12.1,1.82,36.1,840.7,-9999.0,-9999.0,-9999.0,-9999.0,-9999.0,-9999.0,-9999.0,0.0,0,1,"time.struct_time(tm_year=2022, tm_mon=10, tm_mday=12, tm_hour=7, tm_min=57, tm_sec=55, tm_wday=2, tm_yday=285, tm_isdst=-1)",2022-10-12,2022,10,285,12,57,7,BUS01
2022-10-12 08:00:25,40.76582,-111.909637,1278.4,-9999.0,-9999.0,-9999.0,13.67,20.37,14.18,35.19,6.0,2.0,17.22,21.0,878.2,0.0,9.4,1.84,36.1,840.7,-9999.0,-9999.0,-9999.0,-9999.0,-9999.0,-9999.0,-9999.0,0.0,0,1,"time.struct_time(tm_year=2022, tm_mon=10, tm_mday=12, tm_hour=8, tm_min=0, tm_sec=25, tm_wday=2, tm_yday=285, tm_isdst=-1)",2022-10-12,2022,10,285,12,0,8,BUS01
2022-10-12 08:02:55,40.765808,-111.909676,1294.9,-9999.0,-9999.0,-9999.0,13.68,20.34,14.04,35.31,5.0,2.0,17.22,21.0,878.2,0.0,12.2,1.84,36.0,840.8,-9999.0,-9999.0,-9999.0,-9999.0,-9999.0,-9999.0,-9999.0,0.0,0,1,"time.struct_time(tm_year=2022, tm_mon=10, tm_mday=12, tm_hour=8, tm_min=2, tm_sec=55, tm_wday=2, tm_yday=285, tm_isdst=-1)",2022-10-12,2022,10,285,12,2,8,BUS01
2022-10-12 08:05:25,40.765766,-111.909721,1291.2,-9999.0,-9999.0,-9999.0,13.67,20.31,13.98,35.35,4.0,2.0,17.11,21.0,878.4,0.0,10.6,1.83,36.0,840.7,-9999.0,-9999.0,-9999.0,-9999.0,-9999.0,-9999.0,-9999.0,0.0,0,1,"time.struct_time(tm_year=2022, tm_mon=10, tm_mday=12, tm_hour=8, tm_min=5, tm_sec=25, tm_wday=2, tm_yday=285, tm_isdst=-1)",2022-10-12,2022,10,285,12,5,8,BUS01
2022-10-12 08:07:55,40.765789,-111.909653,1284.0,-9999.0,-9999.0,-9999.0,13.67,20.28,14.0,35.05,5.0,2.0,17.11,21.0,878.3,0.0,12.8,1.82,36.0,840.8,-9999.0,-9999.0,-9999.0,-9999.0,-9999.0,-9999.0,-9999.0,0.0,0,1,"time.struct_time(tm_year=2022, tm_mon=10, tm_mday=12, tm_hour=8, tm_min=7, tm_sec=55, tm_wday=2, tm_yday=285, tm_isdst=-1)",2022-10-12,2022,10,285,12,7,8,BUS01
2022-10-12 08:10:25,40.76582,-111.909691,1275.6,-9999.0,-9999.0,-9999.0,13.67,20.25,14.04,34.97,5.0,2.0,17.0,21.0,878.5,0.0,7.8,1.82,36.0,840.8,-9999.0,-9999.0,-9999.0,-9999.0,-9999.0,-9999.0,-9999.0,0.0,0,1,"time.struct_time(tm_year=2022, tm_mon=10, tm_mday=12, tm_hour=8, tm_min=10, tm_sec=25, tm_wday=2, tm_yday=285, tm_isdst=-1)",2022-10-12,2022,10,285,12,10,8,BUS01
