Timestamp_UTC,Latitude_ddeg,Longitude_ddeg,Elevation_m,GPS_Speed_m/s,GPS_Direction_deg,GPS_RMC_Valid_binary,Battery_Voltage_volts,Bus_Box_Temperature_degC,Bus_Top_Temperature_degC,Bus_Top_Relative_Humidity_%,ES642_PM2.5_Concentration_ug/m3,ES642_Air_Flow_Rate_L/min,ES642_Internal_Air_Temperature_degC,ES642_Internal_Relative_Humidity_%,ES642_Internal_Air_Pressure_hpa,ES642_Error_Code_code,2B_Ozone_Concentration_ppbv,2B_Air_Flow_Rate_L/min,2B_Internal_Air_Temperature_degC,2B_Internal_Air_Pressure_hpa,2B405_NO_Concentration_ppbv,2B405_NO2_Concentration_ppbv,2B405_NOX_Concentration_ppbv,2B405_Internal_Air_Temperature_degC,2B405_Internal_Air_Pressure_hpa,2B405_Air_Flow_Rate_L/min,2B405_Cell_O3_Flow_Rate_mL/min,PM2.5_Data_Flagged_binary,Ozone_Data_Flagged_binary,GPS_Data_Flagged_binary,Time_Tuple,Date,Year,Month,Day_of_Year,Day_of_Month,Minute
2022-10-01 00:00:00,40.765755,-111.909721,1272.3,-9999.0,-9999.0,-9999.0,13.55,28.42,19.51,23.21,1.0,2.0,27.11,11.0,871.3,0.0,30.9,2.33,42.1,826.6,3.3,7.8,11.1,33.2,800.1,1.69,140.0,0.0,0,1,"time.struct_time(tm_year=2022, tm_mon=10, tm_mday=1, tm_hour=0, tm_min=0, tm_sec=0, tm_wday=5, tm_yday=274, tm_isdst=-1)",2022-10-01,2022,10,274,1,0
2022-10-01 00:02:30,40.765751,-111.909721,1271.7,-9999.0,-9999.0,-9999.0,13.56,28.39,19.53,23.21,1.0,2.0,27.11,11.0,871.3,0.0,28.8,2.33,42.1,826.6,2.1,6.2,8.3,33.2,800.1,1.69,140.1,0.0,0,1,"time.struct_time(tm_year=2022, tm_mon=10, tm_mday=1, tm_hour=0, tm_min=2, tm_sec=30, tm_wday=5, tm_yday=274, tm_isdst=-1)",2022-10-01,2022,10,274,1,2
2022-10-01 00:05:00,40.765747,-111.909721,1271.0,-9999.0,-9999.0,-9999.0,13.56,28.36,19.63,23.3,1.0,2.0,27.0,11.0,871.2,0.0,30.0,2.33,42.0,826.7,4.9,4.9,9.7,33.2,800.1,1.69,140.1,0.0,0,0,"time.struct_time(tm_year=2022, tm_mon=10, tm_mday=1, tm_hour=0, tm_min=5, tm_sec=0, tm_wday=5, tm_yday=274, tm_isdst=-1)",2022-10-01,2022,10,274,1,5
2022-10-01 00:07:30,40.765747,-111.909721,1270.8,-9999.0,-9999.0,-9999.0,13.56,28.33,19.59,23.38,1.0,2.0,27.0,11.0,871.2,0.0,34.8,2.31,42.0,826.6,8.0,21.8,29.8,33.2,800.1,1.69,140.0,0.0,0,0,"time.struct_time(tm_year=2022, tm_mon=10, tm_mday=1, tm_hour=0, tm_min=7, tm_sec=30, tm_wday=5, tm_yday=274, tm_isdst=-1)",2022-10-01,2022,10,274,1,7
2022-10-01 00:10:00,40.765747,-111.909721,1270.7,-9999.0,-9999.0,-9999.0,13.56,28.3,19.59,23.78,1.0,2.0,26.89,11.0,871.3,0.0,26.3,2.33,42.0,826.7,-0.5,12.7,12.1,33.2,800.1,1.69,140.2,0.0,0,0,"time.struct_time(tm_year=2022, tm_mon=10, tm_mday=1, tm_hour=0, tm_min=10, tm_sec=0, tm_wday=5, tm_yday=274, tm_isdst=-1)",2022-10-01,2022,10,274,1,10
2022-10-01 00:12:30,40.765751,-111.909714,1270.8,-9999.0,-9999.0,-9999.0,13.56,28.27,19.59,24.3,1.0,2.0,26.89,12.0,871.2,0.0,28.1,2.32,42.0,826.6,2.9,13.1,16.0,33.2,800.1,1.69,140.1,0.0,0,0,"time.struct_time(tm_year=2022, tm_mon=10, tm_mday=1, tm_hour=0, tm_min=12, tm_sec=30, tm_wday=5, tm_yday=274, tm_isdst=-1)",2022-10-01,2022,10,274,1,12
2022-10-01 00:15:00,40.765762,-111.909714,1270.7,-9999.0,-9999.0,-9999.0,13.56,28.24,19.63,24.06,1.0,2.0,26.89,12.0,871.3,0.0,21.9,2.32,42.0,826.6,8.9,17.2,26.1,33.1,800.1,1.69,140.2,0.0,0,0,"time.struct_time(tm_year=2022, tm_mon=10, tm_mday=1, tm_hour=0, tm_min=15, tm_sec=0, tm_wday=5, tm_yday=274, tm_isdst=-1)",2022-10-01,2022,10,274,1,15
2022-10-01 00:17:30,40.765759,-111.909706,1270.4,-9999.0,-9999.0,-9999.0,13.56,28.21,19.7,24.63,1.0,2.0,26.78,12.0,871.3,0.0,34.7,2.32,41.9,826.7,9.0,16.0,25.0,33.1,800.1,1.69,140.3,0.0,0,0,"time.struct_time(tm_year=2022, tm_mon=10, tm_mday=1, tm_hour=0, tm_min=17, tm_sec=30, tm_wday=5, tm_yday=274, tm_isdst=-1)",2022-10-01,2022,10,274,1,17
2022-10-01 00:20:00,40.765743,-111.909706,1270.6,-9999.0,-9999.0,-9999.0,13.56,28.18,19.73,24.45,1.0,2.0,26.78,12.0,871.4,0.0,34.5,2.33,41.9,826.8,-2.1,7.0,4.9,33.1,800.2,1.69,139.9,0.0,0,0,"time.struct_time(tm_year=2022, tm_mon=10, tm_mday=1, tm_hour=0, tm_min=20, tm_sec=0, tm_wday=5, tm_yday=274, tm_isdst=-1)",2022-10-01,2022,10,274,1,20
2022-10-01 00:22:30,40.765728,-111.909706,1270.2,-9999.0,-9999.0,-9999.0,13.56,28.16,19.83,24.79,1.0,2.0,26.78,12.0,871.3,0.0,35.5,2.32,41.9,826.6,0.1,7.0,7.1,33.1,800.2,1.69,139.9,0.0,0,0,"time.struct_time(tm_year=2022, tm_mon=10, tm_mday=1, tm_hour=0, tm_min=22, tm_sec=30, tm_wday=5, tm_yday=274, tm_isdst=-1)",2022-10-01,2022,10,274,1,22
2022-10-01 00:25:00,40.765717,-111.909714,1270.2,-9999.0,-9999.0,-9999.0,13.56,28.14,19.87,25.05,1.0,2.0,26.78,12.0,871.4,0.0,40.1,2.33,41.9,826.7,-1.8,6.4,4.6,33.1,800.2,1.69,140.0,0.0,0,0,"time.struct_time(tm_year=2022, tm_mon=10, tm_mday=1, tm_hour=0, tm_min=25, tm_sec=0, tm_wday=5, tm_yday=274, tm_isdst=-1)",2022-10-01,2022,10,274,1,25
2022-10-01 00:27:30,40.765709,-111.909706,1271.1,-9999.0,-9999.0,-9999.0,13.56,28.12,19.94,26.09,1.0,2.0,26.72,12.0,871.4,0.0,29.9,2.31,41.8,826.7,-2.9,6.9,3.9,33.1,800.2,1.69,140.0,0.0,0,0,"time.struct_time(tm_year=2022, tm_mon=10, tm_mday=1, tm_hour=0, tm_min=27, tm_sec=30, tm_wday=5, tm_yday=274, tm_isdst=-1)",2022-10-01,2022,10,274,1,27
2022-10-01 00:30:00,40.765701,-111.909706,1270.1,-9999.0,-9999.0,-9999.0,13.56,28.1,19.79,26.6,1.0,2.0,26.72,13.0,871.6,0.0,34.8,2.32,41.8,826.8,-1.8,6.9,5.1,33.1,800.2,1.69,140.2,0.0,0,0,"time.struct_time(tm_year=2022, tm_mon=10, tm_mday=1, tm_hour=0, tm_min=30, tm_sec=0, tm_wday=5, tm_yday=274, tm_isdst=-1)",2022-10-01,2022,10,274,1,30
2022-10-01 00:32:30,40.765694,-111.909706,1268.6,-9999.0,-9999.0,-9999.0,13.56,28.07,19.85,26.92,1.0,2.0,26.61,13.0,871.4,0.0,34.0,2.33,41.8,826.7,2.9,6.2,9.2,33.1,800.2,1.69,140.1,0.0,0,0,"time.struct_time(tm_year=2022, tm_mon=10, tm_mday=1, tm_hour=0, tm_min=32, tm_sec=30, tm_wday=5, tm_yday=274, tm_isdst=-1)",2022-10-01,2022,10,274,1,32
2022-10-01 00:35:00,40.765694,-111.909706,1268.5,-9999.0,-9999.0,-9999.0,13.55,28.05,19.87,26.94,1.0,2.0,26.5,13.0,871.5,0.0,36.3,2.31,41.8,826.8,-2.8,6.2,3.4,33.0,800.3,1.69,140.1,0.0,0,0,"time.struct_time(tm_year=2022, tm_mon=10, tm_mday=1, tm_hour=0, tm_min=35, tm_sec=0, tm_wday=5, tm_yday=274, tm_isdst=-1)",2022-10-01,2022,10,274,1,35
2022-10-01 00:37:30,40.76569,-111.909691,1268.6,-9999.0,-9999.0,-9999.0,13.56,28.02,19.95,27.47,1.0,2.0,26.5,13.0,871.3,0.0,31.8,2.31,41.7,826.7,-2.6,5.0,2.4,33.0,800.3,1.69,140.2,0.0,0,0,"time.struct_time(tm_year=2022, tm_mon=10, tm_mday=1, tm_hour=0, tm_min=37, tm_sec=30, tm_wday=5, tm_yday=274, tm_isdst=-1)",2022-10-01,2022,10,274,1,37
2022-10-01 00:40:00,40.765686,-111.909706,1268.8,-9999.0,-9999.0,-9999.0,13.56,27.99,20.11,27.59,1.0,2.0,26.39,14.0,871.4,0.0,29.4,2.32,41.7,826.8,1.7,8.2,9.9,33.0,800.2,1.69,140.0,0.0,0,0,"time.struct_time(tm_year=2022, tm_mon=10, tm_mday=1, tm_hour=0, tm_min=40, tm_sec=0, tm_wday=5, tm_yday=274, tm_isdst=-1)",2022-10-01,2022,10,274,1,40
2022-10-01 00:42:30,40.765675,-111.909714,1269.6,-9999.0,-9999.0,-9999.0,13.56,27.96,20.35,27.67,1.0,2.0,26.39,14.0,871.5,0.0,30.4,2.31,41.7,826.8,2.1,7.3,9.3,33.0,800.3,1.69,140.1,0.0,0,0,"time.struct_time(tm_year=2022, tm_mon=10, tm_mday=1, tm_hour=0, tm_min=42, tm_sec=30, tm_wday=5, tm_yday=274, tm_isdst=-1)",2022-10-01,2022,10,274,1,42
2022-10-01 00:45:00,40.765671,-111.909721,1270.1,-9999.0,-9999.0,-9999.0,13.56,27.93,20.4,28.35,1.0,2.0,26.28,14.0,871.7,0.0,30.6,2.32,41.7,827.0,2.0,5.1,7.1,33.0,800.3,1.69,140.2,0.0,0,0,"time.struct_time(tm_year=2022, tm_mon=10, tm_mday=1, tm_hour=0, tm_min=45, tm_sec=0, tm_wday=5, tm_yday=274, tm_isdst=-1)",2022-10-01,2022,10,274,1,45
2022-10-01 00:47:30,40.765671,-111.909714,1269.7,-9999.0,-9999.0,-9999.0,13.56,27.91,20.61,27.97,2.0,2.0,26.28,14.0,871.5,0.0,24.9,2.31,41.7,826.8,2.9,8.3,11.2,33.0,800.3,1.69,140.1,0.0,0,0,"time.struct_time(tm_year=2022, tm_mon=10, tm_mday=1, tm_hour=0, tm_min=47, tm_sec=30, tm_wday=5, tm_yday=274, tm_isdst=-1)",2022-10-01,2022,10,274,1,47
2022-10-01 00:50:00,40.765667,-111.909714,1270.8,-9999.0,-9999.0,-9999.0,13.56,27.89,20.76,27.83,1.0,2.0,26.28,14.0,871.5,0.0,31.8,2.31,41.6,826.9,1.0,11.5,12.5,33.0,800.3,1.69,140.2,0.0,0,0,"time.struct_time(tm_year=2022, tm_mon=10, tm_mday=1, tm_hour=0, tm_min=50, tm_sec=0, tm_wday=5, tm_yday=274, tm_isdst=-1)",2022-10-01,2022,10,274,1,50
2022-10-01 00:52:30,40.765663,-111.909721,1272.3,-9999.0,-9999.0,-9999.0,13.55,27.86,20.66,28.3,2.0,2.0,26.22,14.0,871.7,0.0,26.1,2.33,41.6,826.9,4.8,9.6,14.3,32.9,800.4,1.69,140.2,0.0,0,0,"time.struct_time(tm_year=2022, tm_mon=10, tm_mday=1, tm_hour=0, tm_min=52, tm_sec=30, tm_wday=5, tm_yday=274, tm_isdst=-1)",2022-10-01,2022,10,274,1,52
2022-10-01 00:56:05,40.765663,-111.909729,1272.8,-9999.0,-9999.0,-9999.0,13.56,27.83,20.3,29.08,2.0,2.0,26.22,14.0,871.6,0.0,33.8,2.32,41.6,826.8,-1.4,11.5,10.1,32.9,800.3,1.71,141.3,0.0,0,0,"time.struct_time(tm_year=2022, tm_mon=10, tm_mday=1, tm_hour=0, tm_min=56, tm_sec=5, tm_wday=5, tm_yday=274, tm_isdst=-1)",2022-10-01,2022,10,274,1,56
2022-10-01 00:58:35,40.765652,-111.909737,1273.5,-9999.0,-9999.0,-9999.0,13.55,27.81,20.05,30.22,2.0,2.0,26.11,15.0,871.4,0.0,33.2,2.31,41.5,827.0,-0.9,5.5,4.6,32.9,800.3,1.71,141.4,0.0,0,0,"time.struct_time(tm_year=2022, tm_mon=10, tm_mday=1, tm_hour=0, tm_min=58, tm_sec=35, tm_wday=5, tm_yday=274, tm_isdst=-1)",2022-10-01,2022,10,274,1,58
2022-10-01 01:01:05,40.765652,-111.909752,1274.2,-9999.0,-9999.0,-9999.0,13.56,27.79,19.81,31.07,4.0,2.0,26.0,15.0,871.7,0.0,23.4,2.32,41.5,826.9,0.3,10.2,10.5,32.9,800.3,1.7,141.2,0.0,0,0,"time.struct_time(tm_year=2022, tm_mon=10, tm_mday=1, tm_hour=1, tm_min=1, tm_sec=5, tm_wday=5, tm_yday=274, tm_isdst=-1)",2022-10-01,2022,10,274,1,1
2022-10-01 01:03:35,40.765663,-111.909767,1273.8,-9999.0,-9999.0,-9999.0,13.56,27.76,19.55,32.16,2.0,2.0,25.89,15.0,871.4,0.0,25.8,2.33,41.5,827.0,7.0,17.1,24.0,32.9,800.3,1.71,141.3,0.0,0,0,"time.struct_time(tm_year=2022, tm_mon=10, tm_mday=1, tm_hour=1, tm_min=3, tm_sec=35, tm_wday=5, tm_yday=274, tm_isdst=-1)",2022-10-01,2022,10,274,1,3
2022-10-01 01:06:05,40.765671,-111.909782,1273.8,-9999.0,-9999.0,-9999.0,13.56,27.73,19.27,32.69,2.0,2.0,25.89,15.0,871.7,0.0,29.0,2.3,41.5,826.9,1.3,10.8,12.1,32.8,800.4,1.71,141.3,0.0,0,0,"time.struct_time(tm_year=2022, tm_mon=10, tm_mday=1, tm_hour=1, tm_min=6, tm_sec=5, tm_wday=5, tm_yday=274, tm_isdst=-1)",2022-10-01,2022,10,274,1,6
2022-10-01 01:08:35,40.765667,-111.90979,1275.0,-9999.0,-9999.0,-9999.0,13.56,27.7,19.01,33.47,2.0,2.0,25.89,15.0,871.8,0.0,30.5,2.32,41.5,826.9,2.7,6.8,9.5,32.8,800.4,1.71,141.4,0.0,0,0,"time.struct_time(tm_year=2022, tm_mon=10, tm_mday=1, tm_hour=1, tm_min=8, tm_sec=35, tm_wday=5, tm_yday=274, tm_isdst=-1)",2022-10-01,2022,10,274,1,8
2022-10-01 01:11:05,40.765667,-111.90979,1276.1,-9999.0,-9999.0,-9999.0,13.56,27.66,19.01,33.67,2.0,2.0,25.78,15.0,871.8,0.0,21.9,2.32,41.4,827.0,0.3,9.0,9.2,32.8,800.4,1.71,141.5,0.0,0,0,"time.struct_time(tm_year=2022, tm_mon=10, tm_mday=1, tm_hour=1, tm_min=11, tm_sec=5, tm_wday=5, tm_yday=274, tm_isdst=-1)",2022-10-01,2022,10,274,1,11
2022-10-01 01:13:35,40.765667,-111.909782,1276.2,-9999.0,-9999.0,-9999.0,13.56,27.62,18.93,34.04,2.0,2.0,25.78,16.0,871.5,0.0,28.4,2.32,41.4,827.1,3.8,10.0,13.8,32.8,800.4,1.71,141.3,0.0,0,0,"time.struct_time(tm_year=2022, tm_mon=10, tm_mday=1, tm_hour=1, tm_min=13, tm_sec=35, tm_wday=5, tm_yday=274, tm_isdst=-1)",2022-10-01,2022,10,274,1,13
2022-10-01 01:16:05,40.765663,-111.909775,1277.6,-9999.0,-9999.0,-9999.0,13.56,27.58,18.81,34.2,2.0,2.0,25.72,16.0,871.6,0.0,10.5,2.3,41.4,826.9,28.0,18.2,46.2,32.8,800.4,1.71,141.4,0.0,0,0,"time.struct_time(tm_year=2022, tm_mon=10, tm_mday=1, tm_hour=1, tm_min=16, tm_sec=5, tm_wday=5, tm_yday=274, tm_isdst=-1)",2022-10-01,2022,10,274,1,16
2022-10-01 01:18:35,40.765667,-111.909775,1278.1,-9999.0,-9999.0,-9999.0,13.55,27.54,18.68,34.44,2.0,2.0,25.72,16.0,871.5,0.0,27.5,2.31,41.3,827.0,18.8,17.7,36.5,32.7,800.4,1.71,141.5,0.0,0,0,"time.struct_time(tm_year=2022, tm_mon=10, tm_mday=1, tm_hour=1, tm_min=18, tm_sec=35, tm_wday=5, tm_yday=274, tm_isdst=-1)",2022-10-01,2022,10,274,1,18
2022-10-01 01:21:05,40.765671,-111.90976,1279.1,-9999.0,-9999.0,-9999.0,13.56,27.5,18.6,34.8,2.0,2.0,25.61,16.0,871.4,0.0,22.9,2.31,41.3,826.9,3.3,9.2,12.5,32.7,800.4,1.71,141.4,0.0,0,0,"time.struct_time(tm_year=2022, tm_mon=10, tm_mday=1, tm_hour=1, tm_min=21, tm_sec=5, tm_wday=5, tm_yday=274, tm_isdst=-1)",2022-10-01,2022,10,274,1,21
2022-10-01 01:23:35,40.765678,-111.90976,1278.9,-9999.0,-9999.0,-9999.0,13.56,27.45,18.59,35.48,3.0,2.0,25.61,16.0,871.5,0.0,18.4,2.3,41.3,827.0,0.4,17.4,17.8,32.7,800.4,1.7,141.4,0.0,0,0,"time.struct_time(tm_year=2022, tm_mon=10, tm_mday=1, tm_hour=1, tm_min=23, tm_sec=35, tm_wday=5, tm_yday=274, tm_isdst=-1)",2022-10-01,2022,10,274,1,23
2022-10-01 01:26:05,40.765686,-111.90976,1279.1,-9999.0,-9999.0,-9999.0,13.56,27.41,18.61,36.29,3.0,2.0,25.5,16.0,871.7,0.0,5.4,2.32,41.3,827.0,74.7,21.9,96.7,32.7,800.4,1.71,141.3,0.0,0,0,"time.struct_time(tm_year=2022, tm_mon=10, tm_mday=1, tm_hour=1, tm_min=26, tm_sec=5, tm_wday=5, tm_yday=274, tm_isdst=-1)",2022-10-01,2022,10,274,1,26
2022-10-01 01:28:35,40.765682,-111.90976,1279.1,-9999.0,-9999.0,-9999.0,13.56,27.37,18.58,35.88,2.0,2.0,25.5,16.0,871.6,0.0,19.9,2.31,41.2,827.1,23.2,27.3,50.5,32.7,800.4,1.71,141.3,0.0,0,0,"time.struct_time(tm_year=2022, tm_mon=10, tm_mday=1, tm_hour=1, tm_min=28, tm_sec=35, tm_wday=5, tm_yday=274, tm_isdst=-1)",2022-10-01,2022,10,274,1,28
2022-10-01 01:31:05,40.765686,-111.90976,1279.2,-9999.0,-9999.0,-9999.0,13.56,27.33,18.56,35.64,2.0,2.0,25.5,16.0,871.6,0.0,20.6,2.29,41.2,827.1,-0.5,20.4,19.9,32.6,800.5,1.71,141.5,0.0,0,0,"time.struct_time(tm_year=2022, tm_mon=10, tm_mday=1, tm_hour=1, tm_min=31, tm_sec=5, tm_wday=5, tm_yday=274, tm_isdst=-1)",2022-10-01,2022,10,274,1,31
2022-10-01 01:33:35,40.765694,-111.909752,1279.2,-9999.0,-9999.0,-9999.0,13.55,27.29,18.54,35.73,2.0,2.0,25.39,16.0,871.5,0.0,22.5,2.31,41.2,827.2,4.2,11.6,15.9,32.6,800.4,1.71,141.4,0.0,0,0,"time.struct_time(tm_year=2022, tm_mon=10, tm_mday=1, tm_hour=1, tm_min=33, tm_sec=35, tm_wday=5, tm_yday=274, tm_isdst=-1)",2022-10-01,2022,10,274,1,33
2022-10-01 01:36:05,40.765694,-111.909744,1279.3,-9999.0,-9999.0,-9999.0,13.56,27.26,18.48,35.87,3.0,2.0,25.39,16.0,871.8,0.0,14.4,2.32,41.1,827.1,2.2,16.4,18.6,32.6,800.5,1.71,141.6,0.0,0,0,"time.struct_time(tm_year=2022, tm_mon=10, tm_mday=1, tm_hour=1, tm_min=36, tm_sec=5, tm_wday=5, tm_yday=274, tm_isdst=-1)",2022-10-01,2022,10,274,1,36
2022-10-01 01:38:35,40.765705,-111.909744,1279.2,-9999.0,-9999.0,-9999.0,13.56,27.22,18.46,35.91,3.0,2.0,25.28,16.0,871.8,0.0,26.4,2.32,41.1,827.1,5.0,17.2,22.1,32.6,800.6,1.71,141.3,0.0,0,0,"time.struct_time(tm_year=2022, tm_mon=10, tm_mday=1, tm_hour=1, tm_min=38, tm_sec=35, tm_wday=5, tm_yday=274, tm_isdst=-1)",2022-10-01,2022,10,274,1,38
2022-10-01 01:41:05,40.76572,-111.909744,1279.4,-9999.0,-9999.0,-9999.0,13.56,27.19,18.38,36.51,2.0,2.0,25.28,16.0,871.8,0.0,20.2,2.32,41.1,827.1,5.1,18.3,23.4,32.5,800.6,1.71,141.4,0.0,0,0,"time.struct_time(tm_year=2022, tm_mon=10, tm_mday=1, tm_hour=1, tm_min=41, tm_sec=5, tm_wday=5, tm_yday=274, tm_isdst=-1)",2022-10-01,2022,10,274,1,41
2022-10-01 01:43:35,40.765732,-111.909744,1279.3,-9999.0,-9999.0,-9999.0,13.56,27.15,18.31,36.91,2.0,2.0,25.28,17.0,871.5,0.0,18.6,2.32,41.0,827.3,2.0,16.1,18.0,32.5,800.6,1.71,141.4,0.0,0,0,"time.struct_time(tm_year=2022, tm_mon=10, tm_mday=1, tm_hour=1, tm_min=43, tm_sec=35, tm_wday=5, tm_yday=274, tm_isdst=-1)",2022-10-01,2022,10,274,1,43
2022-10-01 01:46:05,40.765747,-111.909737,1279.0,-9999.0,-9999.0,-9999.0,13.56,27.11,18.34,36.14,2.0,2.0,25.28,17.0,871.9,0.0,21.0,2.31,41.0,827.2,2.1,22.4,24.5,32.5,800.6,1.71,141.4,0.0,0,0,"time.struct_time(tm_year=2022, tm_mon=10, tm_mday=1, tm_hour=1, tm_min=46, tm_sec=5, tm_wday=5, tm_yday=274, tm_isdst=-1)",2022-10-01,2022,10,274,1,46
2022-10-01 01:48:35,40.765747,-111.909729,1278.9,-9999.0,-9999.0,-9999.0,13.56,27.07,18.19,37.16,2.0,2.0,25.22,17.0,871.8,0.0,13.3,2.32,41.0,827.2,6.2,18.9,25.1,32.5,800.6,1.71,141.4,0.0,0,0,"time.struct_time(tm_year=2022, tm_mon=10, tm_mday=1, tm_hour=1, tm_min=48, tm_sec=35, tm_wday=5, tm_yday=274, tm_isdst=-1)",2022-10-01,2022,10,274,1,48
2022-10-01 01:51:05,40.765747,-111.909721,1278.6,-9999.0,-9999.0,-9999.0,13.55,27.04,18.1,36.6,2.0,2.0,25.11,16.0,871.8,0.0,14.0,2.31,40.9,827.2,5.0,26.8,31.8,32.5,800.7,1.71,141.4,0.0,0,0,"time.struct_time(tm_year=2022, tm_mon=10, tm_mday=1, tm_hour=1, tm_min=51, tm_sec=5, tm_wday=5, tm_yday=274, tm_isdst=-1)",2022-10-01,2022,10,274,1,51
2022-10-01 01:53:35,40.765751,-111.909729,1278.5,-9999.0,-9999.0,-9999.0,13.56,27.0,18.16,36.41,3.0,2.0,25.11,16.0,871.9,0.0,7.5,2.31,40.9,827.2,3.9,27.4,31.3,32.4,800.7,1.71,141.5,0.0,0,0,"time.struct_time(tm_year=2022, tm_mon=10, tm_mday=1, tm_hour=1, tm_min=53, tm_sec=35, tm_wday=5, tm_yday=274, tm_isdst=-1)",2022-10-01,2022,10,274,1,53
2022-10-01 01:57:10,40.765755,-111.909737,1279.0,-9999.0,-9999.0,-9999.0,13.56,26.94,18.16,36.63,4.0,2.0,25.11,17.0,871.8,0.0,6.2,2.32,40.9,827.2,48.5,33.9,82.4,32.4,800.7,1.7,139.7,0.0,0,0,"time.struct_time(tm_year=2022, tm_mon=10, tm_mday=1, tm_hour=1, tm_min=57, tm_sec=10, tm_wday=5, tm_yday=274, tm_isdst=-1)",2022-10-01,2022,10,274,1,57
2022-10-01 01:59:40,40.765755,-111.909737,1279.2,-9999.0,-9999.0,-9999.0,13.56,26.9,18.18,36.37,3.0,2.0,25.0,17.0,871.9,0.0,12.6,2.31,40.8,827.3,14.5,31.1,45.6,32.4,800.7,1.7,139.6,0.0,0,0,"time.struct_time(tm_year=2022, tm_mon=10, tm_mday=1, tm_hour=1, tm_min=59, tm_sec=40, tm_wday=5, tm_yday=274, tm_isdst=-1)",2022-10-01,2022,10,274,1,59
2022-10-01 02:02:10,40.765739,-111.909744,1279.4,-9999.0,-9999.0,-9999.0,13.59,26.86,18.24,35.89,2.0,2.0,25.0,16.0,871.8,0.0,17.4,2.32,40.8,827.2,0.1,22.5,22.6,32.3,800.8,1.7,139.7,0.0,0,0,"time.struct_time(tm_year=2022, tm_mon=10, tm_mday=1, tm_hour=2, tm_min=2, tm_sec=10, tm_wday=5, tm_yday=274, tm_isdst=-1)",2022-10-01,2022,10,274,1,2
2022-10-01 02:04:40,40.765732,-111.909744,1279.9,-9999.0,-9999.0,-9999.0,13.59,26.82,18.28,35.39,2.0,2.0,24.89,16.0,871.6,0.0,22.1,2.3,40.8,827.3,3.5,16.4,19.9,32.3,800.6,1.7,139.9,0.0,0,0,"time.struct_time(tm_year=2022, tm_mon=10, tm_mday=1, tm_hour=2, tm_min=4, tm_sec=40, tm_wday=5, tm_yday=274, tm_isdst=-1)",2022-10-01,2022,10,274,1,4
2022-10-01 02:07:10,40.765732,-111.90976,1279.7,-9999.0,-9999.0,-9999.0,13.59,26.77,18.36,34.96,2.0,2.0,24.89,16.0,871.7,0.0,22.5,2.31,40.7,827.3,0.7,15.8,16.5,32.3,800.7,1.7,139.7,0.0,0,0,"time.struct_time(tm_year=2022, tm_mon=10, tm_mday=1, tm_hour=2, tm_min=7, tm_sec=10, tm_wday=5, tm_yday=274, tm_isdst=-1)",2022-10-01,2022,10,274,1,7
2022-10-01 02:09:40,40.765728,-111.909752,1280.4,-9999.0,-9999.0,-9999.0,13.59,26.73,18.4,35.18,3.0,2.0,24.78,16.0,871.8,0.0,14.7,2.31,40.7,827.2,-0.7,13.9,13.2,32.3,800.7,1.7,139.8,0.0,0,0,"time.struct_time(tm_year=2022, tm_mon=10, tm_mday=1, tm_hour=2, tm_min=9, tm_sec=40, tm_wday=5, tm_yday=274, tm_isdst=-1)",2022-10-01,2022,10,274,1,9
2022-10-01 02:12:10,40.765724,-111.909752,1280.2,-9999.0,-9999.0,-9999.0,13.59,26.68,18.42,35.3,2.0,2.0,24.72,17.0,871.8,0.0,19.8,2.31,40.6,827.2,8.0,19.4,27.4,32.2,800.7,1.7,139.8,0.0,0,0,"time.struct_time(tm_year=2022, tm_mon=10, tm_mday=1, tm_hour=2, tm_min=12, tm_sec=10, tm_wday=5, tm_yday=274, tm_isdst=-1)",2022-10-01,2022,10,274,1,12
2022-10-01 02:14:40,40.765732,-111.909752,1280.9,-9999.0,-9999.0,-9999.0,13.59,26.63,18.49,35.52,2.0,2.0,24.72,17.0,871.7,0.0,19.5,2.31,40.6,827.3,-0.7,19.5,18.8,32.2,800.7,1.7,139.7,0.0,0,0,"time.struct_time(tm_year=2022, tm_mon=10, tm_mday=1, tm_hour=2, tm_min=14, tm_sec=40, tm_wday=5, tm_yday=274, tm_isdst=-1)",2022-10-01,2022,10,274,1,14
2022-10-01 02:17:10,40.765736,-111.90976,1281.3,-9999.0,-9999.0,-9999.0,13.59,26.59,18.42,34.96,2.0,2.0,24.61,16.0,871.6,0.0,19.0,2.3,40.6,827.2,-3.6,16.8,13.2,32.2,800.7,1.7,139.8,0.0,0,0,"time.struct_time(tm_year=2022, tm_mon=10, tm_mday=1, tm_hour=2, tm_min=17, tm_sec=10, tm_wday=5, tm_yday=274, tm_isdst=-1)",2022-10-01,2022,10,274,1,17
2022-10-01 02:19:40,40.765743,-111.90976,1281.1,-9999.0,-9999.0,-9999.0,13.59,26.54,18.42,34.5,2.0,2.0,24.5,16.0,871.7,0.0,18.8,2.31,40.5,827.4,2.2,15.8,18.0,32.1,800.8,1.7,139.6,0.0,0,0,"time.struct_time(tm_year=2022, tm_mon=10, tm_mday=1, tm_hour=2, tm_min=19, tm_sec=40, tm_wday=5, tm_yday=274, tm_isdst=-1)",2022-10-01,2022,10,274,1,19
2022-10-01 02:22:10,40.765743,-111.909775,1281.0,-9999.0,-9999.0,-9999.0,13.59,26.5,18.4,34.36,2.0,2.0,24.5,16.0,871.8,0.0,22.5,2.3,40.5,827.3,-0.8,16.6,15.8,32.1,800.7,1.7,139.9,0.0,0,0,"time.struct_time(tm_year=2022, tm_mon=10, tm_mday=1, tm_hour=2, tm_min=22, tm_sec=10, tm_wday=5, tm_yday=274, tm_isdst=-1)",2022-10-01,2022,10,274,1,22
2022-10-01 02:24:40,40.765743,-111.909775,1281.2,-9999.0,-9999.0,-9999.0,13.59,26.45,18.4,34.19,5.0,2.0,24.39,16.0,871.7,0.0,21.9,2.31,40.5,827.3,-4.0,18.7,14.7,32.1,800.8,1.7,139.9,0.0,0,0,"time.struct_time(tm_year=2022, tm_mon=10, tm_mday=1, tm_hour=2, tm_min=24, tm_sec=40, tm_wday=5, tm_yday=274, tm_isdst=-1)",2022-10-01,2022,10,274,1,24
2022-10-01 02:27:10,40.765751,-111.909767,1280.0,-9999.0,-9999.0,-9999.0,13.59,26.4,18.4,34.8,6.0,2.0,24.28,17.0,871.7,0.0,16.1,2.3,40.4,827.3,17.7,21.9,39.6,32.0,800.8,1.7,140.0,0.0,0,0,"time.struct_time(tm_year=2022, tm_mon=10, tm_mday=1, tm_hour=2, tm_min=27, tm_sec=10, tm_wday=5, tm_yday=274, tm_isdst=-1)",2022-10-01,2022,10,274,1,27
2022-10-01 02:29:40,40.765759,-111.90976,1280.0,-9999.0,-9999.0,-9999.0,13.59,26.35,18.42,33.99,5.0,2.0,24.22,16.0,871.9,0.0,27.4,2.3,40.4,827.3,8.1,17.2,25.4,32.0,800.8,1.7,139.7,0.0,0,0,"time.struct_time(tm_year=2022, tm_mon=10, tm_mday=1, tm_hour=2, tm_min=29, tm_sec=40, tm_wday=5, tm_yday=274, tm_isdst=-1)",2022-10-01,2022,10,274,1,29
2022-10-01 02:32:10,40.765774,-111.90976,1279.8,-9999.0,-9999.0,-9999.0,13.59,26.31,18.38,34.01,5.0,2.0,24.11,16.0,871.8,0.0,24.9,2.31,40.3,827.3,-3.8,8.7,4.9,32.0,800.9,1.7,139.7,0.0,0,0,"time.struct_time(tm_year=2022, tm_mon=10, tm_mday=1, tm_hour=2, tm_min=32, tm_sec=10, tm_wday=5, tm_yday=274, tm_isdst=-1)",2022-10-01,2022,10,274,1,32
2022-10-01 02:34:40,40.765781,-111.90976,1280.6,-9999.0,-9999.0,-9999.0,13.59,26.25,18.24,34.17,3.0,2.0,24.0,16.0,871.9,0.0,28.4,2.31,40.3,827.4,3.4,5.6,9.0,31.9,800.9,1.7,139.9,0.0,0,0,"time.struct_time(tm_year=2022, tm_mon=10, tm_mday=1, tm_hour=2, tm_min=34, tm_sec=40, tm_wday=5, tm_yday=274, tm_isdst=-1)",2022-10-01,2022,10,274,1,34
2022-10-01 02:37:10,40.765781,-111.90976,1281.0,-9999.0,-9999.0,-9999.0,13.59,26.19,18.14,34.29,3.0,2.0,23.89,16.0,872.0,0.0,26.1,2.3,40.3,827.4,0.9,5.8,6.7,31.9,800.9,1.7,140.0,0.0,0,0,"time.struct_time(tm_year=2022, tm_mon=10, tm_mday=1, tm_hour=2, tm_min=37, tm_sec=10, tm_wday=5, tm_yday=274, tm_isdst=-1)",2022-10-01,2022,10,274,1,37
2022-10-01 02:39:40,40.765785,-111.90976,1281.6,-9999.0,-9999.0,-9999.0,13.59,26.14,18.09,34.38,3.0,2.0,23.89,16.0,871.8,0.0,30.1,2.3,40.2,827.4,2.2,3.1,5.3,31.9,800.9,1.7,139.7,0.0,0,0,"time.struct_time(tm_year=2022, tm_mon=10, tm_mday=1, tm_hour=2, tm_min=39, tm_sec=40, tm_wday=5, tm_yday=274, tm_isdst=-1)",2022-10-01,2022,10,274,1,39
2022-10-01 02:42:10,40.765774,-111.90976,1282.5,-9999.0,-9999.0,-9999.0,13.59,26.08,17.92,34.13,2.0,2.0,23.78,16.0,871.7,0.0,29.7,2.3,40.2,827.3,-1.4,6.1,4.7,31.8,800.8,1.7,140.0,0.0,0,0,"time.struct_time(tm_year=2022, tm_mon=10, tm_mday=1, tm_hour=2, tm_min=42, tm_sec=10, tm_wday=5, tm_yday=274, tm_isdst=-1)",2022-10-01,2022,10,274,1,42
2022-10-01 02:44:40,40.765778,-111.909752,1281.6,-9999.0,-9999.0,-9999.0,13.59,26.01,17.67,34.53,3.0,2.0,23.61,16.0,871.7,0.0,27.9,2.3,40.1,827.3,3.4,1.8,5.2,31.8,800.9,1.7,139.7,0.0,0,0,"time.struct_time(tm_year=2022, tm_mon=10, tm_mday=1, tm_hour=2, tm_min=44, tm_sec=40, tm_wday=5, tm_yday=274, tm_isdst=-1)",2022-10-01,2022,10,274,1,44
2022-10-01 02:47:10,40.765781,-111.90976,1281.1,-9999.0,-9999.0,-9999.0,13.59,25.94,17.43,34.92,2.0,2.0,23.5,16.0,871.8,0.0,30.7,2.31,40.1,827.3,1.1,5.9,7.0,31.8,800.9,1.7,139.8,0.0,0,0,"time.struct_time(tm_year=2022, tm_mon=10, tm_mday=1, tm_hour=2, tm_min=47, tm_sec=10, tm_wday=5, tm_yday=274, tm_isdst=-1)",2022-10-01,2022,10,274,1,47
2022-10-01 02:49:40,40.765793,-111.909752,1280.8,-9999.0,-9999.0,-9999.0,13.59,25.87,17.28,35.04,3.0,2.0,23.39,16.0,871.9,0.0,30.3,2.3,40.0,827.5,-0.4,9.4,9.0,31.7,800.9,1.7,139.7,0.0,0,0,"time.struct_time(tm_year=2022, tm_mon=10, tm_mday=1, tm_hour=2, tm_min=49, tm_sec=40, tm_wday=5, tm_yday=274, tm_isdst=-1)",2022-10-01,2022,10,274,1,49
2022-10-01 02:52:10,40.765793,-111.909744,1281.8,-9999.0,-9999.0,-9999.0,13.59,25.8,17.23,35.56,2.0,2.0,23.39,16.0,871.7,0.0,27.6,2.3,40.0,827.4,-2.2,5.7,3.5,31.7,800.9,1.7,139.8,0.0,0,0,"time.struct_time(tm_year=2022, tm_mon=10, tm_mday=1, tm_hour=2, tm_min=52, tm_sec=10, tm_wday=5, tm_yday=274, tm_isdst=-1)",2022-10-01,2022,10,274,1,52
2022-10-01 02:54:40,40.765808,-111.909737,1281.1,-9999.0,-9999.0,-9999.0,13.59,25.73,17.17,35.23,2.0,2.0,23.28,16.0,871.7,0.0,31.6,2.31,39.9,827.3,0.3,4.4,4.7,31.6,800.9,1.7,139.8,0.0,0,0,"time.struct_time(tm_year=2022, tm_mon=10, tm_mday=1, tm_hour=2, tm_min=54, tm_sec=40, tm_wday=5, tm_yday=274, tm_isdst=-1)",2022-10-01,2022,10,274,1,54
2022-10-01 02:58:15,40.765808,-111.909744,1281.8,-9999.0,-9999.0,-9999.0,13.59,25.64,17.17,35.26,2.0,2.0,23.28,16.0,872.0,0.0,28.5,2.3,39.8,827.4,1.1,4.6,5.7,31.6,800.9,1.69,140.2,0.0,0,0,"time.struct_time(tm_year=2022, tm_mon=10, tm_mday=1, tm_hour=2, tm_min=58, tm_sec=15, tm_wday=5, tm_yday=274, tm_isdst=-1)",2022-10-01,2022,10,274,1,58
2022-10-01 03:00:45,40.765804,-111.909752,1281.8,-9999.0,-9999.0,-9999.0,13.59,25.57,17.17,35.08,2.0,2.0,23.28,16.0,871.8,0.0,30.1,2.29,39.8,827.4,0.3,5.0,5.3,31.5,800.9,1.69,140.2,0.0,0,0,"time.struct_time(tm_year=2022, tm_mon=10, tm_mday=1, tm_hour=3, tm_min=0, tm_sec=45, tm_wday=5, tm_yday=274, tm_isdst=-1)",2022-10-01,2022,10,274,1,0
2022-10-01 03:03:15,40.7658,-111.909744,1282.0,-9999.0,-9999.0,-9999.0,13.59,25.51,17.17,35.14,2.0,2.0,23.22,16.0,872.0,0.0,32.4,2.29,39.7,827.4,0.1,1.6,1.7,31.5,801.0,1.69,140.3,0.0,0,0,"time.struct_time(tm_year=2022, tm_mon=10, tm_mday=1, tm_hour=3, tm_min=3, tm_sec=15, tm_wday=5, tm_yday=274, tm_isdst=-1)",2022-10-01,2022,10,274,1,3
2022-10-01 03:05:45,40.765781,-111.909744,1280.8,-9999.0,-9999.0,-9999.0,13.59,25.45,17.17,35.12,3.0,2.0,23.22,16.0,871.9,0.0,22.6,2.29,39.7,827.5,3.0,2.8,5.8,31.4,801.0,1.69,140.3,0.0,0,0,"time.struct_time(tm_year=2022, tm_mon=10, tm_mday=1, tm_hour=3, tm_min=5, tm_sec=45, tm_wday=5, tm_yday=274, tm_isdst=-1)",2022-10-01,2022,10,274,1,5
2022-10-01 03:08:15,40.765774,-111.909744,1280.8,-9999.0,-9999.0,-9999.0,13.59,25.39,17.09,35.53,2.0,2.0,23.22,16.0,871.9,0.0,26.9,2.3,39.6,827.6,1.8,8.7,10.6,31.4,801.0,1.69,140.3,0.0,0,0,"time.struct_time(tm_year=2022, tm_mon=10, tm_mday=1, tm_hour=3, tm_min=8, tm_sec=15, tm_wday=5, tm_yday=274, tm_isdst=-1)",2022-10-01,2022,10,274,1,8
2022-10-01 03:10:45,40.765774,-111.909752,1280.5,-9999.0,-9999.0,-9999.0,13.59,25.34,16.94,35.85,1.0,2.0,23.22,16.0,872.0,0.0,28.2,2.31,39.6,827.5,3.4,3.2,6.6,31.3,801.0,1.7,140.5,0.0,0,0,"time.struct_time(tm_year=2022, tm_mon=10, tm_mday=1, tm_hour=3, tm_min=10, tm_sec=45, tm_wday=5, tm_yday=274, tm_isdst=-1)",2022-10-01,2022,10,274,1,10
2022-10-01 03:13:15,40.765774,-111.90976,1279.9,-9999.0,-9999.0,-9999.0,13.59,25.29,16.74,36.03,3.0,2.0,23.11,16.0,871.8,0.0,26.6,2.31,39.5,827.5,2.4,2.4,4.8,31.3,801.1,1.7,140.5,0.0,0,0,"time.struct_time(tm_year=2022, tm_mon=10, tm_mday=1, tm_hour=3, tm_min=13, tm_sec=15, tm_wday=5, tm_yday=274, tm_isdst=-1)",2022-10-01,2022,10,274,1,13
2022-10-01 03:15:45,40.765766,-111.909744,1278.9,-9999.0,-9999.0,-9999.0,13.59,25.25,16.54,36.69,1.0,2.0,23.11,16.0,871.9,0.0,28.5,2.3,39.5,827.6,-1.2,6.3,5.1,31.2,801.0,1.7,140.5,0.0,0,0,"time.struct_time(tm_year=2022, tm_mon=10, tm_mday=1, tm_hour=3, tm_min=15, tm_sec=45, tm_wday=5, tm_yday=274, tm_isdst=-1)",2022-10-01,2022,10,274,1,15
2022-10-01 03:18:15,40.765755,-111.909752,1278.2,-9999.0,-9999.0,-9999.0,13.59,25.2,16.42,36.75,2.0,2.0,23.11,16.0,872.0,0.0,28.6,2.3,39.4,827.5,0.6,3.2,3.8,31.2,801.1,1.7,140.4,0.0,0,0,"time.struct_time(tm_year=2022, tm_mon=10, tm_mday=1, tm_hour=3, tm_min=18, tm_sec=15, tm_wday=5, tm_yday=274, tm_isdst=-1)",2022-10-01,2022,10,274,1,18
2022-10-01 03:20:45,40.765759,-111.909752,1278.8,-9999.0,-9999.0,-9999.0,13.59,25.15,16.44,36.41,2.0,2.0,23.11,16.0,871.8,0.0,27.4,2.3,39.4,827.6,2.6,3.2,5.8,31.1,801.0,1.7,140.4,0.0,0,0,"time.struct_time(tm_year=2022, tm_mon=10, tm_mday=1, tm_hour=3, tm_min=20, tm_sec=45, tm_wday=5, tm_yday=274, tm_isdst=-1)",2022-10-01,2022,10,274,1,20
2022-10-01 03:23:15,40.765759,-111.909752,1279.6,-9999.0,-9999.0,-9999.0,13.59,25.1,16.51,36.17,2.0,2.0,23.0,16.0,871.9,0.0,28.5,2.3,39.3,827.7,0.2,4.1,4.3,31.1,801.1,1.7,140.1,0.0,0,0,"time.struct_time(tm_year=2022, tm_mon=10, tm_mday=1, tm_hour=3, tm_min=23, tm_sec=15, tm_wday=5, tm_yday=274, tm_isdst=-1)",2022-10-01,2022,10,274,1,23
2022-10-01 03:25:45,40.765751,-111.909744,1280.1,-9999.0,-9999.0,-9999.0,13.59,25.06,16.54,36.11,3.0,2.0,23.0,17.0,871.9,0.0,28.8,2.3,39.3,827.5,0.1,4.6,4.7,31.0,801.0,1.7,140.4,0.0,0,0,"time.struct_time(tm_year=2022, tm_mon=10, tm_mday=1, tm_hour=3, tm_min=25, tm_sec=45, tm_wday=5, tm_yday=274, tm_isdst=-1)",2022-10-01,2022,10,274,1,25
2022-10-01 03:28:15,40.765789,-111.910042,1287.7,-9999.0,-9999.0,-9999.0,13.59,25.01,16.6,35.91,3.0,2.0,22.89,17.0,872.0,0.0,28.1,2.3,39.2,827.6,174.0,-5.3,168.8,31.0,801.0,1.7,140.3,0.0,0,0,"time.struct_time(tm_year=2022, tm_mon=10, tm_mday=1, tm_hour=3, tm_min=28, tm_sec=15, tm_wday=5, tm_yday=274, tm_isdst=-1)",2022-10-01,2022,10,274,1,28
2022-10-01 03:30:45,40.765869,-111.910118,1287.2,-9999.0,-9999.0,-9999.0,13.59,24.96,16.58,36.87,29.0,2.0,22.78,18.0,872.1,0.0,-1.5,2.31,39.2,827.5,48.4,23.1,71.5,31.0,801.0,1.7,140.3,0.0,0,0,"time.struct_time(tm_year=2022, tm_mon=10, tm_mday=1, tm_hour=3, tm_min=30, tm_sec=45, tm_wday=5, tm_yday=274, tm_isdst=-1)",2022-10-01,2022,10,274,1,30
2022-10-01 03:33:15,40.765804,-111.910133,1288.6,-9999.0,-9999.0,-9999.0,13.58,24.91,16.73,36.87,22.0,2.0,22.78,18.0,872.0,0.0,-1.0,2.3,39.1,827.7,65.2,26.9,92.1,30.9,801.1,1.7,140.5,0.0,0,0,"time.struct_time(tm_year=2022, tm_mon=10, tm_mday=1, tm_hour=3, tm_min=33, tm_sec=15, tm_wday=5, tm_yday=274, tm_isdst=-1)",2022-10-01,2022,10,274,1,33
2022-10-01 03:35:45,40.765881,-111.910164,1285.2,-9999.0,-9999.0,-9999.0,13.59,24.88,16.92,36.03,17.0,2.0,22.89,18.0,872.0,0.0,4.3,2.29,39.1,827.6,48.9,30.4,79.2,30.9,801.1,1.7,140.4,0.0,0,0,"time.struct_time(tm_year=2022, tm_mon=10, tm_mday=1, tm_hour=3, tm_min=35, tm_sec=45, tm_wday=5, tm_yday=274, tm_isdst=-1)",2022-10-01,2022,10,274,1,35
2022-10-01 03:38:15,40.765797,-111.910263,1282.1,-9999.0,-9999.0,-9999.0,13.59,24.86,17.15,35.55,15.0,2.0,23.11,18.0,872.2,0.0,3.0,2.31,39.1,827.6,27.2,31.1,58.2,30.8,801.1,1.7,141.0,0.0,0,0,"time.struct_time(tm_year=2022, tm_mon=10, tm_mday=1, tm_hour=3, tm_min=38, tm_sec=15, tm_wday=5, tm_yday=274, tm_isdst=-1)",2022-10-01,2022,10,274,1,38
2022-10-01 03:40:45,40.76577,-111.910362,1282.0,-9999.0,-9999.0,-9999.0,13.63,24.86,17.35,34.6,13.0,2.0,23.22,18.0,872.0,0.0,1.7,2.28,39.0,827.6,17.1,25.4,42.5,30.8,801.1,1.7,140.8,0.0,0,0,"time.struct_time(tm_year=2022, tm_mon=10, tm_mday=1, tm_hour=3, tm_min=40, tm_sec=45, tm_wday=5, tm_yday=274, tm_isdst=-1)",2022-10-01,2022,10,274,1,40
2022-10-01 03:43:15,40.765751,-111.910416,1282.4,-9999.0,-9999.0,-9999.0,13.63,24.86,17.59,33.69,10.0,2.0,23.28,18.0,871.9,0.0,2.4,2.29,39.0,827.7,7.3,24.3,31.6,30.8,801.2,1.69,140.5,0.0,0,0,"time.struct_time(tm_year=2022, tm_mon=10, tm_mday=1, tm_hour=3, tm_min=43, tm_sec=15, tm_wday=5, tm_yday=274, tm_isdst=-1)",2022-10-01,2022,10,274,1,43
2022-10-01 03:45:45,40.765808,-111.910416,1283.5,-9999.0,-9999.0,-9999.0,13.62,24.88,17.8,32.93,17.0,2.0,23.5,17.0,871.8,0.0,1.7,2.3,39.0,827.5,7.6,22.7,30.4,30.7,801.2,1.69,140.2,0.0,0,0,"time.struct_time(tm_year=2022, tm_mon=10, tm_mday=1, tm_hour=3, tm_min=45, tm_sec=45, tm_wday=5, tm_yday=274, tm_isdst=-1)",2022-10-01,2022,10,274,1,45
2022-10-01 03:48:15,40.765831,-111.910301,1284.8,-9999.0,-9999.0,-9999.0,13.63,24.9,17.98,33.31,8.0,2.0,23.61,17.0,871.9,0.0,14.4,2.29,38.9,827.6,4.9,22.6,27.4,30.7,801.2,1.7,140.1,0.0,0,0,"time.struct_time(tm_year=2022, tm_mon=10, tm_mday=1, tm_hour=3, tm_min=48, tm_sec=15, tm_wday=5, tm_yday=274, tm_isdst=-1)",2022-10-01,2022,10,274,1,48
2022-10-01 03:50:45,40.765846,-111.910248,1284.3,-9999.0,-9999.0,-9999.0,13.63,24.93,18.04,33.28,12.0,2.0,23.72,17.0,872.2,0.0,17.5,2.29,38.9,827.6,1.0,11.1,12.2,30.7,801.2,1.7,140.0,0.0,0,0,"time.struct_time(tm_year=2022, tm_mon=10, tm_mday=1, tm_hour=3, tm_min=50, tm_sec=45, tm_wday=5, tm_yday=274, tm_isdst=-1)",2022-10-01,2022,10,274,1,50
2022-10-01 03:53:15,40.765846,-111.91024,1284.2,-9999.0,-9999.0,-9999.0,13.63,24.97,18.04,32.92,11.0,2.0,23.78,17.0,871.9,0.0,17.1,2.28,38.9,827.6,5.5,9.6,15.1,30.6,801.3,1.69,140.0,0.0,0,0,"time.struct_time(tm_year=2022, tm_mon=10, tm_mday=1, tm_hour=3, tm_min=53, tm_sec=15, tm_wday=5, tm_yday=274, tm_isdst=-1)",2022-10-01,2022,10,274,1,53
2022-10-01 03:55:45,40.765846,-111.910217,1283.9,-9999.0,-9999.0,-9999.0,13.63,25.0,18.12,32.24,15.0,2.0,23.89,17.0,872.1,0.0,17.2,2.29,38.9,827.6,5.3,14.9,20.2,30.6,801.2,1.7,139.9,0.0,0,0,"time.struct_time(tm_year=2022, tm_mon=10, tm_mday=1, tm_hour=3, tm_min=55, tm_sec=45, tm_wday=5, tm_yday=274, tm_isdst=-1)",2022-10-01,2022,10,274,1,55
2022-10-01 03:59:20,40.7658,-111.909531,1286.0,-9999.0,-9999.0,-9999.0,13.63,25.06,17.96,32.3,3.0,2.0,23.89,17.0,871.8,0.0,30.5,2.3,38.9,827.4,-11.6,6.1,-5.5,30.6,801.1,1.71,141.2,0.0,0,0,"time.struct_time(tm_year=2022, tm_mon=10, tm_mday=1, tm_hour=3, tm_min=59, tm_sec=20, tm_wday=5, tm_yday=274, tm_isdst=-1)",2022-10-01,2022,10,274,1,59
2022-10-01 04:01:50,40.765678,-111.909897,1284.7,-9999.0,-9999.0,-9999.0,13.63,25.08,17.65,32.64,3.0,2.0,23.78,17.0,872.1,0.0,24.7,2.29,38.9,827.5,-4.4,14.0,9.6,30.6,801.1,1.71,141.1,0.0,0,0,"time.struct_time(tm_year=2022, tm_mon=10, tm_mday=1, tm_hour=4, tm_min=1, tm_sec=50, tm_wday=5, tm_yday=274, tm_isdst=-1)",2022-10-01,2022,10,274,1,1
2022-10-01 04:04:20,40.765678,-111.909889,1284.6,-9999.0,-9999.0,-9999.0,13.63,25.1,17.53,32.56,1.0,2.0,23.5,16.0,871.8,0.0,30.0,2.3,38.9,827.5,0.8,2.0,2.8,30.5,801.2,1.7,140.8,0.0,0,0,"time.struct_time(tm_year=2022, tm_mon=10, tm_mday=1, tm_hour=4, tm_min=4, tm_sec=20, tm_wday=5, tm_yday=274, tm_isdst=-1)",2022-10-01,2022,10,274,1,4
2022-10-01 04:06:50,40.765678,-111.909866,1284.4,-9999.0,-9999.0,-9999.0,13.63,25.1,17.35,32.67,1.0,2.0,23.39,16.0,871.8,0.0,31.5,2.29,38.9,827.5,-1.8,5.7,3.9,30.5,801.1,1.7,141.0,0.0,0,0,"time.struct_time(tm_year=2022, tm_mon=10, tm_mday=1, tm_hour=4, tm_min=6, tm_sec=50, tm_wday=5, tm_yday=274, tm_isdst=-1)",2022-10-01,2022,10,274,1,6
2022-10-01 04:09:20,40.765671,-111.909843,1284.0,-9999.0,-9999.0,-9999.0,13.63,25.09,17.25,33.11,2.0,2.0,23.22,16.0,871.8,0.0,29.7,2.3,38.9,827.5,-1.2,4.6,3.4,30.5,801.2,1.7,141.0,0.0,0,0,"time.struct_time(tm_year=2022, tm_mon=10, tm_mday=1, tm_hour=4, tm_min=9, tm_sec=20, tm_wday=5, tm_yday=274, tm_isdst=-1)",2022-10-01,2022,10,274,1,9
2022-10-01 04:11:50,40.765678,-111.909836,1283.5,-9999.0,-9999.0,-9999.0,13.63,25.07,17.19,33.07,2.0,2.0,23.11,16.0,871.8,0.0,30.3,2.29,38.9,827.5,-3.8,5.9,2.1,30.5,801.2,1.7,141.1,0.0,0,0,"time.struct_time(tm_year=2022, tm_mon=10, tm_mday=1, tm_hour=4, tm_min=11, tm_sec=50, tm_wday=5, tm_yday=274, tm_isdst=-1)",2022-10-01,2022,10,274,1,11
2022-10-01 04:14:20,40.765678,-111.909805,1281.5,-9999.0,-9999.0,-9999.0,13.63,25.04,17.11,32.87,2.0,2.0,22.89,16.0,871.7,0.0,32.5,2.28,38.9,827.5,-1.2,2.6,1.4,30.4,801.2,1.7,140.9,0.0,0,0,"time.struct_time(tm_year=2022, tm_mon=10, tm_mday=1, tm_hour=4, tm_min=14, tm_sec=20, tm_wday=5, tm_yday=274, tm_isdst=-1)",2022-10-01,2022,10,274,1,14
2022-10-01 04:16:50,40.765678,-111.909782,1280.2,-9999.0,-9999.0,-9999.0,13.63,25.0,17.11,32.86,2.0,2.0,22.89,16.0,871.8,0.0,30.5,2.29,38.8,827.5,2.5,2.8,5.3,30.4,801.0,1.7,141.2,0.0,0,0,"time.struct_time(tm_year=2022, tm_mon=10, tm_mday=1, tm_hour=4, tm_min=16, tm_sec=50, tm_wday=5, tm_yday=274, tm_isdst=-1)",2022-10-01,2022,10,274,1,16
2022-10-01 04:19:20,40.765678,-111.909767,1279.6,-9999.0,-9999.0,-9999.0,13.63,24.96,17.09,33.05,3.0,2.0,22.78,16.0,871.8,0.0,30.6,2.29,38.8,827.5,0.1,3.2,3.3,30.4,801.1,1.7,141.2,0.0,0,0,"time.struct_time(tm_year=2022, tm_mon=10, tm_mday=1, tm_hour=4, tm_min=19, tm_sec=20, tm_wday=5, tm_yday=274, tm_isdst=-1)",2022-10-01,2022,10,274,1,19
2022-10-01 04:21:50,40.765671,-111.90976,1280.0,-9999.0,-9999.0,-9999.0,13.63,24.91,17.07,32.62,2.0,2.0,22.72,16.0,871.8,0.0,25.4,2.3,38.8,827.5,5.1,6.0,11.1,30.4,801.1,1.7,141.1,0.0,0,0,"time.struct_time(tm_year=2022, tm_mon=10, tm_mday=1, tm_hour=4, tm_min=21, tm_sec=50, tm_wday=5, tm_yday=274, tm_isdst=-1)",2022-10-01,2022,10,274,1,21
2022-10-01 04:24:20,40.765678,-111.909744,1279.5,-9999.0,-9999.0,-9999.0,13.63,24.87,17.01,32.53,2.0,2.0,22.61,16.0,871.7,0.0,31.2,2.3,38.8,827.4,-1.6,4.1,2.5,30.3,801.0,1.7,141.2,0.0,0,0,"time.struct_time(tm_year=2022, tm_mon=10, tm_mday=1, tm_hour=4, tm_min=24, tm_sec=20, tm_wday=5, tm_yday=274, tm_isdst=-1)",2022-10-01,2022,10,274,1,24
2022-10-01 04:26:50,40.765675,-111.909744,1278.1,-9999.0,-9999.0,-9999.0,13.63,24.81,16.93,33.01,2.0,2.0,22.5,16.0,871.8,0.0,27.5,2.3,38.7,827.5,0.9,2.2,3.1,30.3,801.0,1.7,141.1,0.0,0,0,"time.struct_time(tm_year=2022, tm_mon=10, tm_mday=1, tm_hour=4, tm_min=26, tm_sec=50, tm_wday=5, tm_yday=274, tm_isdst=-1)",2022-10-01,2022,10,274,1,26
2022-10-01 04:29:20,40.765682,-111.909744,1278.1,-9999.0,-9999.0,-9999.0,13.63,24.76,16.85,35.03,2.0,2.0,22.39,17.0,871.9,0.0,19.3,2.3,38.7,827.4,1.1,9.2,10.3,30.3,801.0,1.7,141.3,0.0,0,0,"time.struct_time(tm_year=2022, tm_mon=10, tm_mday=1, tm_hour=4, tm_min=29, tm_sec=20, tm_wday=5, tm_yday=274, tm_isdst=-1)",2022-10-01,2022,10,274,1,29
2022-10-01 04:31:50,40.765682,-111.909737,1278.5,-9999.0,-9999.0,-9999.0,13.63,24.72,16.78,35.44,4.0,2.0,22.39,17.0,872.0,0.0,18.1,2.3,38.7,827.4,1.8,9.9,11.6,30.2,801.0,1.7,141.4,0.0,0,0,"time.struct_time(tm_year=2022, tm_mon=10, tm_mday=1, tm_hour=4, tm_min=31, tm_sec=50, tm_wday=5, tm_yday=274, tm_isdst=-1)",2022-10-01,2022,10,274,1,31
2022-10-01 04:34:20,40.76569,-111.909729,1278.5,-9999.0,-9999.0,-9999.0,13.63,24.67,16.77,34.96,2.0,2.0,22.39,17.0,871.8,0.0,24.1,2.29,38.7,827.5,-0.3,13.1,12.8,30.2,801.1,1.7,141.2,0.0,0,0,"time.struct_time(tm_year=2022, tm_mon=10, tm_mday=1, tm_hour=4, tm_min=34, tm_sec=20, tm_wday=5, tm_yday=274, tm_isdst=-1)",2022-10-01,2022,10,274,1,34
2022-10-01 04:36:50,40.765686,-111.909721,1278.8,-9999.0,-9999.0,-9999.0,13.62,24.63,16.72,34.05,1.0,2.0,22.39,16.0,871.8,0.0,26.2,2.3,38.6,827.5,-2.6,7.7,5.2,30.2,801.1,1.7,141.3,0.0,0,0,"time.struct_time(tm_year=2022, tm_mon=10, tm_mday=1, tm_hour=4, tm_min=36, tm_sec=50, tm_wday=5, tm_yday=274, tm_isdst=-1)",2022-10-01,2022,10,274,1,36
2022-10-01 04:39:20,40.765682,-111.909721,1279.8,-9999.0,-9999.0,-9999.0,13.62,24.59,16.67,35.58,3.0,2.0,22.28,17.0,871.8,0.0,18.6,2.3,38.6,827.5,0.8,8.3,9.2,30.2,801.0,1.7,141.6,0.0,0,0,"time.struct_time(tm_year=2022, tm_mon=10, tm_mday=1, tm_hour=4, tm_min=39, tm_sec=20, tm_wday=5, tm_yday=274, tm_isdst=-1)",2022-10-01,2022,10,274,1,39
2022-10-01 04:41:50,40.765694,-111.909714,1280.3,-9999.0,-9999.0,-9999.0,13.63,24.55,16.58,36.78,3.0,2.0,22.28,17.0,871.7,0.0,11.7,2.3,38.6,827.4,1.5,17.2,18.7,30.1,801.0,1.7,141.4,0.0,0,0,"time.struct_time(tm_year=2022, tm_mon=10, tm_mday=1, tm_hour=4, tm_min=41, tm_sec=50, tm_wday=5, tm_yday=274, tm_isdst=-1)",2022-10-01,2022,10,274,1,41
2022-10-01 04:44:20,40.765694,-111.909706,1280.6,-9999.0,-9999.0,-9999.0,13.63,24.52,16.43,35.43,2.0,2.0,22.28,17.0,871.7,0.0,24.2,2.28,38.5,827.6,7.0,21.4,28.4,30.1,801.1,1.71,141.4,0.0,0,0,"time.struct_time(tm_year=2022, tm_mon=10, tm_mday=1, tm_hour=4, tm_min=44, tm_sec=20, tm_wday=5, tm_yday=274, tm_isdst=-1)",2022-10-01,2022,10,274,1,44
2022-10-01 04:46:50,40.76569,-111.909721,1281.1,-9999.0,-9999.0,-9999.0,13.63,24.48,16.44,36.17,3.0,2.0,22.28,17.0,871.9,0.0,16.7,2.29,38.5,827.5,-2.1,13.4,11.3,30.1,801.0,1.71,141.4,0.0,0,0,"time.struct_time(tm_year=2022, tm_mon=10, tm_mday=1, tm_hour=4, tm_min=46, tm_sec=50, tm_wday=5, tm_yday=274, tm_isdst=-1)",2022-10-01,2022,10,274,1,46
2022-10-01 04:49:20,40.765701,-111.909714,1281.0,-9999.0,-9999.0,-9999.0,13.63,24.45,16.44,37.5,3.0,2.0,22.28,18.0,872.1,0.0,12.4,2.29,38.5,827.5,-0.1,18.5,18.3,30.0,801.1,1.7,141.3,0.0,0,0,"time.struct_time(tm_year=2022, tm_mon=10, tm_mday=1, tm_hour=4, tm_min=49, tm_sec=20, tm_wday=5, tm_yday=274, tm_isdst=-1)",2022-10-01,2022,10,274,1,49
2022-10-01 04:51:50,40.765717,-111.909714,1280.8,-9999.0,-9999.0,-9999.0,13.63,24.41,16.4,37.98,2.0,2.0,22.22,18.0,871.9,0.0,14.5,2.29,38.5,827.5,-0.3,19.5,19.2,30.0,801.1,1.7,141.4,0.0,0,0,"time.struct_time(tm_year=2022, tm_mon=10, tm_mday=1, tm_hour=4, tm_min=51, tm_sec=50, tm_wday=5, tm_yday=274, tm_isdst=-1)",2022-10-01,2022,10,274,1,51
2022-10-01 04:54:20,40.76572,-111.909714,1280.8,-9999.0,-9999.0,-9999.0,13.62,24.38,16.38,38.19,3.0,2.0,22.22,18.0,872.2,0.0,17.6,2.28,38.4,827.5,-0.5,18.3,17.8,30.0,801.2,1.7,141.2,0.0,0,0,"time.struct_time(tm_year=2022, tm_mon=10, tm_mday=1, tm_hour=4, tm_min=54, tm_sec=20, tm_wday=5, tm_yday=274, tm_isdst=-1)",2022-10-01,2022,10,274,1,54
2022-10-01 04:56:50,40.765717,-111.909721,1281.1,-9999.0,-9999.0,-9999.0,13.63,24.35,16.39,35.85,1.0,2.0,22.22,18.0,872.2,0.0,21.0,2.29,38.4,827.7,34.1,23.7,57.8,29.9,801.4,1.7,140.9,0.0,0,0,"time.struct_time(tm_year=2022, tm_mon=10, tm_mday=1, tm_hour=4, tm_min=56, tm_sec=50, tm_wday=5, tm_yday=274, tm_isdst=-1)",2022-10-01,2022,10,274,1,56
2022-10-01 05:00:25,40.765709,-111.909737,1279.2,-9999.0,-9999.0,-9999.0,13.63,24.31,16.3,36.14,2.0,2.0,22.11,17.0,872.2,0.0,20.7,2.3,38.4,827.7,-0.6,15.0,14.4,29.9,801.3,1.7,139.7,0.0,0,0,"time.struct_time(tm_year=2022, tm_mon=10, tm_mday=1, tm_hour=5, tm_min=0, tm_sec=25, tm_wday=5, tm_yday=274, tm_isdst=-1)",2022-10-01,2022,10,274,1,0
2022-10-01 05:02:55,40.765717,-111.909714,1279.5,-9999.0,-9999.0,-9999.0,13.63,24.28,16.24,36.27,2.0,2.0,22.11,17.0,872.2,0.0,13.7,2.29,38.3,827.7,0.8,15.4,16.2,29.9,801.3,1.7,139.6,0.0,0,0,"time.struct_time(tm_year=2022, tm_mon=10, tm_mday=1, tm_hour=5, tm_min=2, tm_sec=55, tm_wday=5, tm_yday=274, tm_isdst=-1)",2022-10-01,2022,10,274,1,2
2022-10-01 05:05:25,40.76572,-111.909706,1279.5,-9999.0,-9999.0,-9999.0,13.63,24.26,16.24,35.78,2.0,2.0,22.11,17.0,872.0,0.0,19.8,2.28,38.3,827.7,1.0,17.0,18.0,29.8,801.3,1.7,139.7,0.0,0,0,"time.struct_time(tm_year=2022, tm_mon=10, tm_mday=1, tm_hour=5, tm_min=5, tm_sec=25, tm_wday=5, tm_yday=274, tm_isdst=-1)",2022-10-01,2022,10,274,1,5
2022-10-01 05:07:55,40.76572,-111.909714,1279.9,-9999.0,-9999.0,-9999.0,13.63,24.23,16.24,34.9,1.0,2.0,22.11,17.0,872.0,0.0,27.6,2.29,38.3,827.7,2.1,14.7,16.8,29.8,801.3,1.7,139.5,0.0,0,0,"time.struct_time(tm_year=2022, tm_mon=10, tm_mday=1, tm_hour=5, tm_min=7, tm_sec=55, tm_wday=5, tm_yday=274, tm_isdst=-1)",2022-10-01,2022,10,274,1,7
2022-10-01 05:10:25,40.765713,-111.909698,1280.6,-9999.0,-9999.0,-9999.0,13.63,24.21,16.29,34.05,1.0,2.0,22.11,17.0,871.9,0.0,28.1,2.29,38.3,827.7,-0.3,12.5,12.2,29.8,801.3,1.7,139.4,0.0,0,0,"time.struct_time(tm_year=2022, tm_mon=10, tm_mday=1, tm_hour=5, tm_min=10, tm_sec=25, tm_wday=5, tm_yday=274, tm_isdst=-1)",2022-10-01,2022,10,274,1,10
2022-10-01 05:12:55,40.765713,-111.909698,1281.0,-9999.0,-9999.0,-9999.0,13.63,24.19,16.28,36.19,1.0,2.0,22.0,18.0,872.0,0.0,21.0,2.29,38.2,827.6,0.6,7.9,8.4,29.8,801.3,1.7,139.7,0.0,0,0,"time.struct_time(tm_year=2022, tm_mon=10, tm_mday=1, tm_hour=5, tm_min=12, tm_sec=55, tm_wday=5, tm_yday=274, tm_isdst=-1)",2022-10-01,2022,10,274,1,12
2022-10-01 05:15:25,40.765709,-111.909698,1281.1,-9999.0,-9999.0,-9999.0,13.63,24.16,16.26,36.81,1.0,2.0,22.0,17.0,872.0,0.0,14.5,2.28,38.2,827.5,6.8,13.9,20.7,29.7,801.3,1.7,139.5,0.0,0,0,"time.struct_time(tm_year=2022, tm_mon=10, tm_mday=1, tm_hour=5, tm_min=15, tm_sec=25, tm_wday=5, tm_yday=274, tm_isdst=-1)",2022-10-01,2022,10,274,1,15
2022-10-01 05:17:55,40.765709,-111.909698,1281.7,-9999.0,-9999.0,-9999.0,13.63,24.14,16.16,36.2,2.0,2.0,22.0,17.0,872.0,0.0,14.9,2.28,38.2,827.6,1.7,17.2,18.9,29.7,801.1,1.7,139.7,0.0,0,0,"time.struct_time(tm_year=2022, tm_mon=10, tm_mday=1, tm_hour=5, tm_min=17, tm_sec=55, tm_wday=5, tm_yday=274, tm_isdst=-1)",2022-10-01,2022,10,274,1,17
2022-10-01 05:20:25,40.765709,-111.909698,1282.1,-9999.0,-9999.0,-9999.0,13.63,24.12,16.0,36.47,3.0,2.0,22.0,17.0,871.8,0.0,13.6,2.3,38.2,827.6,5.0,11.3,16.3,29.7,801.1,1.7,139.7,0.0,0,0,"time.struct_time(tm_year=2022, tm_mon=10, tm_mday=1, tm_hour=5, tm_min=20, tm_sec=25, tm_wday=5, tm_yday=274, tm_isdst=-1)",2022-10-01,2022,10,274,1,20
2022-10-01 05:22:55,40.765709,-111.909698,1282.3,-9999.0,-9999.0,-9999.0,13.63,24.09,15.96,35.43,2.0,2.0,22.0,17.0,872.0,0.0,17.8,2.28,38.1,827.6,3.8,16.8,20.5,29.7,801.3,1.7,139.4,0.0,0,0,"time.struct_time(tm_year=2022, tm_mon=10, tm_mday=1, tm_hour=5, tm_min=22, tm_sec=55, tm_wday=5, tm_yday=274, tm_isdst=-1)",2022-10-01,2022,10,274,1,22
2022-10-01 05:25:25,40.765724,-111.909698,1282.2,-9999.0,-9999.0,-9999.0,13.63,24.07,15.96,37.18,2.0,2.0,22.0,17.0,871.8,0.0,9.5,2.27,38.1,827.5,0.7,21.5,22.2,29.6,801.2,1.7,139.8,0.0,0,0,"time.struct_time(tm_year=2022, tm_mon=10, tm_mday=1, tm_hour=5, tm_min=25, tm_sec=25, tm_wday=5, tm_yday=274, tm_isdst=-1)",2022-10-01,2022,10,274,1,25
2022-10-01 05:27:55,40.765724,-111.909698,1282.5,-9999.0,-9999.0,-9999.0,13.63,24.05,15.81,39.74,3.0,2.0,22.0,18.0,872.0,0.0,8.6,2.3,38.1,827.6,-1.8,23.9,22.1,29.6,801.1,1.7,139.8,0.0,0,0,"time.struct_time(tm_year=2022, tm_mon=10, tm_mday=1, tm_hour=5, tm_min=27, tm_sec=55, tm_wday=5, tm_yday=274, tm_isdst=-1)",2022-10-01,2022,10,274,1,27
2022-10-01 05:30:25,40.765724,-111.909698,1282.7,-9999.0,-9999.0,-9999.0,13.63,24.03,15.57,41.06,5.0,2.0,22.0,19.0,872.1,0.0,2.3,2.29,38.1,827.6,44.3,34.8,79.1,29.6,801.2,1.7,139.7,0.0,0,0,"time.struct_time(tm_year=2022, tm_mon=10, tm_mday=1, tm_hour=5, tm_min=30, tm_sec=25, tm_wday=5, tm_yday=274, tm_isdst=-1)",2022-10-01,2022,10,274,1,30
2022-10-01 05:32:55,40.765728,-111.909691,1282.6,-9999.0,-9999.0,-9999.0,13.63,24.01,15.42,41.59,3.0,2.0,22.0,19.0,872.0,0.0,7.5,2.29,38.1,827.5,7.7,30.6,38.3,29.6,801.0,1.7,139.9,0.0,0,0,"time.struct_time(tm_year=2022, tm_mon=10, tm_mday=1, tm_hour=5, tm_min=32, tm_sec=55, tm_wday=5, tm_yday=274, tm_isdst=-1)",2022-10-01,2022,10,274,1,32
2022-10-01 05:35:25,40.765724,-111.909691,1283.0,-9999.0,-9999.0,-9999.0,13.63,23.99,15.33,41.52,2.0,2.0,22.0,19.0,871.8,0.0,5.7,2.28,38.0,827.6,16.4,30.5,46.9,29.5,801.3,1.7,139.4,0.0,0,0,"time.struct_time(tm_year=2022, tm_mon=10, tm_mday=1, tm_hour=5, tm_min=35, tm_sec=25, tm_wday=5, tm_yday=274, tm_isdst=-1)",2022-10-01,2022,10,274,1,35
2022-10-01 05:37:55,40.765728,-111.909698,1283.1,-9999.0,-9999.0,-9999.0,13.63,23.97,15.37,41.51,3.0,2.0,22.0,19.0,872.1,0.0,5.2,2.29,38.0,827.6,10.4,25.3,35.7,29.5,801.3,1.7,139.5,0.0,0,0,"time.struct_time(tm_year=2022, tm_mon=10, tm_mday=1, tm_hour=5, tm_min=37, tm_sec=55, tm_wday=5, tm_yday=274, tm_isdst=-1)",2022-10-01,2022,10,274,1,37
2022-10-01 05:40:25,40.765732,-111.909683,1283.7,-9999.0,-9999.0,-9999.0,13.62,23.95,15.45,41.49,3.0,2.0,22.0,19.0,871.9,0.0,6.2,2.27,38.0,827.6,8.9,21.9,30.9,29.5,801.1,1.7,139.9,0.0,0,0,"time.struct_time(tm_year=2022, tm_mon=10, tm_mday=1, tm_hour=5, tm_min=40, tm_sec=25, tm_wday=5, tm_yday=274, tm_isdst=-1)",2022-10-01,2022,10,274,1,40
2022-10-01 05:42:55,40.765732,-111.909668,1284.3,-9999.0,-9999.0,-9999.0,13.63,23.92,15.44,41.33,4.0,2.0,22.0,19.0,871.9,0.0,6.2,2.3,38.0,827.5,4.4,23.8,28.1,29.5,801.1,1.7,139.9,0.0,0,0,"time.struct_time(tm_year=2022, tm_mon=10, tm_mday=1, tm_hour=5, tm_min=42, tm_sec=55, tm_wday=5, tm_yday=274, tm_isdst=-1)",2022-10-01,2022,10,274,1,42
2022-10-01 05:45:25,40.765728,-111.909683,1284.3,-9999.0,-9999.0,-9999.0,13.63,23.9,15.45,41.18,3.0,2.0,22.0,19.0,871.9,0.0,8.9,2.3,38.0,827.6,38.1,22.7,60.7,29.4,801.1,1.7,139.9,0.0,0,0,"time.struct_time(tm_year=2022, tm_mon=10, tm_mday=1, tm_hour=5, tm_min=45, tm_sec=25, tm_wday=5, tm_yday=274, tm_isdst=-1)",2022-10-01,2022,10,274,1,45
2022-10-01 05:47:55,40.765728,-111.909683,1284.0,-9999.0,-9999.0,-9999.0,13.62,23.88,15.46,41.08,3.0,2.0,22.0,19.0,872.1,0.0,7.2,2.27,37.9,827.5,12.4,22.2,34.7,29.4,801.3,1.7,139.4,0.0,0,0,"time.struct_time(tm_year=2022, tm_mon=10, tm_mday=1, tm_hour=5, tm_min=47, tm_sec=55, tm_wday=5, tm_yday=274, tm_isdst=-1)",2022-10-01,2022,10,274,1,47
2022-10-01 05:50:25,40.765743,-111.909691,1283.8,-9999.0,-9999.0,-9999.0,13.63,23.87,15.55,40.92,3.0,2.0,21.89,19.0,871.9,0.0,4.5,2.28,37.9,827.6,5.3,23.0,28.3,29.4,801.3,1.7,139.5,0.0,0,0,"time.struct_time(tm_year=2022, tm_mon=10, tm_mday=1, tm_hour=5, tm_min=50, tm_sec=25, tm_wday=5, tm_yday=274, tm_isdst=-1)",2022-10-01,2022,10,274,1,50
2022-10-01 05:52:55,40.765751,-111.909698,1283.5,-9999.0,-9999.0,-9999.0,13.62,23.85,15.61,40.82,4.0,2.0,21.89,19.0,871.9,0.0,1.7,2.27,37.9,827.8,7.4,29.5,37.0,29.4,801.2,1.7,139.8,0.0,0,0,"time.struct_time(tm_year=2022, tm_mon=10, tm_mday=1, tm_hour=5, tm_min=52, tm_sec=55, tm_wday=5, tm_yday=274, tm_isdst=-1)",2022-10-01,2022,10,274,1,52
2022-10-01 05:55:25,40.765747,-111.909706,1282.1,-9999.0,-9999.0,-9999.0,13.62,23.84,15.66,40.39,4.0,2.0,21.89,19.0,871.9,0.0,0.9,2.28,37.9,827.6,12.7,28.0,40.7,29.4,801.4,1.7,139.3,0.0,0,0,"time.struct_time(tm_year=2022, tm_mon=10, tm_mday=1, tm_hour=5, tm_min=55, tm_sec=25, tm_wday=5, tm_yday=274, tm_isdst=-1)",2022-10-01,2022,10,274,1,55
2022-10-01 05:57:55,40.765755,-111.909706,1281.7,-9999.0,-9999.0,-9999.0,13.62,23.82,15.68,39.96,3.0,2.0,21.89,19.0,872.1,0.0,1.5,2.29,37.9,827.6,15.7,30.6,46.3,29.3,801.3,1.7,139.6,0.0,0,0,"time.struct_time(tm_year=2022, tm_mon=10, tm_mday=1, tm_hour=5, tm_min=57, tm_sec=55, tm_wday=5, tm_yday=274, tm_isdst=-1)",2022-10-01,2022,10,274,1,57
2022-10-01 06:01:30,40.765755,-111.909714,1282.2,-9999.0,-9999.0,-9999.0,13.63,23.81,15.65,40.84,4.0,2.0,21.89,19.0,872.1,0.0,-0.1,2.28,37.8,827.6,9.8,32.9,42.7,29.3,801.3,1.69,140.0,0.0,0,0,"time.struct_time(tm_year=2022, tm_mon=10, tm_mday=1, tm_hour=6, tm_min=1, tm_sec=30, tm_wday=5, tm_yday=274, tm_isdst=-1)",2022-10-01,2022,10,274,1,1
2022-10-01 06:04:00,40.765755,-111.909714,1282.1,-9999.0,-9999.0,-9999.0,13.62,23.79,15.45,40.68,4.0,2.0,21.89,19.0,872.0,0.0,3.8,2.29,37.8,827.7,9.8,28.0,37.8,29.3,801.3,1.69,140.0,0.0,0,0,"time.struct_time(tm_year=2022, tm_mon=10, tm_mday=1, tm_hour=6, tm_min=4, tm_sec=0, tm_wday=5, tm_yday=274, tm_isdst=-1)",2022-10-01,2022,10,274,1,4
2022-10-01 06:07:30,40.765766,-111.909729,1343.9,-9999.0,-9999.0,-9999.0,13.63,23.78,15.46,39.82,4.0,2.0,21.89,19.0,872.0,0.0,5.6,2.27,37.8,827.7,2.1,24.1,26.2,29.3,801.2,1.69,139.9,0.0,0,0,"time.struct_time(tm_year=2022, tm_mon=10, tm_mday=1, tm_hour=6, tm_min=7, tm_sec=30, tm_wday=5, tm_yday=274, tm_isdst=-1)",2022-10-01,2022,10,274,1,7
2022-10-01 06:10:00,40.765652,-111.909706,1320.3,-9999.0,-9999.0,-9999.0,13.63,23.76,15.55,38.94,3.0,2.0,21.78,18.0,872.0,0.0,5.9,2.29,37.8,827.7,4.8,25.2,30.0,29.2,801.3,1.69,140.0,0.0,0,0,"time.struct_time(tm_year=2022, tm_mon=10, tm_mday=1, tm_hour=6, tm_min=10, tm_sec=0, tm_wday=5, tm_yday=274, tm_isdst=-1)",2022-10-01,2022,10,274,1,10
2022-10-01 06:12:30,40.765797,-111.909676,1313.8,-9999.0,-9999.0,-9999.0,13.62,23.75,15.63,38.66,3.0,2.0,21.78,18.0,872.0,0.0,9.7,2.29,37.8,827.6,6.4,22.8,29.3,29.2,801.3,1.69,139.9,0.0,0,0,"time.struct_time(tm_year=2022, tm_mon=10, tm_mday=1, tm_hour=6, tm_min=12, tm_sec=30, tm_wday=5, tm_yday=274, tm_isdst=-1)",2022-10-01,2022,10,274,1,12
2022-10-01 06:15:00,40.7659,-111.909645,1309.4,-9999.0,-9999.0,-9999.0,13.62,23.73,15.65,38.68,3.0,2.0,21.78,18.0,871.8,0.0,7.0,2.27,37.7,827.7,1.5,24.5,26.1,29.2,801.4,1.69,139.8,0.0,0,0,"time.struct_time(tm_year=2022, tm_mon=10, tm_mday=1, tm_hour=6, tm_min=15, tm_sec=0, tm_wday=5, tm_yday=274, tm_isdst=-1)",2022-10-01,2022,10,274,1,15
2022-10-01 06:17:30,40.766006,-111.909744,1303.3,-9999.0,-9999.0,-9999.0,13.62,23.72,15.69,38.61,3.0,2.0,21.78,18.0,871.8,0.0,-0.3,2.27,37.7,827.7,6.1,28.8,34.9,29.2,801.3,1.69,140.0,0.0,0,0,"time.struct_time(tm_year=2022, tm_mon=10, tm_mday=1, tm_hour=6, tm_min=17, tm_sec=30, tm_wday=5, tm_yday=274, tm_isdst=-1)",2022-10-01,2022,10,274,1,17
2022-10-01 06:20:00,40.76577,-111.909767,1302.7,-9999.0,-9999.0,-9999.0,13.62,23.71,15.77,38.63,3.0,2.0,21.78,18.0,871.9,0.0,6.4,2.3,37.7,827.6,7.2,33.5,40.8,29.2,801.4,1.69,139.7,0.0,0,0,"time.struct_time(tm_year=2022, tm_mon=10, tm_mday=1, tm_hour=6, tm_min=20, tm_sec=0, tm_wday=5, tm_yday=274, tm_isdst=-1)",2022-10-01,2022,10,274,1,20
2022-10-01 06:22:30,40.765759,-111.909782,1293.2,-9999.0,-9999.0,-9999.0,13.62,23.7,15.84,38.69,3.0,2.0,21.78,19.0,871.9,0.0,4.5,2.28,37.7,827.6,5.4,32.7,38.0,29.1,801.4,1.69,139.8,0.0,0,0,"time.struct_time(tm_year=2022, tm_mon=10, tm_mday=1, tm_hour=6, tm_min=22, tm_sec=30, tm_wday=5, tm_yday=274, tm_isdst=-1)",2022-10-01,2022,10,274,1,22
2022-10-01 06:25:00,40.765926,-111.909821,1284.0,-9999.0,-9999.0,-9999.0,13.62,23.69,15.91,38.41,4.0,2.0,21.78,19.0,872.1,0.0,5.2,2.29,37.7,827.6,2.1,32.7,34.8,29.1,801.4,1.69,139.8,0.0,0,0,"time.struct_time(tm_year=2022, tm_mon=10, tm_mday=1, tm_hour=6, tm_min=25, tm_sec=0, tm_wday=5, tm_yday=274, tm_isdst=-1)",2022-10-01,2022,10,274,1,25
2022-10-01 06:27:30,40.765862,-111.909744,1292.1,-9999.0,-9999.0,-9999.0,13.63,23.68,15.95,38.23,3.0,2.0,21.72,19.0,871.9,0.0,3.9,2.27,37.7,827.6,5.8,28.7,34.4,29.1,801.3,1.69,139.8,0.0,0,0,"time.struct_time(tm_year=2022, tm_mon=10, tm_mday=1, tm_hour=6, tm_min=27, tm_sec=30, tm_wday=5, tm_yday=274, tm_isdst=-1)",2022-10-01,2022,10,274,1,27
2022-10-01 06:30:00,40.765678,-111.909721,1252.0,-9999.0,-9999.0,-9999.0,13.63,23.67,16.0,38.03,3.0,2.0,21.72,19.0,872.1,0.0,5.2,2.29,37.7,827.6,7.0,30.7,37.7,29.1,801.4,1.69,139.7,0.0,0,0,"time.struct_time(tm_year=2022, tm_mon=10, tm_mday=1, tm_hour=6, tm_min=30, tm_sec=0, tm_wday=5, tm_yday=274, tm_isdst=-1)",2022-10-01,2022,10,274,1,30
2022-10-01 06:32:30,40.765759,-111.90979,1265.7,-9999.0,-9999.0,-9999.0,13.63,23.65,15.98,38.16,3.0,2.0,21.72,19.0,871.8,0.0,-0.7,2.29,37.6,827.6,7.8,31.7,39.5,29.1,801.3,1.69,140.4,0.0,0,0,"time.struct_time(tm_year=2022, tm_mon=10, tm_mday=1, tm_hour=6, tm_min=32, tm_sec=30, tm_wday=5, tm_yday=274, tm_isdst=-1)",2022-10-01,2022,10,274,1,32
2022-10-01 06:35:00,40.765743,-111.909836,1272.8,-9999.0,-9999.0,-9999.0,13.63,23.64,15.95,38.52,4.0,2.0,21.72,19.0,872.0,0.0,4.9,2.29,37.6,827.7,1.1,32.2,33.3,29.1,801.3,1.69,140.3,0.0,0,0,"time.struct_time(tm_year=2022, tm_mon=10, tm_mday=1, tm_hour=6, tm_min=35, tm_sec=0, tm_wday=5, tm_yday=274, tm_isdst=-1)",2022-10-01,2022,10,274,1,35
2022-10-01 06:37:30,40.765839,-111.909683,1282.1,-9999.0,-9999.0,-9999.0,13.63,23.63,15.89,38.52,3.0,2.0,21.61,19.0,871.9,0.0,6.6,2.28,37.6,827.7,0.5,27.6,28.1,29.0,801.3,1.69,140.3,0.0,0,0,"time.struct_time(tm_year=2022, tm_mon=10, tm_mday=1, tm_hour=6, tm_min=37, tm_sec=30, tm_wday=5, tm_yday=274, tm_isdst=-1)",2022-10-01,2022,10,274,1,37
2022-10-01 06:40:00,40.76569,-111.90979,1277.9,-9999.0,-9999.0,-9999.0,13.63,23.61,15.87,38.73,3.0,2.0,21.72,19.0,872.1,0.0,8.3,2.29,37.6,827.7,1.0,23.3,24.3,29.0,801.3,1.69,140.3,0.0,0,0,"time.struct_time(tm_year=2022, tm_mon=10, tm_mday=1, tm_hour=6, tm_min=40, tm_sec=0, tm_wday=5, tm_yday=274, tm_isdst=-1)",2022-10-01,2022,10,274,1,40
2022-10-01 06:42:30,40.765747,-111.909843,1276.9,-9999.0,-9999.0,-9999.0,13.63,23.6,15.87,38.67,3.0,2.0,21.72,19.0,871.9,0.0,11.8,2.27,37.6,827.7,2.3,21.1,23.3,29.0,801.3,1.69,140.3,0.0,0,0,"time.struct_time(tm_year=2022, tm_mon=10, tm_mday=1, tm_hour=6, tm_min=42, tm_sec=30, tm_wday=5, tm_yday=274, tm_isdst=-1)",2022-10-01,2022,10,274,1,42
2022-10-01 06:45:00,40.76582,-111.909744,1289.1,-9999.0,-9999.0,-9999.0,13.63,23.6,15.88,38.71,2.0,2.0,21.72,19.0,871.9,0.0,12.9,2.28,37.6,827.7,6.6,23.4,29.9,29.0,801.4,1.69,140.4,0.0,0,0,"time.struct_time(tm_year=2022, tm_mon=10, tm_mday=1, tm_hour=6, tm_min=45, tm_sec=0, tm_wday=5, tm_yday=274, tm_isdst=-1)",2022-10-01,2022,10,274,1,45
2022-10-01 06:47:30,40.765694,-111.909576,1293.4,-9999.0,-9999.0,-9999.0,13.63,23.59,15.89,38.36,2.0,2.0,21.72,19.0,872.1,0.0,12.9,2.27,37.6,827.8,2.5,16.7,19.2,29.0,801.4,1.69,140.0,0.0,0,0,"time.struct_time(tm_year=2022, tm_mon=10, tm_mday=1, tm_hour=6, tm_min=47, tm_sec=30, tm_wday=5, tm_yday=274, tm_isdst=-1)",2022-10-01,2022,10,274,1,47
2022-10-01 06:50:00,40.765858,-111.909676,1287.3,-9999.0,-9999.0,-9999.0,13.63,23.58,15.89,38.38,3.0,2.0,21.72,19.0,872.2,0.0,17.9,2.29,37.6,827.7,1.3,15.9,17.1,29.0,801.3,1.69,139.9,0.0,0,0,"time.struct_time(tm_year=2022, tm_mon=10, tm_mday=1, tm_hour=6, tm_min=50, tm_sec=0, tm_wday=5, tm_yday=274, tm_isdst=-1)",2022-10-01,2022,10,274,1,50
2022-10-01 06:52:30,40.765781,-111.90979,1301.8,-9999.0,-9999.0,-9999.0,13.63,23.58,15.92,38.32,2.0,2.0,21.72,19.0,871.9,0.0,18.1,2.29,37.6,827.6,1.5,13.1,14.6,28.9,801.4,1.69,139.7,0.0,0,0,"time.struct_time(tm_year=2022, tm_mon=10, tm_mday=1, tm_hour=6, tm_min=52, tm_sec=30, tm_wday=5, tm_yday=274, tm_isdst=-1)",2022-10-01,2022,10,274,1,52
2022-10-01 06:55:00,40.765896,-111.909904,1312.6,-9999.0,-9999.0,-9999.0,13.63,23.57,15.88,38.36,3.0,2.0,21.72,19.0,871.9,0.0,17.0,2.28,37.5,827.7,-0.9,13.5,12.6,28.9,801.5,1.69,139.6,0.0,0,0,"time.struct_time(tm_year=2022, tm_mon=10, tm_mday=1, tm_hour=6, tm_min=55, tm_sec=0, tm_wday=5, tm_yday=274, tm_isdst=-1)",2022-10-01,2022,10,274,1,55
2022-10-01 06:57:30,40.765991,-111.909958,1313.6,-9999.0,-9999.0,-9999.0,13.63,23.57,15.85,38.59,2.0,2.0,21.72,19.0,871.9,0.0,15.9,2.27,37.5,827.6,-1.6,18.3,16.7,28.9,801.5,1.69,139.8,0.0,0,0,"time.struct_time(tm_year=2022, tm_mon=10, tm_mday=1, tm_hour=6, tm_min=57, tm_sec=30, tm_wday=5, tm_yday=274, tm_isdst=-1)",2022-10-01,2022,10,274,1,57
2022-10-01 07:00:00,40.765999,-111.909889,1296.3,-9999.0,-9999.0,-9999.0,13.63,23.56,15.76,39.77,3.0,2.0,21.72,19.0,871.8,0.0,17.3,2.28,37.5,827.7,1.0,14.7,15.8,28.9,801.4,1.69,139.8,0.0,0,0,"time.struct_time(tm_year=2022, tm_mon=10, tm_mday=1, tm_hour=7, tm_min=0, tm_sec=0, tm_wday=5, tm_yday=274, tm_isdst=-1)",2022-10-01,2022,10,274,1,0
2022-10-01 07:03:35,40.765827,-111.909897,1285.3,-9999.0,-9999.0,-9999.0,13.63,23.55,15.42,41.69,2.0,2.0,21.72,19.0,872.1,0.0,8.9,2.28,37.5,827.7,10.6,61.2,71.8,28.9,801.4,1.7,140.9,0.0,0,0,"time.struct_time(tm_year=2022, tm_mon=10, tm_mday=1, tm_hour=7, tm_min=3, tm_sec=35, tm_wday=5, tm_yday=274, tm_isdst=-1)",2022-10-01,2022,10,274,1,3
2022-10-01 07:06:05,40.765766,-111.909843,1289.9,-9999.0,-9999.0,-9999.0,13.63,23.55,15.35,41.81,3.0,2.0,21.72,19.0,872.1,0.0,9.3,2.28,37.5,827.8,16.0,25.8,41.8,28.9,801.4,1.7,140.9,0.0,0,0,"time.struct_time(tm_year=2022, tm_mon=10, tm_mday=1, tm_hour=7, tm_min=6, tm_sec=5, tm_wday=5, tm_yday=274, tm_isdst=-1)",2022-10-01,2022,10,274,1,6
2022-10-01 07:08:35,40.765797,-111.909859,1271.9,-9999.0,-9999.0,-9999.0,13.63,23.54,15.35,41.73,3.0,2.0,21.72,20.0,872.0,0.0,4.9,2.3,37.5,827.7,7.0,31.0,38.0,28.9,801.5,1.7,140.9,0.0,0,0,"time.struct_time(tm_year=2022, tm_mon=10, tm_mday=1, tm_hour=7, tm_min=8, tm_sec=35, tm_wday=5, tm_yday=274, tm_isdst=-1)",2022-10-01,2022,10,274,1,8
2022-10-01 07:11:05,40.765903,-111.909912,1289.0,-9999.0,-9999.0,-9999.0,13.62,23.53,15.38,41.71,2.0,2.0,21.61,20.0,871.9,0.0,10.0,2.27,37.5,827.8,3.6,27.1,30.7,28.9,801.5,1.7,141.0,0.0,0,0,"time.struct_time(tm_year=2022, tm_mon=10, tm_mday=1, tm_hour=7, tm_min=11, tm_sec=5, tm_wday=5, tm_yday=274, tm_isdst=-1)",2022-10-01,2022,10,274,1,11
2022-10-01 07:13:35,40.765774,-111.90976,1259.0,-9999.0,-9999.0,-9999.0,13.63,23.52,15.39,41.71,2.0,2.0,21.61,20.0,872.2,0.0,17.4,2.29,37.4,827.9,3.8,19.0,22.8,28.8,801.5,1.7,141.0,0.0,0,0,"time.struct_time(tm_year=2022, tm_mon=10, tm_mday=1, tm_hour=7, tm_min=13, tm_sec=35, tm_wday=5, tm_yday=274, tm_isdst=-1)",2022-10-01,2022,10,274,1,13
2022-10-01 07:16:05,40.765839,-111.909882,1288.8,-9999.0,-9999.0,-9999.0,13.62,23.51,15.39,41.91,2.0,2.0,21.61,20.0,872.1,0.0,12.3,2.29,37.5,827.9,3.1,11.7,14.8,28.8,801.5,1.7,141.1,0.0,0,0,"time.struct_time(tm_year=2022, tm_mon=10, tm_mday=1, tm_hour=7, tm_min=16, tm_sec=5, tm_wday=5, tm_yday=274, tm_isdst=-1)",2022-10-01,2022,10,274,1,16
2022-10-01 07:18:35,40.765919,-111.90995,1308.7,-9999.0,-9999.0,-9999.0,13.63,23.5,15.39,41.91,3.0,2.0,21.61,20.0,872.0,0.0,14.4,2.28,37.4,828.0,1.0,11.2,12.2,28.8,801.5,1.7,140.9,0.0,0,0,"time.struct_time(tm_year=2022, tm_mon=10, tm_mday=1, tm_hour=7, tm_min=18, tm_sec=35, tm_wday=5, tm_yday=274, tm_isdst=-1)",2022-10-01,2022,10,274,1,18
2022-10-01 07:21:05,40.765743,-111.909721,1299.2,-9999.0,-9999.0,-9999.0,13.63,23.49,15.41,40.98,2.0,2.0,21.61,20.0,872.0,0.0,19.0,2.28,37.5,827.9,-1.0,12.5,11.5,28.8,801.6,1.7,140.9,0.0,0,0,"time.struct_time(tm_year=2022, tm_mon=10, tm_mday=1, tm_hour=7, tm_min=21, tm_sec=5, tm_wday=5, tm_yday=274, tm_isdst=-1)",2022-10-01,2022,10,274,1,21
2022-10-01 07:23:35,40.76577,-111.909714,1292.5,-9999.0,-9999.0,-9999.0,13.63,23.48,15.43,41.04,1.0,2.0,21.5,19.0,872.1,0.0,18.3,2.28,37.4,827.9,2.1,9.3,11.4,28.8,801.6,1.7,140.7,0.0,0,0,"time.struct_time(tm_year=2022, tm_mon=10, tm_mday=1, tm_hour=7, tm_min=23, tm_sec=35, tm_wday=5, tm_yday=274, tm_isdst=-1)",2022-10-01,2022,10,274,1,23
2022-10-01 07:26:05,40.765697,-111.909866,1289.7,-9999.0,-9999.0,-9999.0,13.62,23.47,15.35,41.28,1.0,2.0,21.5,19.0,872.1,0.0,17.6,2.27,37.4,827.9,-0.9,9.9,9.0,28.8,801.6,1.7,140.5,0.0,0,0,"time.struct_time(tm_year=2022, tm_mon=10, tm_mday=1, tm_hour=7, tm_min=26, tm_sec=5, tm_wday=5, tm_yday=274, tm_isdst=-1)",2022-10-01,2022,10,274,1,26
2022-10-01 07:28:35,40.765778,-111.909943,1287.6,-9999.0,-9999.0,-9999.0,13.63,23.46,15.31,41.33,2.0,2.0,21.5,19.0,872.0,0.0,17.7,2.28,37.4,827.8,-0.0,6.9,6.9,28.8,801.6,1.7,140.6,0.0,0,0,"time.struct_time(tm_year=2022, tm_mon=10, tm_mday=1, tm_hour=7, tm_min=28, tm_sec=35, tm_wday=5, tm_yday=274, tm_isdst=-1)",2022-10-01,2022,10,274,1,28
2022-10-01 07:31:05,40.765678,-111.909691,1319.2,-9999.0,-9999.0,-9999.0,13.63,23.45,15.31,41.06,2.0,2.0,21.5,19.0,872.2,0.0,18.5,2.27,37.4,827.9,0.9,6.6,7.5,28.8,801.5,1.7,140.8,0.0,0,0,"time.struct_time(tm_year=2022, tm_mon=10, tm_mday=1, tm_hour=7, tm_min=31, tm_sec=5, tm_wday=5, tm_yday=274, tm_isdst=-1)",2022-10-01,2022,10,274,1,31
2022-10-01 07:33:35,40.765759,-111.909729,1285.4,-9999.0,-9999.0,-9999.0,13.62,23.44,15.34,41.04,2.0,2.0,21.5,19.0,872.0,0.0,18.2,2.29,37.3,827.8,-0.7,6.4,5.7,28.7,801.6,1.7,140.8,0.0,0,0,"time.struct_time(tm_year=2022, tm_mon=10, tm_mday=1, tm_hour=7, tm_min=33, tm_sec=35, tm_wday=5, tm_yday=274, tm_isdst=-1)",2022-10-01,2022,10,274,1,33
2022-10-01 07:36:05,40.765675,-111.909714,1288.4,-9999.0,-9999.0,-9999.0,13.63,23.43,15.36,41.07,1.0,2.0,21.5,19.0,872.1,0.0,17.9,2.28,37.4,827.8,2.0,1.5,3.5,28.7,801.5,1.7,140.8,0.0,0,0,"time.struct_time(tm_year=2022, tm_mon=10, tm_mday=1, tm_hour=7, tm_min=36, tm_sec=5, tm_wday=5, tm_yday=274, tm_isdst=-1)",2022-10-01,2022,10,274,1,36
2022-10-01 07:38:35,40.765705,-111.909706,1295.9,-9999.0,-9999.0,-9999.0,13.63,23.42,15.44,41.03,1.0,2.0,21.5,20.0,872.2,0.0,19.5,2.28,37.3,827.7,-0.8,5.8,5.0,28.7,801.6,1.7,140.6,0.0,0,0,"time.struct_time(tm_year=2022, tm_mon=10, tm_mday=1, tm_hour=7, tm_min=38, tm_sec=35, tm_wday=5, tm_yday=274, tm_isdst=-1)",2022-10-01,2022,10,274,1,38
2022-10-01 07:41:05,40.765728,-111.909698,1291.9,-9999.0,-9999.0,-9999.0,13.63,23.41,15.44,40.64,2.0,2.0,21.5,19.0,872.2,0.0,19.1,2.29,37.4,827.8,1.8,6.6,8.4,28.7,801.5,1.7,140.7,0.0,0,0,"time.struct_time(tm_year=2022, tm_mon=10, tm_mday=1, tm_hour=7, tm_min=41, tm_sec=5, tm_wday=5, tm_yday=274, tm_isdst=-1)",2022-10-01,2022,10,274,1,41
2022-10-01 07:43:35,40.765682,-111.909645,1313.0,-9999.0,-9999.0,-9999.0,13.63,23.41,15.48,40.56,1.0,2.0,21.5,19.0,872.1,0.0,19.8,2.29,37.3,827.8,-3.8,7.5,3.7,28.7,801.5,1.7,140.7,0.0,0,0,"time.struct_time(tm_year=2022, tm_mon=10, tm_mday=1, tm_hour=7, tm_min=43, tm_sec=35, tm_wday=5, tm_yday=274, tm_isdst=-1)",2022-10-01,2022,10,274,1,43
2022-10-01 07:46:05,40.765751,-111.909821,1276.0,-9999.0,-9999.0,-9999.0,13.63,23.4,15.48,40.64,1.0,2.0,21.5,19.0,872.1,0.0,19.4,2.28,37.4,827.8,-2.2,6.6,4.4,28.7,801.5,1.7,140.7,0.0,0,0,"time.struct_time(tm_year=2022, tm_mon=10, tm_mday=1, tm_hour=7, tm_min=46, tm_sec=5, tm_wday=5, tm_yday=274, tm_isdst=-1)",2022-10-01,2022,10,274,1,46
2022-10-01 07:48:35,40.765774,-111.909782,1288.4,-9999.0,-9999.0,-9999.0,13.62,23.39,15.44,40.62,1.0,2.0,21.5,19.0,872.2,0.0,20.7,2.28,37.3,827.8,1.6,3.2,4.8,28.7,801.4,1.7,141.1,0.0,0,0,"time.struct_time(tm_year=2022, tm_mon=10, tm_mday=1, tm_hour=7, tm_min=48, tm_sec=35, tm_wday=5, tm_yday=274, tm_isdst=-1)",2022-10-01,2022,10,274,1,48
2022-10-01 07:51:05,40.765686,-111.909569,1276.1,-9999.0,-9999.0,-9999.0,13.63,23.38,15.43,40.54,1.0,2.0,21.39,19.0,872.0,0.0,18.9,2.28,37.3,827.8,-1.8,5.1,3.3,28.7,801.5,1.7,140.9,0.0,0,0,"time.struct_time(tm_year=2022, tm_mon=10, tm_mday=1, tm_hour=7, tm_min=51, tm_sec=5, tm_wday=5, tm_yday=274, tm_isdst=-1)",2022-10-01,2022,10,274,1,51
2022-10-01 07:53:35,40.765884,-111.909668,1274.3,-9999.0,-9999.0,-9999.0,13.63,23.37,15.43,40.68,1.0,2.0,21.5,19.0,872.1,0.0,19.8,2.28,37.3,827.7,-0.9,5.5,4.7,28.6,801.5,1.7,140.8,0.0,0,0,"time.struct_time(tm_year=2022, tm_mon=10, tm_mday=1, tm_hour=7, tm_min=53, tm_sec=35, tm_wday=5, tm_yday=274, tm_isdst=-1)",2022-10-01,2022,10,274,1,53
2022-10-01 07:56:05,40.765759,-111.909744,1280.0,-9999.0,-9999.0,-9999.0,13.63,23.36,15.44,40.82,1.0,2.0,21.5,19.0,872.0,0.0,12.4,2.27,37.3,827.8,-4.0,9.0,5.1,28.6,801.6,1.7,140.7,0.0,0,0,"time.struct_time(tm_year=2022, tm_mon=10, tm_mday=1, tm_hour=7, tm_min=56, tm_sec=5, tm_wday=5, tm_yday=274, tm_isdst=-1)",2022-10-01,2022,10,274,1,56
2022-10-01 07:58:35,40.76577,-111.909866,1281.0,-9999.0,-9999.0,-9999.0,13.63,23.35,15.45,40.72,2.0,2.0,21.5,20.0,872.0,0.0,16.3,2.28,37.3,827.9,0.8,7.2,8.1,28.6,801.6,1.7,140.7,0.0,0,0,"time.struct_time(tm_year=2022, tm_mon=10, tm_mday=1, tm_hour=7, tm_min=58, tm_sec=35, tm_wday=5, tm_yday=274, tm_isdst=-1)",2022-10-01,2022,10,274,1,58
2022-10-01 08:01:05,40.765751,-111.909805,1289.7,-9999.0,-9999.0,-9999.0,13.63,23.35,15.43,42.11,2.0,2.0,21.5,20.0,872.2,0.0,18.2,2.27,37.3,827.9,-0.5,7.3,6.7,28.6,801.6,1.7,140.7,0.0,0,0,"time.struct_time(tm_year=2022, tm_mon=10, tm_mday=1, tm_hour=8, tm_min=1, tm_sec=5, tm_wday=5, tm_yday=274, tm_isdst=-1)",2022-10-01,2022,10,274,1,1
2022-10-01 08:04:40,40.765812,-111.90976,1262.3,-9999.0,-9999.0,-9999.0,13.63,23.34,15.25,41.81,1.0,2.0,21.5,20.0,872.2,0.0,17.2,2.26,37.3,827.9,-3.4,8.5,5.1,28.6,801.6,1.69,139.4,0.0,0,0,"time.struct_time(tm_year=2022, tm_mon=10, tm_mday=1, tm_hour=8, tm_min=4, tm_sec=40, tm_wday=5, tm_yday=274, tm_isdst=-1)",2022-10-01,2022,10,274,1,4
2022-10-01 08:07:10,40.765888,-111.909966,1279.9,-9999.0,-9999.0,-9999.0,13.63,23.33,15.28,41.55,1.0,2.0,21.39,20.0,871.9,0.0,21.6,2.28,37.3,827.8,-2.5,9.8,7.3,28.6,801.6,1.69,139.2,0.0,0,0,"time.struct_time(tm_year=2022, tm_mon=10, tm_mday=1, tm_hour=8, tm_min=7, tm_sec=10, tm_wday=5, tm_yday=274, tm_isdst=-1)",2022-10-01,2022,10,274,1,7
2022-10-01 08:09:40,40.765816,-111.909782,1279.6,-9999.0,-9999.0,-9999.0,13.63,23.33,15.33,41.99,2.0,2.0,21.39,20.0,871.9,0.0,14.7,2.28,37.3,827.8,2.5,9.0,11.4,28.6,801.3,1.7,139.5,0.0,0,0,"time.struct_time(tm_year=2022, tm_mon=10, tm_mday=1, tm_hour=8, tm_min=9, tm_sec=40, tm_wday=5, tm_yday=274, tm_isdst=-1)",2022-10-01,2022,10,274,1,9
2022-10-01 08:12:10,40.765812,-111.909851,1282.2,-9999.0,-9999.0,-9999.0,13.62,23.32,15.38,41.69,2.0,2.0,21.39,20.0,871.9,0.0,13.1,2.29,37.3,827.8,1.9,15.7,17.6,28.6,801.5,1.69,139.2,0.0,0,0,"time.struct_time(tm_year=2022, tm_mon=10, tm_mday=1, tm_hour=8, tm_min=12, tm_sec=10, tm_wday=5, tm_yday=274, tm_isdst=-1)",2022-10-01,2022,10,274,1,12
2022-10-01 08:14:40,40.765869,-111.909477,1285.9,-9999.0,-9999.0,-9999.0,13.63,23.31,15.39,41.85,2.0,2.0,21.28,20.0,872.0,0.0,9.5,2.29,37.3,827.8,1.0,18.1,19.1,28.6,801.6,1.7,139.3,0.0,0,0,"time.struct_time(tm_year=2022, tm_mon=10, tm_mday=1, tm_hour=8, tm_min=14, tm_sec=40, tm_wday=5, tm_yday=274, tm_isdst=-1)",2022-10-01,2022,10,274,1,14
2022-10-01 08:17:10,40.765644,-111.909409,1278.3,-9999.0,-9999.0,-9999.0,13.63,23.29,15.35,41.91,2.0,2.0,21.28,20.0,872.0,0.0,7.7,2.27,37.3,827.8,3.4,16.6,19.9,28.5,801.5,1.7,139.4,0.0,0,0,"time.struct_time(tm_year=2022, tm_mon=10, tm_mday=1, tm_hour=8, tm_min=17, tm_sec=10, tm_wday=5, tm_yday=274, tm_isdst=-1)",2022-10-01,2022,10,274,1,17
2022-10-01 08:19:40,40.765644,-111.909637,1276.6,-9999.0,-9999.0,-9999.0,13.63,23.28,15.37,41.39,2.0,2.0,21.28,20.0,872.0,0.0,11.6,2.28,37.2,827.9,-1.6,12.9,11.2,28.5,801.6,1.69,139.3,0.0,0,0,"time.struct_time(tm_year=2022, tm_mon=10, tm_mday=1, tm_hour=8, tm_min=19, tm_sec=40, tm_wday=5, tm_yday=274, tm_isdst=-1)",2022-10-01,2022,10,274,1,19
2022-10-01 08:22:10,40.765621,-111.909653,1283.8,-9999.0,-9999.0,-9999.0,13.63,23.27,15.4,41.23,2.0,2.0,21.28,20.0,872.0,0.0,11.6,2.29,37.2,827.9,-0.3,14.4,14.1,28.5,801.6,1.69,139.4,0.0,0,0,"time.struct_time(tm_year=2022, tm_mon=10, tm_mday=1, tm_hour=8, tm_min=22, tm_sec=10, tm_wday=5, tm_yday=274, tm_isdst=-1)",2022-10-01,2022,10,274,1,22
2022-10-01 08:24:40,40.765652,-111.909698,1278.0,-9999.0,-9999.0,-9999.0,13.63,23.26,15.43,41.19,2.0,2.0,21.28,20.0,872.1,0.0,13.4,2.27,37.2,827.8,0.2,14.6,14.8,28.5,801.4,1.7,139.6,0.0,0,0,"time.struct_time(tm_year=2022, tm_mon=10, tm_mday=1, tm_hour=8, tm_min=24, tm_sec=40, tm_wday=5, tm_yday=274, tm_isdst=-1)",2022-10-01,2022,10,274,1,24
2022-10-01 08:27:10,40.76569,-111.909721,1292.2,-9999.0,-9999.0,-9999.0,13.62,23.25,15.41,41.99,2.0,2.0,21.28,20.0,872.2,0.0,14.4,2.29,37.2,827.8,2.3,12.9,15.1,28.5,801.5,1.7,139.4,0.0,0,0,"time.struct_time(tm_year=2022, tm_mon=10, tm_mday=1, tm_hour=8, tm_min=27, tm_sec=10, tm_wday=5, tm_yday=274, tm_isdst=-1)",2022-10-01,2022,10,274,1,27
2022-10-01 08:29:40,40.765717,-111.909714,1278.2,-9999.0,-9999.0,-9999.0,13.63,23.24,15.37,41.95,2.0,2.0,21.28,20.0,872.0,0.0,17.1,2.28,37.2,827.8,-4.4,16.9,12.6,28.5,801.7,1.69,138.9,0.0,0,0,"time.struct_time(tm_year=2022, tm_mon=10, tm_mday=1, tm_hour=8, tm_min=29, tm_sec=40, tm_wday=5, tm_yday=274, tm_isdst=-1)",2022-10-01,2022,10,274,1,29
2022-10-01 08:32:10,40.765614,-111.909798,1271.0,-9999.0,-9999.0,-9999.0,13.63,23.23,15.39,41.97,1.0,2.0,21.22,20.0,872.1,0.0,14.8,2.28,37.2,827.8,-0.8,13.0,12.3,28.5,801.6,1.69,139.1,0.0,0,0,"time.struct_time(tm_year=2022, tm_mon=10, tm_mday=1, tm_hour=8, tm_min=32, tm_sec=10, tm_wday=5, tm_yday=274, tm_isdst=-1)",2022-10-01,2022,10,274,1,32
2022-10-01 08:35:00,40.765553,-111.909683,1258.2,-9999.0,-9999.0,-9999.0,13.62,23.22,15.25,42.74,2.0,2.0,21.28,20.0,872.2,0.0,13.8,2.28,37.2,827.8,-1.7,10.1,8.4,28.5,801.7,1.69,139.4,0.0,0,0,"time.struct_time(tm_year=2022, tm_mon=10, tm_mday=1, tm_hour=8, tm_min=35, tm_sec=0, tm_wday=5, tm_yday=274, tm_isdst=-1)",2022-10-01,2022,10,274,1,35
2022-10-01 08:37:30,40.765762,-111.909439,1270.9,-9999.0,-9999.0,-9999.0,13.63,23.21,15.15,43.46,1.0,2.0,21.28,20.0,872.1,0.0,18.1,2.29,37.2,827.8,-0.3,11.5,11.2,28.5,801.7,1.69,139.5,0.0,0,0,"time.struct_time(tm_year=2022, tm_mon=10, tm_mday=1, tm_hour=8, tm_min=37, tm_sec=30, tm_wday=5, tm_yday=274, tm_isdst=-1)",2022-10-01,2022,10,274,1,37
2022-10-01 08:40:00,40.765823,-111.909676,1274.9,-9999.0,-9999.0,-9999.0,13.63,23.2,15.05,44.37,2.0,2.0,21.22,21.0,872.2,0.0,16.2,2.28,37.2,827.9,5.5,7.8,13.3,28.5,801.7,1.69,139.4,0.0,0,0,"time.struct_time(tm_year=2022, tm_mon=10, tm_mday=1, tm_hour=8, tm_min=40, tm_sec=0, tm_wday=5, tm_yday=274, tm_isdst=-1)",2022-10-01,2022,10,274,1,40
2022-10-01 08:42:30,40.76569,-111.909744,1270.7,-9999.0,-9999.0,-9999.0,13.62,23.19,14.89,44.76,1.0,2.0,21.22,21.0,872.1,0.0,14.6,2.29,37.2,827.8,1.7,10.2,11.9,28.4,801.7,1.69,139.9,0.0,0,0,"time.struct_time(tm_year=2022, tm_mon=10, tm_mday=1, tm_hour=8, tm_min=42, tm_sec=30, tm_wday=5, tm_yday=274, tm_isdst=-1)",2022-10-01,2022,10,274,1,42
2022-10-01 08:45:00,40.765678,-111.909416,1299.6,-9999.0,-9999.0,-9999.0,13.63,23.17,14.81,45.01,2.0,2.0,21.22,21.0,872.1,0.0,15.4,2.27,37.2,827.8,-1.7,13.6,11.8,28.4,801.7,1.69,139.8,0.0,0,0,"time.struct_time(tm_year=2022, tm_mon=10, tm_mday=1, tm_hour=8, tm_min=45, tm_sec=0, tm_wday=5, tm_yday=274, tm_isdst=-1)",2022-10-01,2022,10,274,1,45
2022-10-01 08:47:30,40.765694,-111.909462,1302.8,-9999.0,-9999.0,-9999.0,13.63,23.16,14.75,45.41,2.0,2.0,21.28,21.0,871.9,0.0,11.9,2.28,37.1,827.8,-2.1,10.8,8.7,28.4,801.7,1.69,139.9,0.0,0,0,"time.struct_time(tm_year=2022, tm_mon=10, tm_mday=1, tm_hour=8, tm_min=47, tm_sec=30, tm_wday=5, tm_yday=274, tm_isdst=-1)",2022-10-01,2022,10,274,1,47
2022-10-01 08:50:00,40.765659,-111.909508,1288.5,-9999.0,-9999.0,-9999.0,13.63,23.14,14.66,45.43,1.0,2.0,21.22,21.0,872.2,0.0,15.2,2.27,37.1,827.8,-1.9,13.5,11.5,28.4,801.8,1.69,139.7,0.0,0,0,"time.struct_time(tm_year=2022, tm_mon=10, tm_mday=1, tm_hour=8, tm_min=50, tm_sec=0, tm_wday=5, tm_yday=274, tm_isdst=-1)",2022-10-01,2022,10,274,1,50
2022-10-01 08:52:30,40.765667,-111.909645,1277.9,-9999.0,-9999.0,-9999.0,13.62,23.13,14.71,45.24,2.0,2.0,21.22,21.0,872.2,0.0,12.8,2.27,37.1,828.0,-1.1,13.6,12.5,28.4,801.8,1.69,139.8,0.0,0,0,"time.struct_time(tm_year=2022, tm_mon=10, tm_mday=1, tm_hour=8, tm_min=52, tm_sec=30, tm_wday=5, tm_yday=274, tm_isdst=-1)",2022-10-01,2022,10,274,1,52
2022-10-01 08:55:00,40.765743,-111.909554,1285.1,-9999.0,-9999.0,-9999.0,13.63,23.12,14.74,44.71,2.0,2.0,21.22,21.0,872.1,0.0,9.6,2.27,37.1,827.8,-0.3,13.9,13.7,28.4,801.7,1.69,139.4,0.0,0,0,"time.struct_time(tm_year=2022, tm_mon=10, tm_mday=1, tm_hour=8, tm_min=55, tm_sec=0, tm_wday=5, tm_yday=274, tm_isdst=-1)",2022-10-01,2022,10,274,1,55
2022-10-01 08:57:30,40.76569,-111.909668,1289.9,-9999.0,-9999.0,-9999.0,13.63,23.1,14.68,45.15,2.0,2.0,21.22,21.0,872.2,0.0,6.9,2.27,37.1,827.9,-0.3,17.8,17.5,28.4,801.7,1.69,139.6,0.0,0,0,"time.struct_time(tm_year=2022, tm_mon=10, tm_mday=1, tm_hour=8, tm_min=57, tm_sec=30, tm_wday=5, tm_yday=274, tm_isdst=-1)",2022-10-01,2022,10,274,1,57
2022-10-01 09:00:00,40.76564,-111.909576,1277.8,-9999.0,-9999.0,-9999.0,13.63,23.09,14.68,45.29,3.0,2.0,21.22,21.0,872.0,0.0,9.7,2.27,37.1,827.8,0.5,17.1,17.5,28.4,801.7,1.69,139.5,0.0,0,0,"time.struct_time(tm_year=2022, tm_mon=10, tm_mday=1, tm_hour=9, tm_min=0, tm_sec=0, tm_wday=5, tm_yday=274, tm_isdst=-1)",2022-10-01,2022,10,274,1,0
2022-10-01 09:02:30,40.765739,-111.909615,1282.2,-9999.0,-9999.0,-9999.0,13.63,23.08,14.7,44.83,3.0,2.0,21.22,21.0,872.0,0.0,8.7,2.29,37.1,827.7,-1.9,20.3,18.4,28.4,801.8,1.69,139.6,0.0,0,0,"time.struct_time(tm_year=2022, tm_mon=10, tm_mday=1, tm_hour=9, tm_min=2, tm_sec=30, tm_wday=5, tm_yday=274, tm_isdst=-1)",2022-10-01,2022,10,274,1,2
2022-10-01 09:06:05,40.765717,-111.909622,1271.4,-9999.0,-9999.0,-9999.0,13.63,23.06,14.66,45.01,3.0,2.0,21.22,21.0,872.1,0.0,8.5,2.28,37.1,828.0,1.9,17.1,19.0,28.3,801.8,1.7,140.5,0.0,0,0,"time.struct_time(tm_year=2022, tm_mon=10, tm_mday=1, tm_hour=9, tm_min=6, tm_sec=5, tm_wday=5, tm_yday=274, tm_isdst=-1)",2022-10-01,2022,10,274,1,6
2022-10-01 09:08:35,40.765675,-111.90979,1270.4,-9999.0,-9999.0,-9999.0,13.63,23.05,14.72,44.3,3.0,2.0,21.11,21.0,872.1,0.0,10.3,2.29,37.0,827.9,-0.7,17.1,16.4,28.3,801.8,1.7,140.7,0.0,0,0,"time.struct_time(tm_year=2022, tm_mon=10, tm_mday=1, tm_hour=9, tm_min=8, tm_sec=35, tm_wday=5, tm_yday=274, tm_isdst=-1)",2022-10-01,2022,10,274,1,8
2022-10-01 09:11:05,40.76572,-111.909637,1292.4,-9999.0,-9999.0,-9999.0,13.62,23.04,14.81,41.91,2.0,2.0,21.11,20.0,872.2,0.0,24.0,2.27,37.0,828.0,-2.3,10.4,8.2,28.3,801.8,1.7,140.4,0.0,0,0,"time.struct_time(tm_year=2022, tm_mon=10, tm_mday=1, tm_hour=9, tm_min=11, tm_sec=5, tm_wday=5, tm_yday=274, tm_isdst=-1)",2022-10-01,2022,10,274,1,11
2022-10-01 09:13:35,40.765808,-111.909569,1295.8,-9999.0,-9999.0,-9999.0,13.63,23.03,14.87,42.36,3.0,2.0,21.11,20.0,872.0,0.0,16.2,2.26,37.0,828.1,-1.9,10.5,8.6,28.3,801.9,1.7,140.3,0.0,0,0,"time.struct_time(tm_year=2022, tm_mon=10, tm_mday=1, tm_hour=9, tm_min=13, tm_sec=35, tm_wday=5, tm_yday=274, tm_isdst=-1)",2022-10-01,2022,10,274,1,13
2022-10-01 09:16:05,40.765781,-111.909676,1276.4,-9999.0,-9999.0,-9999.0,13.63,23.02,14.93,42.31,2.0,2.0,21.11,20.0,872.3,0.0,15.8,2.29,37.0,828.0,-5.3,14.2,8.9,28.3,801.8,1.7,140.5,0.0,0,0,"time.struct_time(tm_year=2022, tm_mon=10, tm_mday=1, tm_hour=9, tm_min=16, tm_sec=5, tm_wday=5, tm_yday=274, tm_isdst=-1)",2022-10-01,2022,10,274,1,16
2022-10-01 09:18:35,40.765881,-111.909653,1277.7,-9999.0,-9999.0,-9999.0,13.63,23.01,15.01,42.53,2.0,2.0,21.11,20.0,872.1,0.0,9.9,2.27,37.0,828.0,-0.1,14.2,14.1,28.3,801.7,1.7,140.5,0.0,0,0,"time.struct_time(tm_year=2022, tm_mon=10, tm_mday=1, tm_hour=9, tm_min=18, tm_sec=35, tm_wday=5, tm_yday=274, tm_isdst=-1)",2022-10-01,2022,10,274,1,18
2022-10-01 09:21:05,40.765762,-111.909653,1277.5,-9999.0,-9999.0,-9999.0,13.63,23.0,15.07,43.66,3.0,2.0,21.11,20.0,872.2,0.0,5.9,2.27,37.0,828.0,4.9,26.8,31.7,28.3,801.7,1.7,140.6,0.0,0,0,"time.struct_time(tm_year=2022, tm_mon=10, tm_mday=1, tm_hour=9, tm_min=21, tm_sec=5, tm_wday=5, tm_yday=274, tm_isdst=-1)",2022-10-01,2022,10,274,1,21
2022-10-01 09:23:35,40.765587,-111.909721,1305.7,-9999.0,-9999.0,-9999.0,13.63,23.0,15.11,44.15,4.0,2.0,21.11,21.0,872.4,0.0,7.3,2.28,36.9,827.9,5.8,28.3,34.1,28.3,801.8,1.7,140.4,0.0,0,0,"time.struct_time(tm_year=2022, tm_mon=10, tm_mday=1, tm_hour=9, tm_min=23, tm_sec=35, tm_wday=5, tm_yday=274, tm_isdst=-1)",2022-10-01,2022,10,274,1,23
2022-10-01 09:26:05,40.765717,-111.909691,1306.5,-9999.0,-9999.0,-9999.0,13.62,22.99,15.07,44.69,3.0,2.0,21.11,21.0,872.1,0.0,12.0,2.27,37.0,828.1,1.9,18.6,20.5,28.3,801.8,1.7,140.4,0.0,0,0,"time.struct_time(tm_year=2022, tm_mon=10, tm_mday=1, tm_hour=9, tm_min=26, tm_sec=5, tm_wday=5, tm_yday=274, tm_isdst=-1)",2022-10-01,2022,10,274,1,26
2022-10-01 09:28:35,40.765881,-111.909676,1290.7,-9999.0,-9999.0,-9999.0,13.62,22.99,14.89,45.54,3.0,2.0,21.11,21.0,872.2,0.0,8.9,2.28,36.9,827.9,-0.5,16.3,15.8,28.3,801.8,1.7,140.6,0.0,0,0,"time.struct_time(tm_year=2022, tm_mon=10, tm_mday=1, tm_hour=9, tm_min=28, tm_sec=35, tm_wday=5, tm_yday=274, tm_isdst=-1)",2022-10-01,2022,10,274,1,28
2022-10-01 09:31:05,40.765808,-111.909645,1303.7,-9999.0,-9999.0,-9999.0,13.63,22.98,14.85,45.76,3.0,2.0,21.11,21.0,872.4,0.0,12.5,2.27,36.9,828.0,0.1,16.1,16.2,28.2,801.9,1.7,140.4,0.0,0,0,"time.struct_time(tm_year=2022, tm_mon=10, tm_mday=1, tm_hour=9, tm_min=31, tm_sec=5, tm_wday=5, tm_yday=274, tm_isdst=-1)",2022-10-01,2022,10,274,1,31
2022-10-01 09:33:35,40.765675,-111.909523,1283.4,-9999.0,-9999.0,-9999.0,13.63,22.97,14.81,45.58,3.0,2.0,21.11,21.0,872.2,0.0,10.7,2.29,36.9,828.0,-5.5,19.4,13.9,28.2,801.9,1.69,140.6,0.0,0,0,"time.struct_time(tm_year=2022, tm_mon=10, tm_mday=1, tm_hour=9, tm_min=33, tm_sec=35, tm_wday=5, tm_yday=274, tm_isdst=-1)",2022-10-01,2022,10,274,1,33
2022-10-01 09:36:05,40.76572,-111.909615,1263.5,-9999.0,-9999.0,-9999.0,13.63,22.96,14.75,45.74,3.0,2.0,21.11,21.0,872.5,0.0,9.6,2.28,36.9,828.0,4.0,18.6,22.6,28.2,802.0,1.7,140.5,0.0,0,0,"time.struct_time(tm_year=2022, tm_mon=10, tm_mday=1, tm_hour=9, tm_min=36, tm_sec=5, tm_wday=5, tm_yday=274, tm_isdst=-1)",2022-10-01,2022,10,274,1,36
2022-10-01 09:38:35,40.76577,-111.90979,1302.1,-9999.0,-9999.0,-9999.0,13.63,22.95,14.73,46.1,2.0,2.0,21.11,21.0,872.3,0.0,11.4,2.27,36.9,828.1,1.6,14.1,15.8,28.2,802.0,1.7,140.3,0.0,0,0,"time.struct_time(tm_year=2022, tm_mon=10, tm_mday=1, tm_hour=9, tm_min=38, tm_sec=35, tm_wday=5, tm_yday=274, tm_isdst=-1)",2022-10-01,2022,10,274,1,38
2022-10-01 09:41:05,40.765766,-111.909615,1299.2,-9999.0,-9999.0,-9999.0,13.62,22.95,14.73,46.11,2.0,2.0,21.11,21.0,872.4,0.0,11.6,2.29,36.9,828.1,1.2,16.3,17.5,28.2,802.0,1.7,140.5,0.0,0,0,"time.struct_time(tm_year=2022, tm_mon=10, tm_mday=1, tm_hour=9, tm_min=41, tm_sec=5, tm_wday=5, tm_yday=274, tm_isdst=-1)",2022-10-01,2022,10,274,1,41
2022-10-01 09:43:35,40.765656,-111.909622,1263.1,-9999.0,-9999.0,-9999.0,13.63,22.94,14.73,46.08,2.0,2.0,21.11,21.0,872.5,0.0,8.1,2.27,36.9,828.2,-0.1,15.5,15.4,28.2,802.1,1.69,140.5,0.0,0,0,"time.struct_time(tm_year=2022, tm_mon=10, tm_mday=1, tm_hour=9, tm_min=43, tm_sec=35, tm_wday=5, tm_yday=274, tm_isdst=-1)",2022-10-01,2022,10,274,1,43
2022-10-01 09:46:05,40.765507,-111.909538,1263.4,-9999.0,-9999.0,-9999.0,13.63,22.93,14.74,46.16,3.0,2.0,21.11,21.0,872.3,0.0,7.7,2.28,36.9,828.1,8.8,16.2,25.0,28.2,802.1,1.7,140.5,0.0,0,0,"time.struct_time(tm_year=2022, tm_mon=10, tm_mday=1, tm_hour=9, tm_min=46, tm_sec=5, tm_wday=5, tm_yday=274, tm_isdst=-1)",2022-10-01,2022,10,274,1,46
2022-10-01 09:48:35,40.765621,-111.909599,1289.1,-9999.0,-9999.0,-9999.0,13.66,22.92,14.68,46.66,3.0,2.0,21.0,21.0,872.6,0.0,9.5,2.27,36.9,828.3,10.0,20.4,30.5,28.2,802.1,1.7,140.6,0.0,0,0,"time.struct_time(tm_year=2022, tm_mon=10, tm_mday=1, tm_hour=9, tm_min=48, tm_sec=35, tm_wday=5, tm_yday=274, tm_isdst=-1)",2022-10-01,2022,10,274,1,48
2022-10-01 09:51:05,40.765701,-111.909538,1307.5,-9999.0,-9999.0,-9999.0,13.66,22.92,14.64,46.49,2.0,2.0,21.11,21.0,872.5,0.0,7.1,2.29,36.9,828.3,2.6,17.1,19.6,28.2,802.1,1.69,140.6,0.0,0,0,"time.struct_time(tm_year=2022, tm_mon=10, tm_mday=1, tm_hour=9, tm_min=51, tm_sec=5, tm_wday=5, tm_yday=274, tm_isdst=-1)",2022-10-01,2022,10,274,1,51
2022-10-01 09:53:35,40.765755,-111.909554,1293.9,-9999.0,-9999.0,-9999.0,13.66,22.91,14.72,45.79,3.0,2.0,21.11,21.0,872.3,0.0,7.6,2.27,36.8,828.4,-0.3,18.1,17.9,28.2,802.0,1.7,140.6,0.0,0,0,"time.struct_time(tm_year=2022, tm_mon=10, tm_mday=1, tm_hour=9, tm_min=53, tm_sec=35, tm_wday=5, tm_yday=274, tm_isdst=-1)",2022-10-01,2022,10,274,1,53
2022-10-01 09:56:05,40.765713,-111.909721,1295.5,-9999.0,-9999.0,-9999.0,13.66,22.91,14.82,46.79,4.0,2.0,21.11,22.0,872.6,0.0,5.7,2.28,36.9,828.3,1.0,18.2,19.2,28.2,802.1,1.69,140.7,0.0,0,0,"time.struct_time(tm_year=2022, tm_mon=10, tm_mday=1, tm_hour=9, tm_min=56, tm_sec=5, tm_wday=5, tm_yday=274, tm_isdst=-1)",2022-10-01,2022,10,274,1,56
2022-10-01 09:58:35,40.765656,-111.909615,1284.2,-9999.0,-9999.0,-9999.0,13.66,22.9,14.88,47.81,3.0,2.0,21.0,22.0,872.5,0.0,4.2,2.27,36.8,828.4,25.0,24.3,49.3,28.2,802.1,1.7,140.5,0.0,0,0,"time.struct_time(tm_year=2022, tm_mon=10, tm_mday=1, tm_hour=9, tm_min=58, tm_sec=35, tm_wday=5, tm_yday=274, tm_isdst=-1)",2022-10-01,2022,10,274,1,58
2022-10-01 10:01:05,40.76572,-111.90966,1281.9,-9999.0,-9999.0,-9999.0,13.66,22.89,14.95,47.89,3.0,2.0,21.0,22.0,872.4,0.0,4.0,2.28,36.9,828.3,14.4,22.6,37.0,28.1,802.1,1.7,140.7,0.0,0,0,"time.struct_time(tm_year=2022, tm_mon=10, tm_mday=1, tm_hour=10, tm_min=1, tm_sec=5, tm_wday=5, tm_yday=274, tm_isdst=-1)",2022-10-01,2022,10,274,1,1
2022-10-01 10:03:35,40.765747,-111.909653,1294.1,-9999.0,-9999.0,-9999.0,13.66,22.89,15.02,48.71,3.0,2.0,21.0,23.0,872.5,0.0,10.9,2.27,36.8,828.3,-0.1,21.0,20.8,28.1,802.1,1.69,139.2,0.0,0,0,"time.struct_time(tm_year=2022, tm_mon=10, tm_mday=1, tm_hour=10, tm_min=3, tm_sec=35, tm_wday=5, tm_yday=274, tm_isdst=-1)",2022-10-01,2022,10,274,1,3
2022-10-01 10:07:10,40.765583,-111.909531,1282.8,-9999.0,-9999.0,-9999.0,13.66,22.87,15.11,49.2,3.0,2.0,21.0,23.0,872.7,0.0,15.9,2.29,36.8,828.3,-9999.0,-9999.0,-9999.0,-9999.0,-9999.0,-9999.0,-9999.0,0.0,0,0,"time.struct_time(tm_year=2022, tm_mon=10, tm_mday=1, tm_hour=10, tm_min=7, tm_sec=10, tm_wday=5, tm_yday=274, tm_isdst=-1)",2022-10-01,2022,10,274,1,7
2022-10-01 10:09:40,40.765759,-111.909714,1283.2,-9999.0,-9999.0,-9999.0,13.66,22.86,15.15,49.71,2.0,2.0,20.89,24.0,872.6,0.0,12.1,2.27,36.8,828.3,-9999.0,-9999.0,-9999.0,-9999.0,-9999.0,-9999.0,-9999.0,0.0,0,0,"time.struct_time(tm_year=2022, tm_mon=10, tm_mday=1, tm_hour=10, tm_min=9, tm_sec=40, tm_wday=5, tm_yday=274, tm_isdst=-1)",2022-10-01,2022,10,274,1,9
2022-10-01 10:12:10,40.765652,-111.909676,1283.0,-9999.0,-9999.0,-9999.0,13.66,22.84,15.17,50.4,3.0,2.0,20.89,24.0,872.5,0.0,12.9,2.26,36.8,828.4,2.3,14.4,16.6,28.1,802.2,1.69,139.6,0.0,0,0,"time.struct_time(tm_year=2022, tm_mon=10, tm_mday=1, tm_hour=10, tm_min=12, tm_sec=10, tm_wday=5, tm_yday=274, tm_isdst=-1)",2022-10-01,2022,10,274,1,12
2022-10-01 10:14:40,40.765724,-111.909775,1286.4,-9999.0,-9999.0,-9999.0,13.66,22.83,15.15,52.0,3.0,2.0,20.89,24.0,872.8,0.0,9.0,2.27,36.8,828.5,-0.6,13.9,13.3,28.1,802.2,1.69,139.8,0.0,0,0,"time.struct_time(tm_year=2022, tm_mon=10, tm_mday=1, tm_hour=10, tm_min=14, tm_sec=40, tm_wday=5, tm_yday=274, tm_isdst=-1)",2022-10-01,2022,10,274,1,14
2022-10-01 10:17:10,40.765476,-111.909645,1276.5,-9999.0,-9999.0,-9999.0,13.66,22.82,15.13,53.14,3.0,2.0,20.78,24.0,872.6,0.0,6.9,2.28,36.8,828.5,0.3,17.1,17.4,28.1,802.3,1.69,139.5,0.0,0,0,"time.struct_time(tm_year=2022, tm_mon=10, tm_mday=1, tm_hour=10, tm_min=17, tm_sec=10, tm_wday=5, tm_yday=274, tm_isdst=-1)",2022-10-01,2022,10,274,1,17
2022-10-01 10:19:40,40.76569,-111.909691,1292.8,-9999.0,-9999.0,-9999.0,13.66,22.81,14.91,55.31,3.0,2.0,20.89,25.0,872.8,0.0,11.2,2.27,36.8,828.6,0.2,16.3,16.5,28.1,802.4,1.69,139.6,0.0,0,0,"time.struct_time(tm_year=2022, tm_mon=10, tm_mday=1, tm_hour=10, tm_min=19, tm_sec=40, tm_wday=5, tm_yday=274, tm_isdst=-1)",2022-10-01,2022,10,274,1,19
2022-10-01 10:22:10,40.76548,-111.909546,1287.9,-9999.0,-9999.0,-9999.0,13.66,22.8,14.73,56.8,2.0,2.0,20.78,26.0,872.7,0.0,10.9,2.27,36.8,828.7,0.2,9.5,9.7,28.1,802.4,1.69,139.6,0.0,0,0,"time.struct_time(tm_year=2022, tm_mon=10, tm_mday=1, tm_hour=10, tm_min=22, tm_sec=10, tm_wday=5, tm_yday=274, tm_isdst=-1)",2022-10-01,2022,10,274,1,22
2022-10-01 10:24:40,40.765297,-111.90937,1307.6,-9999.0,-9999.0,-9999.0,13.66,22.79,14.71,57.42,2.0,2.0,20.78,26.0,873.1,0.0,11.5,2.29,36.8,828.7,3.5,9.1,12.7,28.1,802.5,1.69,139.4,0.0,0,0,"time.struct_time(tm_year=2022, tm_mon=10, tm_mday=1, tm_hour=10, tm_min=24, tm_sec=40, tm_wday=5, tm_yday=274, tm_isdst=-1)",2022-10-01,2022,10,274,1,24
2022-10-01 10:27:10,40.765526,-111.909599,1289.3,-9999.0,-9999.0,-9999.0,13.66,22.78,14.69,57.99,3.0,2.0,20.78,26.0,872.8,0.0,12.4,2.27,36.8,828.7,6.0,18.7,24.7,28.1,802.7,1.69,139.4,0.0,0,0,"time.struct_time(tm_year=2022, tm_mon=10, tm_mday=1, tm_hour=10, tm_min=27, tm_sec=10, tm_wday=5, tm_yday=274, tm_isdst=-1)",2022-10-01,2022,10,274,1,27
2022-10-01 10:29:40,40.765583,-111.909645,1292.9,-9999.0,-9999.0,-9999.0,13.66,22.77,14.73,59.37,2.0,2.0,20.78,27.0,872.8,0.0,18.8,2.27,36.8,828.6,4.2,14.3,18.5,28.0,802.6,1.69,139.5,0.0,0,0,"time.struct_time(tm_year=2022, tm_mon=10, tm_mday=1, tm_hour=10, tm_min=29, tm_sec=40, tm_wday=5, tm_yday=274, tm_isdst=-1)",2022-10-01,2022,10,274,1,29
2022-10-01 10:32:10,40.765427,-111.909546,1280.6,-9999.0,-9999.0,-9999.0,13.66,22.76,14.77,60.23,2.0,2.0,20.72,27.0,872.9,0.0,16.5,2.27,36.8,828.6,-1.0,10.0,9.0,28.0,802.5,1.69,139.5,0.0,0,0,"time.struct_time(tm_year=2022, tm_mon=10, tm_mday=1, tm_hour=10, tm_min=32, tm_sec=10, tm_wday=5, tm_yday=274, tm_isdst=-1)",2022-10-01,2022,10,274,1,32
2022-10-01 10:34:40,40.765705,-111.909576,1296.0,-9999.0,-9999.0,-9999.0,13.66,22.74,14.71,60.69,3.0,2.0,20.61,27.0,872.8,0.0,15.7,2.27,36.8,828.7,1.6,7.2,8.8,28.0,802.6,1.69,139.5,0.0,0,0,"time.struct_time(tm_year=2022, tm_mon=10, tm_mday=1, tm_hour=10, tm_min=34, tm_sec=40, tm_wday=5, tm_yday=274, tm_isdst=-1)",2022-10-01,2022,10,274,1,34
2022-10-01 10:37:10,40.765694,-111.909698,1308.6,-9999.0,-9999.0,-9999.0,13.66,22.71,14.63,61.74,2.0,2.0,20.5,28.0,873.1,0.0,18.2,2.29,36.8,828.7,10.8,5.7,16.5,28.0,802.6,1.69,139.8,0.0,0,0,"time.struct_time(tm_year=2022, tm_mon=10, tm_mday=1, tm_hour=10, tm_min=37, tm_sec=10, tm_wday=5, tm_yday=274, tm_isdst=-1)",2022-10-01,2022,10,274,1,37
2022-10-01 10:39:40,40.76561,-111.909515,1308.6,-9999.0,-9999.0,-9999.0,13.66,22.69,14.57,61.82,2.0,2.0,20.5,28.0,873.0,0.0,16.6,2.28,36.7,828.9,2.3,6.2,8.4,28.0,802.6,1.69,139.7,0.0,0,0,"time.struct_time(tm_year=2022, tm_mon=10, tm_mday=1, tm_hour=10, tm_min=39, tm_sec=40, tm_wday=5, tm_yday=274, tm_isdst=-1)",2022-10-01,2022,10,274,1,39
2022-10-01 10:42:10,40.765747,-111.909645,1270.4,-9999.0,-9999.0,-9999.0,13.66,22.66,14.58,62.44,2.0,2.0,20.5,28.0,872.9,0.0,15.4,2.28,36.7,828.8,-0.6,3.2,2.6,28.0,802.6,1.69,139.6,0.0,0,0,"time.struct_time(tm_year=2022, tm_mon=10, tm_mday=1, tm_hour=10, tm_min=42, tm_sec=10, tm_wday=5, tm_yday=274, tm_isdst=-1)",2022-10-01,2022,10,274,1,42
2022-10-01 10:44:40,40.765743,-111.909637,1285.9,-9999.0,-9999.0,-9999.0,13.66,22.62,14.42,64.23,3.0,2.0,20.28,28.0,873.0,0.0,16.0,2.27,36.7,828.7,-2.0,7.5,5.5,28.0,802.6,1.69,139.7,0.0,0,0,"time.struct_time(tm_year=2022, tm_mon=10, tm_mday=1, tm_hour=10, tm_min=44, tm_sec=40, tm_wday=5, tm_yday=274, tm_isdst=-1)",2022-10-01,2022,10,274,1,44
2022-10-01 10:47:10,40.765911,-111.909676,1272.6,-9999.0,-9999.0,-9999.0,13.66,22.58,14.32,65.2,2.0,2.0,20.11,29.0,872.9,0.0,21.0,2.28,36.7,828.7,-0.7,5.1,4.4,28.0,802.4,1.69,140.1,0.0,0,0,"time.struct_time(tm_year=2022, tm_mon=10, tm_mday=1, tm_hour=10, tm_min=47, tm_sec=10, tm_wday=5, tm_yday=274, tm_isdst=-1)",2022-10-01,2022,10,274,1,47
2022-10-01 10:49:40,40.765827,-111.909721,1276.5,-9999.0,-9999.0,-9999.0,13.66,22.54,14.24,64.88,2.0,2.0,20.11,29.0,873.1,0.0,16.3,2.27,36.7,828.8,-0.6,5.2,4.6,27.9,802.5,1.69,140.0,0.0,0,0,"time.struct_time(tm_year=2022, tm_mon=10, tm_mday=1, tm_hour=10, tm_min=49, tm_sec=40, tm_wday=5, tm_yday=274, tm_isdst=-1)",2022-10-01,2022,10,274,1,49
2022-10-01 10:52:10,40.76582,-111.909889,1294.7,-9999.0,-9999.0,-9999.0,13.66,22.49,14.16,66.25,2.0,2.0,20.0,29.0,872.9,0.0,14.3,2.27,36.7,828.8,-4.6,9.2,4.6,27.9,802.6,1.69,139.8,0.0,0,0,"time.struct_time(tm_year=2022, tm_mon=10, tm_mday=1, tm_hour=10, tm_min=52, tm_sec=10, tm_wday=5, tm_yday=274, tm_isdst=-1)",2022-10-01,2022,10,274,1,52
2022-10-01 10:54:40,40.765759,-111.909866,1287.5,-9999.0,-9999.0,-9999.0,13.66,22.44,14.08,65.81,3.0,2.0,19.89,29.0,872.9,0.0,12.6,2.27,36.6,828.7,8.9,14.1,23.1,27.9,802.7,1.69,139.3,0.0,0,0,"time.struct_time(tm_year=2022, tm_mon=10, tm_mday=1, tm_hour=10, tm_min=54, tm_sec=40, tm_wday=5, tm_yday=274, tm_isdst=-1)",2022-10-01,2022,10,274,1,54
2022-10-01 10:57:10,40.765602,-111.909813,1262.7,-9999.0,-9999.0,-9999.0,13.66,22.38,13.94,65.31,2.0,2.0,19.78,29.0,872.8,0.0,11.8,2.28,36.6,828.7,6.5,16.6,23.1,27.9,802.6,1.69,139.4,0.0,0,0,"time.struct_time(tm_year=2022, tm_mon=10, tm_mday=1, tm_hour=10, tm_min=57, tm_sec=10, tm_wday=5, tm_yday=274, tm_isdst=-1)",2022-10-01,2022,10,274,1,57
2022-10-01 10:59:40,40.765907,-111.909782,1264.4,-9999.0,-9999.0,-9999.0,13.66,22.33,13.86,65.08,2.0,2.0,19.72,28.0,872.8,0.0,9.1,2.27,36.6,828.7,1.3,14.8,16.0,27.8,802.7,1.69,139.3,0.0,0,0,"time.struct_time(tm_year=2022, tm_mon=10, tm_mday=1, tm_hour=10, tm_min=59, tm_sec=40, tm_wday=5, tm_yday=274, tm_isdst=-1)",2022-10-01,2022,10,274,1,59
2022-10-01 11:02:10,40.765835,-111.909698,1256.4,-9999.0,-9999.0,-9999.0,13.66,22.27,13.87,65.51,2.0,2.0,19.72,29.0,873.0,0.0,12.4,2.27,36.5,828.7,-0.4,15.1,14.7,27.8,802.7,1.69,139.6,0.0,0,0,"time.struct_time(tm_year=2022, tm_mon=10, tm_mday=1, tm_hour=11, tm_min=2, tm_sec=10, tm_wday=5, tm_yday=274, tm_isdst=-1)",2022-10-01,2022,10,274,1,2
2022-10-01 11:04:40,40.765583,-111.909866,1246.8,-9999.0,-9999.0,-9999.0,13.66,22.22,13.89,65.14,2.0,2.0,19.72,29.0,872.9,0.0,13.4,2.28,36.5,828.7,-3.3,14.9,11.6,27.8,802.7,1.69,139.6,0.0,0,0,"time.struct_time(tm_year=2022, tm_mon=10, tm_mday=1, tm_hour=11, tm_min=4, tm_sec=40, tm_wday=5, tm_yday=274, tm_isdst=-1)",2022-10-01,2022,10,274,1,4
2022-10-01 11:08:15,40.765678,-111.909821,1239.5,-9999.0,-9999.0,-9999.0,13.66,22.15,13.9,66.03,3.0,2.0,19.72,29.0,872.8,0.0,11.5,2.27,36.4,828.6,1.9,10.6,12.5,27.7,802.4,1.7,141.0,0.0,0,0,"time.struct_time(tm_year=2022, tm_mon=10, tm_mday=1, tm_hour=11, tm_min=8, tm_sec=15, tm_wday=5, tm_yday=274, tm_isdst=-1)",2022-10-01,2022,10,274,1,8
2022-10-01 11:10:45,40.765759,-111.909828,1250.5,-9999.0,-9999.0,-9999.0,13.66,22.1,13.86,68.02,4.0,2.0,19.61,30.0,872.7,0.0,12.1,2.28,36.4,828.5,-1.3,14.0,12.7,27.7,802.3,1.7,140.9,0.0,0,0,"time.struct_time(tm_year=2022, tm_mon=10, tm_mday=1, tm_hour=11, tm_min=10, tm_sec=45, tm_wday=5, tm_yday=274, tm_isdst=-1)",2022-10-01,2022,10,274,1,10
2022-10-01 11:13:15,40.765694,-111.909676,1273.8,-9999.0,-9999.0,-9999.0,13.66,22.06,13.84,67.78,3.0,2.0,19.61,30.0,872.8,0.0,16.0,2.26,36.4,828.6,-0.1,14.7,14.5,27.7,802.3,1.7,140.8,0.0,0,0,"time.struct_time(tm_year=2022, tm_mon=10, tm_mday=1, tm_hour=11, tm_min=13, tm_sec=15, tm_wday=5, tm_yday=274, tm_isdst=-1)",2022-10-01,2022,10,274,1,13
2022-10-01 11:15:45,40.765728,-111.90979,1289.2,-9999.0,-9999.0,-9999.0,13.66,22.02,13.82,65.14,3.0,2.0,19.61,29.0,872.7,0.0,14.5,2.26,36.3,828.5,-1.6,5.2,3.5,27.7,802.5,1.7,140.3,0.0,0,0,"time.struct_time(tm_year=2022, tm_mon=10, tm_mday=1, tm_hour=11, tm_min=15, tm_sec=45, tm_wday=5, tm_yday=274, tm_isdst=-1)",2022-10-01,2022,10,274,1,15
2022-10-01 11:18:15,40.765736,-111.909821,1299.4,-9999.0,-9999.0,-9999.0,13.66,21.98,13.84,65.5,2.0,2.0,19.5,29.0,872.6,0.0,17.7,2.27,36.3,828.5,-3.1,11.0,7.9,27.6,802.5,1.7,140.4,0.0,0,0,"time.struct_time(tm_year=2022, tm_mon=10, tm_mday=1, tm_hour=11, tm_min=18, tm_sec=15, tm_wday=5, tm_yday=274, tm_isdst=-1)",2022-10-01,2022,10,274,1,18
2022-10-01 11:20:45,40.765354,-111.909691,1260.2,-9999.0,-9999.0,-9999.0,13.66,21.95,13.92,63.65,1.0,2.0,19.61,28.0,872.4,0.0,23.5,2.27,36.3,828.4,2.0,8.1,10.1,27.6,802.5,1.7,140.2,0.0,0,0,"time.struct_time(tm_year=2022, tm_mon=10, tm_mday=1, tm_hour=11, tm_min=20, tm_sec=45, tm_wday=5, tm_yday=274, tm_isdst=-1)",2022-10-01,2022,10,274,1,20
2022-10-01 11:23:15,40.765659,-111.909622,1260.4,-9999.0,-9999.0,-9999.0,13.66,21.91,13.98,62.89,2.0,2.0,19.5,28.0,872.5,0.0,26.5,2.27,36.2,828.3,1.7,8.5,10.2,27.6,802.2,1.7,140.6,0.0,0,0,"time.struct_time(tm_year=2022, tm_mon=10, tm_mday=1, tm_hour=11, tm_min=23, tm_sec=15, tm_wday=5, tm_yday=274, tm_isdst=-1)",2022-10-01,2022,10,274,1,23
2022-10-01 11:25:45,40.765617,-111.909714,1283.1,-9999.0,-9999.0,-9999.0,13.66,21.88,14.02,63.69,1.0,2.0,19.5,29.0,872.4,0.0,30.1,2.27,36.2,828.2,1.3,6.2,7.5,27.5,802.1,1.7,140.7,0.0,0,0,"time.struct_time(tm_year=2022, tm_mon=10, tm_mday=1, tm_hour=11, tm_min=25, tm_sec=45, tm_wday=5, tm_yday=274, tm_isdst=-1)",2022-10-01,2022,10,274,1,25
2022-10-01 11:28:15,40.765747,-111.909615,1288.4,-9999.0,-9999.0,-9999.0,13.66,21.85,13.96,60.69,1.0,2.0,19.39,28.0,872.3,0.0,28.7,2.28,36.2,828.2,3.4,5.0,8.4,27.5,802.2,1.7,140.4,0.0,0,0,"time.struct_time(tm_year=2022, tm_mon=10, tm_mday=1, tm_hour=11, tm_min=28, tm_sec=15, tm_wday=5, tm_yday=274, tm_isdst=-1)",2022-10-01,2022,10,274,1,28
2022-10-01 11:30:45,40.765842,-111.909798,1311.4,-9999.0,-9999.0,-9999.0,13.66,21.81,13.91,58.33,1.0,2.0,19.39,27.0,872.3,0.0,32.7,2.26,36.1,828.2,2.8,6.3,9.2,27.5,802.2,1.7,140.2,0.0,0,0,"time.struct_time(tm_year=2022, tm_mon=10, tm_mday=1, tm_hour=11, tm_min=30, tm_sec=45, tm_wday=5, tm_yday=274, tm_isdst=-1)",2022-10-01,2022,10,274,1,30
2022-10-01 11:33:15,40.765713,-111.90995,1290.0,-9999.0,-9999.0,-9999.0,13.66,21.77,13.88,60.83,1.0,2.0,19.28,27.0,872.2,0.0,30.2,2.27,36.1,828.1,-0.6,2.9,2.3,27.5,802.0,1.7,140.7,0.0,0,0,"time.struct_time(tm_year=2022, tm_mon=10, tm_mday=1, tm_hour=11, tm_min=33, tm_sec=15, tm_wday=5, tm_yday=274, tm_isdst=-1)",2022-10-01,2022,10,274,1,33
2022-10-01 11:35:45,40.765621,-111.909729,1265.8,-9999.0,-9999.0,-9999.0,13.66,21.74,13.86,59.1,1.0,2.0,19.28,27.0,872.4,0.0,27.6,2.27,36.0,828.1,0.2,7.0,7.2,27.4,802.0,1.7,140.6,0.0,0,0,"time.struct_time(tm_year=2022, tm_mon=10, tm_mday=1, tm_hour=11, tm_min=35, tm_sec=45, tm_wday=5, tm_yday=274, tm_isdst=-1)",2022-10-01,2022,10,274,1,35
2022-10-01 11:38:15,40.765739,-111.909683,1267.2,-9999.0,-9999.0,-9999.0,13.66,21.7,13.82,63.03,1.0,2.0,19.28,28.0,872.2,0.0,28.0,2.27,36.0,828.1,15.2,31.2,46.3,27.4,802.2,1.7,140.2,0.0,0,0,"time.struct_time(tm_year=2022, tm_mon=10, tm_mday=1, tm_hour=11, tm_min=38, tm_sec=15, tm_wday=5, tm_yday=274, tm_isdst=-1)",2022-10-01,2022,10,274,1,38
2022-10-01 11:40:45,40.765663,-111.909698,1276.9,-9999.0,-9999.0,-9999.0,13.66,21.66,13.78,58.64,1.0,2.0,19.28,27.0,872.1,0.0,34.1,2.27,36.0,828.1,7.7,15.3,23.0,27.4,802.0,1.7,140.6,0.0,0,0,"time.struct_time(tm_year=2022, tm_mon=10, tm_mday=1, tm_hour=11, tm_min=40, tm_sec=45, tm_wday=5, tm_yday=274, tm_isdst=-1)",2022-10-01,2022,10,274,1,40
2022-10-01 11:43:15,40.765614,-111.909737,1275.8,-9999.0,-9999.0,-9999.0,13.66,21.62,13.76,58.92,1.0,2.0,19.22,27.0,872.3,0.0,32.2,2.26,35.9,828.1,-1.1,0.7,-0.3,27.3,801.9,1.7,140.9,0.0,0,0,"time.struct_time(tm_year=2022, tm_mon=10, tm_mday=1, tm_hour=11, tm_min=43, tm_sec=15, tm_wday=5, tm_yday=274, tm_isdst=-1)",2022-10-01,2022,10,274,1,43
2022-10-01 11:45:45,40.76561,-111.909821,1280.7,-9999.0,-9999.0,-9999.0,13.66,21.58,13.74,58.66,1.0,2.0,19.11,27.0,872.1,0.0,34.6,2.27,35.9,828.0,-0.1,-0.8,-0.9,27.3,801.9,1.7,140.8,0.0,0,0,"time.struct_time(tm_year=2022, tm_mon=10, tm_mday=1, tm_hour=11, tm_min=45, tm_sec=45, tm_wday=5, tm_yday=274, tm_isdst=-1)",2022-10-01,2022,10,274,1,45
2022-10-01 11:48:15,40.765629,-111.90979,1259.9,-9999.0,-9999.0,-9999.0,13.66,21.54,13.72,58.03,1.0,2.0,19.11,27.0,872.2,0.0,34.1,2.27,35.9,828.1,-0.1,2.3,2.2,27.3,802.2,1.7,140.3,0.0,0,0,"time.struct_time(tm_year=2022, tm_mon=10, tm_mday=1, tm_hour=11, tm_min=48, tm_sec=15, tm_wday=5, tm_yday=274, tm_isdst=-1)",2022-10-01,2022,10,274,1,48
2022-10-01 11:50:45,40.765503,-111.909706,1254.4,-9999.0,-9999.0,-9999.0,13.66,21.5,13.74,59.2,1.0,2.0,19.11,27.0,872.4,0.0,23.5,2.27,35.8,828.2,3.2,5.2,8.4,27.2,802.1,1.7,140.5,0.0,0,0,"time.struct_time(tm_year=2022, tm_mon=10, tm_mday=1, tm_hour=11, tm_min=50, tm_sec=45, tm_wday=5, tm_yday=274, tm_isdst=-1)",2022-10-01,2022,10,274,1,50
2022-10-01 11:53:15,40.765427,-111.909714,1222.9,-9999.0,-9999.0,-9999.0,13.66,21.47,13.74,57.21,1.0,2.0,19.11,27.0,872.3,0.0,29.8,2.27,35.8,828.2,29.7,32.8,62.6,27.2,802.3,1.7,140.1,0.0,0,0,"time.struct_time(tm_year=2022, tm_mon=10, tm_mday=1, tm_hour=11, tm_min=53, tm_sec=15, tm_wday=5, tm_yday=274, tm_isdst=-1)",2022-10-01,2022,10,274,1,53
2022-10-01 11:55:45,40.765553,-111.909653,1259.5,-9999.0,-9999.0,-9999.0,13.66,21.43,13.72,56.92,1.0,2.0,19.11,26.0,872.3,0.0,31.0,2.27,35.7,828.2,8.7,2.9,11.6,27.2,802.2,1.7,140.4,0.0,0,0,"time.struct_time(tm_year=2022, tm_mon=10, tm_mday=1, tm_hour=11, tm_min=55, tm_sec=45, tm_wday=5, tm_yday=274, tm_isdst=-1)",2022-10-01,2022,10,274,1,55
2022-10-01 11:58:15,40.765667,-111.9095,1295.7,-9999.0,-9999.0,-9999.0,13.66,21.4,13.72,55.23,1.0,2.0,19.0,26.0,872.1,0.0,33.2,2.26,35.7,828.2,32.2,3.1,35.3,27.1,802.2,1.7,140.6,0.0,0,0,"time.struct_time(tm_year=2022, tm_mon=10, tm_mday=1, tm_hour=11, tm_min=58, tm_sec=15, tm_wday=5, tm_yday=274, tm_isdst=-1)",2022-10-01,2022,10,274,1,58
2022-10-01 12:00:45,40.765976,-111.90963,1304.1,-9999.0,-9999.0,-9999.0,13.66,21.36,13.72,54.18,0.0,2.0,19.0,25.0,872.4,0.0,31.2,2.27,35.7,828.2,2.3,-0.1,2.1,27.1,802.2,1.7,140.4,0.0,0,0,"time.struct_time(tm_year=2022, tm_mon=10, tm_mday=1, tm_hour=12, tm_min=0, tm_sec=45, tm_wday=5, tm_yday=274, tm_isdst=-1)",2022-10-01,2022,10,274,1,0
2022-10-01 12:03:15,40.765629,-111.909668,1299.9,-9999.0,-9999.0,-9999.0,13.66,21.33,13.66,57.97,0.0,2.0,19.0,26.0,872.2,0.0,26.0,2.26,35.6,828.2,21.7,25.3,47.0,27.1,802.2,1.69,140.3,0.0,0,0,"time.struct_time(tm_year=2022, tm_mon=10, tm_mday=1, tm_hour=12, tm_min=3, tm_sec=15, tm_wday=5, tm_yday=274, tm_isdst=-1)",2022-10-01,2022,10,274,1,3
2022-10-01 12:05:45,40.765736,-111.909645,1281.0,-9999.0,-9999.0,-9999.0,13.66,21.3,13.52,57.8,1.0,2.0,19.0,26.0,872.3,0.0,21.9,2.27,35.6,828.2,6.5,9.8,16.4,27.0,802.2,1.7,140.5,0.0,0,0,"time.struct_time(tm_year=2022, tm_mon=10, tm_mday=1, tm_hour=12, tm_min=5, tm_sec=45, tm_wday=5, tm_yday=274, tm_isdst=-1)",2022-10-01,2022,10,274,1,5
2022-10-01 12:09:20,40.765522,-111.909698,1268.7,-9999.0,-9999.0,-9999.0,13.66,21.26,13.23,61.97,1.0,2.0,19.0,27.0,872.5,0.0,17.6,2.26,35.5,828.3,41.3,20.6,61.9,27.0,802.2,1.7,139.1,0.0,0,0,"time.struct_time(tm_year=2022, tm_mon=10, tm_mday=1, tm_hour=12, tm_min=9, tm_sec=20, tm_wday=5, tm_yday=274, tm_isdst=-1)",2022-10-01,2022,10,274,1,9
2022-10-01 12:11:50,40.765587,-111.909637,1267.5,-9999.0,-9999.0,-9999.0,13.66,21.23,13.02,61.54,1.0,2.0,18.89,28.0,872.4,0.0,25.5,2.27,35.5,828.3,5.6,11.8,17.4,27.0,802.2,1.69,139.3,0.0,0,0,"time.struct_time(tm_year=2022, tm_mon=10, tm_mday=1, tm_hour=12, tm_min=11, tm_sec=50, tm_wday=5, tm_yday=274, tm_isdst=-1)",2022-10-01,2022,10,274,1,11
2022-10-01 12:14:20,40.765751,-111.909592,1257.5,-9999.0,-9999.0,-9999.0,13.66,21.2,12.95,57.91,1.0,2.0,18.89,27.0,872.2,0.0,31.1,2.26,35.5,828.2,-0.5,4.6,4.1,26.9,802.0,1.7,139.4,0.0,0,0,"time.struct_time(tm_year=2022, tm_mon=10, tm_mday=1, tm_hour=12, tm_min=14, tm_sec=20, tm_wday=5, tm_yday=274, tm_isdst=-1)",2022-10-01,2022,10,274,1,14
