Timestamp_UTC,Latitude_ddeg,Longitude_ddeg,Elevation_m,GPS_Speed_m/s,GPS_Direction_deg,GPS_RMC_Valid_binary,Battery_Voltage_volts,Bus_Box_Temperature_degC,Bus_Top_Temperature_degC,Bus_Top_Relative_Humidity_%,ES642_PM2.5_Concentration_ug/m3,ES642_Air_Flow_Rate_L/min,ES642_Internal_Air_Temperature_degC,ES642_Internal_Relative_Humidity_%,ES642_Internal_Air_Pressure_hpa,ES642_Error_Code_code,2B_Ozone_Concentration_ppbv,2B_Air_Flow_Rate_L/min,2B_Internal_Air_Temperature_degC,2B_Internal_Air_Pressure_hpa,2B405_NO_Concentration_ppbv,2B405_NO2_Concentration_ppbv,2B405_NOX_Concentration_ppbv,2B405_Internal_Air_Temperature_degC,2B405_Internal_Air_Pressure_hpa,2B405_Air_Flow_Rate_L/min,2B405_Cell_O3_Flow_Rate_mL/min,PM2.5_Data_Flagged_binary,Ozone_Data_Flagged_binary,GPS_Data_Flagged_binary,Time_Tuple,Date,Year,Month,Day_of_Year,Day_of_Month,Minute
2023-01-20 18:49:05,40.766006,-111.909973,1314.8,-9999.0,-9999.0,-9999.0,13.66,22.9,28.0,7.74,9.0,2.0,25.0,17.0,877.9,0.0,8.6,2.33,30.4,687.9,16.6,27.4,44.0,18.4,817.9,1.87,110.8,0.0,0,1,"time.struct_time(tm_year=2023, tm_mon=1, tm_mday=20, tm_hour=18, tm_min=49, tm_sec=5, tm_wday=4, tm_yday=20, tm_isdst=-1)",2023-01-20,2023,1,20,20,49
2023-01-20 18:51:35,40.766258,-111.909721,1340.8,-9999.0,-9999.0,-9999.0,13.66,23.06,22.2,11.88,26.0,2.0,24.61,16.0,877.7,0.0,15.6,2.35,31.1,687.3,25.6,23.4,48.9,18.7,818.0,1.87,110.6,0.0,0,1,"time.struct_time(tm_year=2023, tm_mon=1, tm_mday=20, tm_hour=18, tm_min=51, tm_sec=35, tm_wday=4, tm_yday=20, tm_isdst=-1)",2023-01-20,2023,1,20,20,51
2023-01-20 18:54:05,40.766098,-111.910019,1450.0,-9999.0,-9999.0,-9999.0,13.7,22.98,16.86,17.9,3.0,2.0,24.0,15.0,877.8,0.0,15.3,2.35,31.8,687.7,6.0,6.9,12.9,18.9,817.8,1.87,110.7,0.0,0,1,"time.struct_time(tm_year=2023, tm_mon=1, tm_mday=20, tm_hour=18, tm_min=54, tm_sec=5, tm_wday=4, tm_yday=20, tm_isdst=-1)",2023-01-20,2023,1,20,20,54
2023-01-20 18:56:35,40.76606,-111.909889,1404.6,-9999.0,-9999.0,-9999.0,13.7,22.76,14.57,19.34,2.0,2.0,23.28,14.0,877.5,0.0,21.4,2.37,32.3,688.0,5.6,8.6,14.1,19.2,817.8,1.88,110.8,0.0,0,1,"time.struct_time(tm_year=2023, tm_mon=1, tm_mday=20, tm_hour=18, tm_min=56, tm_sec=35, tm_wday=4, tm_yday=20, tm_isdst=-1)",2023-01-20,2023,1,20,20,56
2023-01-20 19:00:15,40.766254,-111.909782,1380.6,-9999.0,-9999.0,-9999.0,13.74,22.24,13.44,19.42,3.0,2.0,22.22,14.0,877.5,0.0,20.7,2.36,32.9,688.3,5.7,7.3,13.0,19.5,817.7,1.85,111.0,0.0,0,1,"time.struct_time(tm_year=2023, tm_mon=1, tm_mday=20, tm_hour=19, tm_min=0, tm_sec=15, tm_wday=4, tm_yday=20, tm_isdst=-1)",2023-01-20,2023,1,20,20,0
2023-01-20 19:02:45,40.766201,-111.909782,1375.5,-9999.0,-9999.0,-9999.0,13.73,21.81,12.76,20.18,3.0,2.0,21.61,13.0,877.7,0.0,23.0,2.38,33.2,688.5,3.2,3.6,6.9,19.7,817.7,1.85,111.0,0.0,0,1,"time.struct_time(tm_year=2023, tm_mon=1, tm_mday=20, tm_hour=19, tm_min=2, tm_sec=45, tm_wday=4, tm_yday=20, tm_isdst=-1)",2023-01-20,2023,1,20,20,2
2023-01-20 19:05:15,40.766159,-111.909737,1373.2,-9999.0,-9999.0,-9999.0,13.76,21.37,12.19,21.0,3.0,2.0,20.89,13.0,877.5,0.0,16.0,2.37,33.5,688.7,6.4,5.8,12.2,19.9,817.7,1.86,111.0,0.0,0,1,"time.struct_time(tm_year=2023, tm_mon=1, tm_mday=20, tm_hour=19, tm_min=5, tm_sec=15, tm_wday=4, tm_yday=20, tm_isdst=-1)",2023-01-20,2023,1,20,20,5
2023-01-20 19:07:45,40.76601,-111.90976,1371.9,-9999.0,-9999.0,-9999.0,13.76,20.94,10.58,22.41,3.0,2.0,20.5,13.0,877.7,0.0,20.5,2.37,33.7,688.9,41.8,16.6,58.4,20.1,817.7,1.86,111.4,0.0,0,1,"time.struct_time(tm_year=2023, tm_mon=1, tm_mday=20, tm_hour=19, tm_min=7, tm_sec=45, tm_wday=4, tm_yday=20, tm_isdst=-1)",2023-01-20,2023,1,20,20,7
2023-01-20 19:10:15,40.766041,-111.909782,1360.8,-9999.0,-9999.0,-9999.0,13.76,20.54,10.19,22.12,2.0,2.0,20.0,12.0,877.5,0.0,22.9,2.36,33.8,689.0,4.3,6.6,10.9,20.3,817.7,1.86,111.2,0.0,0,1,"time.struct_time(tm_year=2023, tm_mon=1, tm_mday=20, tm_hour=19, tm_min=10, tm_sec=15, tm_wday=4, tm_yday=20, tm_isdst=-1)",2023-01-20,2023,1,20,20,10
2023-01-20 19:12:45,40.766117,-111.909798,1360.1,-9999.0,-9999.0,-9999.0,13.76,20.15,10.01,23.59,6.0,2.0,19.61,12.0,877.6,0.0,23.6,2.38,33.8,689.0,10.0,10.6,20.6,20.4,817.6,1.86,111.4,0.0,0,1,"time.struct_time(tm_year=2023, tm_mon=1, tm_mday=20, tm_hour=19, tm_min=12, tm_sec=45, tm_wday=4, tm_yday=20, tm_isdst=-1)",2023-01-20,2023,1,20,20,12
2023-01-20 19:15:15,40.766045,-111.909813,1359.3,-9999.0,-9999.0,-9999.0,13.76,19.76,9.99,24.42,4.0,2.0,19.22,12.0,877.5,0.0,26.3,2.38,33.9,689.2,8.9,10.6,19.5,20.6,817.7,1.86,111.3,0.0,0,1,"time.struct_time(tm_year=2023, tm_mon=1, tm_mday=20, tm_hour=19, tm_min=15, tm_sec=15, tm_wday=4, tm_yday=20, tm_isdst=-1)",2023-01-20,2023,1,20,20,15
2023-01-20 19:17:45,40.766006,-111.909836,1352.9,-9999.0,-9999.0,-9999.0,13.8,19.37,10.01,23.7,4.0,2.0,18.78,12.0,877.5,0.0,23.2,2.37,33.8,689.2,7.1,4.8,11.9,20.7,817.8,1.86,111.4,0.0,0,1,"time.struct_time(tm_year=2023, tm_mon=1, tm_mday=20, tm_hour=19, tm_min=17, tm_sec=45, tm_wday=4, tm_yday=20, tm_isdst=-1)",2023-01-20,2023,1,20,20,17
2023-01-20 19:20:15,40.766281,-111.90979,1339.7,-9999.0,-9999.0,-9999.0,13.8,18.99,9.77,24.3,3.0,2.0,18.39,12.0,877.5,0.0,29.6,2.37,33.8,689.3,4.3,7.1,11.4,20.8,817.7,1.87,111.5,0.0,0,1,"time.struct_time(tm_year=2023, tm_mon=1, tm_mday=20, tm_hour=19, tm_min=20, tm_sec=15, tm_wday=4, tm_yday=20, tm_isdst=-1)",2023-01-20,2023,1,20,20,20
2023-01-20 19:22:45,40.766205,-111.909645,1332.6,-9999.0,-9999.0,-9999.0,13.8,18.63,9.02,25.96,3.0,2.0,18.0,12.0,877.5,0.0,22.6,2.36,33.7,689.3,5.9,6.6,12.4,20.9,817.7,1.87,111.5,0.0,0,1,"time.struct_time(tm_year=2023, tm_mon=1, tm_mday=20, tm_hour=19, tm_min=22, tm_sec=45, tm_wday=4, tm_yday=20, tm_isdst=-1)",2023-01-20,2023,1,20,20,22
2023-01-20 19:25:15,40.765789,-111.909798,1327.1,-9999.0,-9999.0,-9999.0,13.79,18.31,8.34,27.2,3.0,2.0,17.78,12.0,877.7,0.0,22.7,2.37,33.6,689.5,5.6,7.7,13.3,21.0,817.8,1.87,111.5,0.0,0,1,"time.struct_time(tm_year=2023, tm_mon=1, tm_mday=20, tm_hour=19, tm_min=25, tm_sec=15, tm_wday=4, tm_yday=20, tm_isdst=-1)",2023-01-20,2023,1,20,20,25
2023-01-20 19:27:45,40.765884,-111.909798,1313.7,-9999.0,-9999.0,-9999.0,13.8,18.01,7.07,33.32,3.0,2.0,17.5,13.0,877.6,0.0,22.0,2.35,33.5,689.2,3.8,7.1,10.9,21.1,817.9,1.87,111.6,0.0,0,1,"time.struct_time(tm_year=2023, tm_mon=1, tm_mday=20, tm_hour=19, tm_min=27, tm_sec=45, tm_wday=4, tm_yday=20, tm_isdst=-1)",2023-01-20,2023,1,20,20,27
2023-01-20 19:30:15,40.765926,-111.909714,1307.2,-9999.0,-9999.0,-9999.0,13.8,17.72,5.89,36.04,3.0,2.0,17.28,13.0,877.5,0.0,20.2,2.36,33.4,689.4,4.3,8.3,12.6,21.2,817.8,1.87,111.8,0.0,0,1,"time.struct_time(tm_year=2023, tm_mon=1, tm_mday=20, tm_hour=19, tm_min=30, tm_sec=15, tm_wday=4, tm_yday=20, tm_isdst=-1)",2023-01-20,2023,1,20,20,30
2023-01-20 19:32:45,40.765884,-111.909752,1306.6,-9999.0,-9999.0,-9999.0,13.8,17.44,4.95,38.11,4.0,2.0,17.0,13.0,877.4,0.0,20.1,2.36,33.2,689.3,6.2,9.3,15.5,21.3,817.9,1.87,111.5,0.0,0,1,"time.struct_time(tm_year=2023, tm_mon=1, tm_mday=20, tm_hour=19, tm_min=32, tm_sec=45, tm_wday=4, tm_yday=20, tm_isdst=-1)",2023-01-20,2023,1,20,20,32
2023-01-20 19:35:15,40.765842,-111.909653,1304.0,-9999.0,-9999.0,-9999.0,13.8,17.15,4.46,40.42,4.0,2.0,16.78,13.0,877.7,0.0,18.7,2.37,33.0,689.4,7.1,8.4,15.6,21.3,817.8,1.87,111.7,0.0,0,1,"time.struct_time(tm_year=2023, tm_mon=1, tm_mday=20, tm_hour=19, tm_min=35, tm_sec=15, tm_wday=4, tm_yday=20, tm_isdst=-1)",2023-01-20,2023,1,20,20,35
2023-01-20 19:37:45,40.765934,-111.909653,1298.0,-9999.0,-9999.0,-9999.0,13.83,16.85,4.24,41.81,5.0,2.0,16.61,14.0,877.5,0.0,19.7,2.37,32.8,689.2,4.0,9.2,13.3,21.4,817.9,1.87,111.6,0.0,0,1,"time.struct_time(tm_year=2023, tm_mon=1, tm_mday=20, tm_hour=19, tm_min=37, tm_sec=45, tm_wday=4, tm_yday=20, tm_isdst=-1)",2023-01-20,2023,1,20,20,37
2023-01-20 19:40:15,40.765945,-111.909691,1296.7,-9999.0,-9999.0,-9999.0,13.84,16.59,4.22,42.88,3.0,2.0,16.39,14.0,877.5,0.0,23.4,2.37,32.6,689.3,4.7,7.1,11.8,21.4,818.0,1.88,111.7,0.0,0,1,"time.struct_time(tm_year=2023, tm_mon=1, tm_mday=20, tm_hour=19, tm_min=40, tm_sec=15, tm_wday=4, tm_yday=20, tm_isdst=-1)",2023-01-20,2023,1,20,20,40
2023-01-20 19:42:45,40.765759,-111.909721,1292.0,-9999.0,-9999.0,-9999.0,13.83,16.34,4.46,39.24,4.0,2.0,16.28,14.0,877.5,0.0,25.1,2.36,32.4,689.2,6.6,5.5,12.1,21.5,817.9,1.88,111.7,0.0,0,1,"time.struct_time(tm_year=2023, tm_mon=1, tm_mday=20, tm_hour=19, tm_min=42, tm_sec=45, tm_wday=4, tm_yday=20, tm_isdst=-1)",2023-01-20,2023,1,20,20,42
2023-01-20 19:45:15,40.76577,-111.909721,1290.0,-9999.0,-9999.0,-9999.0,13.83,16.11,4.38,40.9,3.0,2.0,16.11,14.0,877.5,0.0,21.8,2.37,32.2,689.2,10.1,8.3,18.4,21.5,817.9,1.88,111.9,0.0,0,1,"time.struct_time(tm_year=2023, tm_mon=1, tm_mday=20, tm_hour=19, tm_min=45, tm_sec=15, tm_wday=4, tm_yday=20, tm_isdst=-1)",2023-01-20,2023,1,20,20,45
2023-01-20 19:47:45,40.765797,-111.909676,1290.8,-9999.0,-9999.0,-9999.0,13.84,15.88,4.16,39.86,4.0,2.0,16.0,14.0,877.6,0.0,24.9,2.35,32.0,689.1,7.9,5.5,13.3,21.5,818.0,1.87,111.7,0.0,0,1,"time.struct_time(tm_year=2023, tm_mon=1, tm_mday=20, tm_hour=19, tm_min=47, tm_sec=45, tm_wday=4, tm_yday=20, tm_isdst=-1)",2023-01-20,2023,1,20,20,47
2023-01-20 19:50:15,40.765881,-111.90963,1285.8,-9999.0,-9999.0,-9999.0,13.83,15.66,3.98,40.64,3.0,2.0,15.72,14.0,877.7,0.0,24.7,2.35,31.8,689.2,4.1,7.1,11.2,21.6,818.0,1.88,111.7,0.0,0,1,"time.struct_time(tm_year=2023, tm_mon=1, tm_mday=20, tm_hour=19, tm_min=50, tm_sec=15, tm_wday=4, tm_yday=20, tm_isdst=-1)",2023-01-20,2023,1,20,20,50
2023-01-20 19:52:45,40.765942,-111.909676,1284.3,-9999.0,-9999.0,-9999.0,13.83,15.44,3.84,42.25,4.0,2.0,15.5,14.0,877.4,0.0,25.5,2.36,31.6,689.0,3.2,7.9,11.1,21.6,818.0,1.88,111.8,0.0,0,1,"time.struct_time(tm_year=2023, tm_mon=1, tm_mday=20, tm_hour=19, tm_min=52, tm_sec=45, tm_wday=4, tm_yday=20, tm_isdst=-1)",2023-01-20,2023,1,20,20,52
2023-01-20 19:55:15,40.765911,-111.909714,1284.6,-9999.0,-9999.0,-9999.0,13.83,15.23,3.6,43.16,4.0,2.0,15.39,14.0,877.7,0.0,26.2,2.35,31.4,689.2,3.7,6.5,10.3,21.6,818.0,1.88,111.8,0.0,0,1,"time.struct_time(tm_year=2023, tm_mon=1, tm_mday=20, tm_hour=19, tm_min=55, tm_sec=15, tm_wday=4, tm_yday=20, tm_isdst=-1)",2023-01-20,2023,1,20,20,55
2023-01-20 19:57:45,40.765881,-111.909744,1284.5,-9999.0,-9999.0,-9999.0,13.83,15.02,3.0,44.29,3.0,2.0,15.11,14.0,877.4,0.0,22.8,2.35,31.2,688.9,20.3,10.9,31.2,21.6,818.1,1.88,111.8,0.0,0,1,"time.struct_time(tm_year=2023, tm_mon=1, tm_mday=20, tm_hour=19, tm_min=57, tm_sec=45, tm_wday=4, tm_yday=20, tm_isdst=-1)",2023-01-20,2023,1,20,20,57
2023-01-20 20:01:25,40.765789,-111.90976,1282.2,-9999.0,-9999.0,-9999.0,13.83,14.68,2.81,43.05,3.0,2.0,14.78,14.0,877.5,0.0,24.3,2.34,30.9,688.9,12.0,10.9,22.9,21.6,818.1,1.88,110.8,0.0,0,1,"time.struct_time(tm_year=2023, tm_mon=1, tm_mday=20, tm_hour=20, tm_min=1, tm_sec=25, tm_wday=4, tm_yday=20, tm_isdst=-1)",2023-01-20,2023,1,20,20,1
2023-01-20 20:03:55,40.765678,-111.909729,1284.2,-9999.0,-9999.0,-9999.0,13.87,14.45,2.75,43.99,7.0,2.0,14.61,14.0,877.7,0.0,26.1,2.33,30.7,689.1,2.6,2.1,4.7,21.6,818.2,1.88,110.7,0.0,0,1,"time.struct_time(tm_year=2023, tm_mon=1, tm_mday=20, tm_hour=20, tm_min=3, tm_sec=55, tm_wday=4, tm_yday=20, tm_isdst=-1)",2023-01-20,2023,1,20,20,3
2023-01-20 20:06:25,40.765644,-111.909744,1282.5,-9999.0,-9999.0,-9999.0,13.87,14.23,2.71,44.17,3.0,2.0,14.39,15.0,877.6,0.0,26.3,2.35,30.4,688.9,5.0,3.4,8.4,21.6,818.2,1.88,110.8,0.0,0,1,"time.struct_time(tm_year=2023, tm_mon=1, tm_mday=20, tm_hour=20, tm_min=6, tm_sec=25, tm_wday=4, tm_yday=20, tm_isdst=-1)",2023-01-20,2023,1,20,20,6
2023-01-20 20:08:55,40.765701,-111.909714,1282.3,-9999.0,-9999.0,-9999.0,13.87,14.02,2.61,42.98,3.0,2.0,14.28,14.0,877.6,0.0,27.7,2.34,30.2,689.1,4.3,6.4,10.8,21.5,818.2,1.89,110.9,0.0,0,1,"time.struct_time(tm_year=2023, tm_mon=1, tm_mday=20, tm_hour=20, tm_min=8, tm_sec=55, tm_wday=4, tm_yday=20, tm_isdst=-1)",2023-01-20,2023,1,20,20,8
2023-01-20 20:11:25,40.765846,-111.90976,1285.7,-9999.0,-9999.0,-9999.0,13.87,13.81,2.46,43.18,3.0,2.0,14.11,14.0,877.7,0.0,24.7,2.33,30.0,688.9,3.7,3.8,7.5,21.5,818.2,1.88,110.9,0.0,0,1,"time.struct_time(tm_year=2023, tm_mon=1, tm_mday=20, tm_hour=20, tm_min=11, tm_sec=25, tm_wday=4, tm_yday=20, tm_isdst=-1)",2023-01-20,2023,1,20,20,11
2023-01-20 20:13:55,40.765862,-111.909813,1286.5,-9999.0,-9999.0,-9999.0,13.87,13.61,2.21,45.12,3.0,2.0,13.89,15.0,877.6,0.0,25.4,2.32,29.8,688.9,5.1,3.7,8.7,21.5,818.2,1.88,110.8,0.0,0,1,"time.struct_time(tm_year=2023, tm_mon=1, tm_mday=20, tm_hour=20, tm_min=13, tm_sec=55, tm_wday=4, tm_yday=20, tm_isdst=-1)",2023-01-20,2023,1,20,20,13
2023-01-20 20:16:25,40.765972,-111.909805,1287.3,-9999.0,-9999.0,-9999.0,13.87,13.41,2.11,45.46,3.0,2.0,13.72,15.0,877.7,0.0,24.7,2.32,29.6,688.9,3.8,5.8,9.6,21.4,818.2,1.88,110.8,0.0,0,1,"time.struct_time(tm_year=2023, tm_mon=1, tm_mday=20, tm_hour=20, tm_min=16, tm_sec=25, tm_wday=4, tm_yday=20, tm_isdst=-1)",2023-01-20,2023,1,20,20,16
2023-01-20 20:18:55,40.765827,-111.909821,1288.2,-9999.0,-9999.0,-9999.0,13.87,13.2,1.95,45.88,4.0,2.0,13.61,15.0,877.6,0.0,24.1,2.33,29.4,688.9,4.0,5.9,9.9,21.4,818.3,1.88,110.8,0.0,0,1,"time.struct_time(tm_year=2023, tm_mon=1, tm_mday=20, tm_hour=20, tm_min=18, tm_sec=55, tm_wday=4, tm_yday=20, tm_isdst=-1)",2023-01-20,2023,1,20,20,18
2023-01-20 20:21:25,40.765766,-111.909775,1288.9,-9999.0,-9999.0,-9999.0,13.87,13.01,1.74,45.88,3.0,2.0,13.39,15.0,877.6,0.0,28.4,2.32,29.2,688.8,4.4,3.3,7.8,21.3,818.3,1.88,110.9,0.0,0,1,"time.struct_time(tm_year=2023, tm_mon=1, tm_mday=20, tm_hour=20, tm_min=21, tm_sec=25, tm_wday=4, tm_yday=20, tm_isdst=-1)",2023-01-20,2023,1,20,20,21
2023-01-20 20:23:55,40.76577,-111.90976,1288.5,-9999.0,-9999.0,-9999.0,13.87,12.81,1.78,44.33,3.0,2.0,13.22,15.0,877.5,0.0,23.2,2.33,28.9,688.8,1.0,6.3,7.4,21.3,818.3,1.89,110.8,0.0,0,1,"time.struct_time(tm_year=2023, tm_mon=1, tm_mday=20, tm_hour=20, tm_min=23, tm_sec=55, tm_wday=4, tm_yday=20, tm_isdst=-1)",2023-01-20,2023,1,20,20,23
2023-01-20 20:26:25,40.765652,-111.90976,1286.9,-9999.0,-9999.0,-9999.0,13.87,12.64,1.98,44.18,4.0,2.0,13.11,15.0,877.7,0.0,26.4,2.33,28.7,688.6,1.5,4.2,5.6,21.2,818.2,1.89,110.9,0.0,0,1,"time.struct_time(tm_year=2023, tm_mon=1, tm_mday=20, tm_hour=20, tm_min=26, tm_sec=25, tm_wday=4, tm_yday=20, tm_isdst=-1)",2023-01-20,2023,1,20,20,26
2023-01-20 20:28:55,40.765781,-111.90979,1286.9,-9999.0,-9999.0,-9999.0,13.87,12.48,2.14,44.96,4.0,2.0,13.0,15.0,877.5,0.0,26.6,2.31,28.5,688.7,1.5,4.7,6.2,21.2,818.3,1.89,111.0,0.0,0,1,"time.struct_time(tm_year=2023, tm_mon=1, tm_mday=20, tm_hour=20, tm_min=28, tm_sec=55, tm_wday=4, tm_yday=20, tm_isdst=-1)",2023-01-20,2023,1,20,20,28
2023-01-20 20:31:25,40.765663,-111.909676,1286.9,-9999.0,-9999.0,-9999.0,13.87,12.32,2.06,44.94,3.0,2.0,12.89,16.0,877.7,0.0,31.1,2.31,28.4,688.6,1.2,4.2,5.4,21.1,818.2,1.89,110.9,0.0,0,1,"time.struct_time(tm_year=2023, tm_mon=1, tm_mday=20, tm_hour=20, tm_min=31, tm_sec=25, tm_wday=4, tm_yday=20, tm_isdst=-1)",2023-01-20,2023,1,20,20,31
2023-01-20 20:33:55,40.765656,-111.90963,1287.2,-9999.0,-9999.0,-9999.0,13.87,12.17,2.1,46.36,4.0,2.0,12.72,16.0,877.6,0.0,22.4,2.31,28.2,688.6,2.5,5.7,8.2,21.0,818.2,1.88,111.0,0.0,0,1,"time.struct_time(tm_year=2023, tm_mon=1, tm_mday=20, tm_hour=20, tm_min=33, tm_sec=55, tm_wday=4, tm_yday=20, tm_isdst=-1)",2023-01-20,2023,1,20,20,33
2023-01-20 20:36:25,40.765743,-111.909599,1286.1,-9999.0,-9999.0,-9999.0,13.87,12.04,2.19,46.16,3.0,2.0,12.72,16.0,877.4,0.0,18.4,2.31,28.0,688.5,10.2,6.9,17.1,21.0,818.2,1.89,111.0,0.0,0,1,"time.struct_time(tm_year=2023, tm_mon=1, tm_mday=20, tm_hour=20, tm_min=36, tm_sec=25, tm_wday=4, tm_yday=20, tm_isdst=-1)",2023-01-20,2023,1,20,20,36
2023-01-20 20:38:55,40.765709,-111.909668,1285.5,-9999.0,-9999.0,-9999.0,13.87,11.91,2.24,46.95,3.0,2.0,12.61,16.0,877.5,0.0,27.3,2.31,27.8,688.5,7.6,2.9,10.5,20.9,818.3,1.89,111.0,0.0,0,1,"time.struct_time(tm_year=2023, tm_mon=1, tm_mday=20, tm_hour=20, tm_min=38, tm_sec=55, tm_wday=4, tm_yday=20, tm_isdst=-1)",2023-01-20,2023,1,20,20,38
2023-01-20 20:41:25,40.765709,-111.909737,1284.1,-9999.0,-9999.0,-9999.0,13.87,11.8,2.33,47.63,3.0,2.0,12.5,17.0,877.4,0.0,26.1,2.31,27.7,688.3,3.5,2.8,6.3,20.9,818.3,1.88,111.0,0.0,0,1,"time.struct_time(tm_year=2023, tm_mon=1, tm_mday=20, tm_hour=20, tm_min=41, tm_sec=25, tm_wday=4, tm_yday=20, tm_isdst=-1)",2023-01-20,2023,1,20,20,41
2023-01-20 20:43:55,40.76585,-111.909691,1283.6,-9999.0,-9999.0,-9999.0,13.87,11.69,2.33,48.83,4.0,2.0,12.39,17.0,877.5,0.0,24.9,2.3,27.5,688.4,4.1,4.1,8.2,20.8,818.3,1.89,111.0,0.0,0,1,"time.struct_time(tm_year=2023, tm_mon=1, tm_mday=20, tm_hour=20, tm_min=43, tm_sec=55, tm_wday=4, tm_yday=20, tm_isdst=-1)",2023-01-20,2023,1,20,20,43
2023-01-20 20:46:25,40.765842,-111.90963,1283.4,-9999.0,-9999.0,-9999.0,13.87,11.58,2.37,47.29,3.0,2.0,12.39,17.0,877.6,0.0,27.1,2.31,27.3,688.3,1.9,3.7,5.7,20.7,818.3,1.89,111.0,0.0,0,1,"time.struct_time(tm_year=2023, tm_mon=1, tm_mday=20, tm_hour=20, tm_min=46, tm_sec=25, tm_wday=4, tm_yday=20, tm_isdst=-1)",2023-01-20,2023,1,20,20,46
2023-01-20 20:48:55,40.765728,-111.909599,1281.0,-9999.0,-9999.0,-9999.0,13.91,11.48,2.44,49.15,4.0,2.0,12.28,18.0,877.5,0.0,21.4,2.31,27.2,688.4,5.7,0.4,6.1,20.7,818.3,1.88,110.9,0.0,0,1,"time.struct_time(tm_year=2023, tm_mon=1, tm_mday=20, tm_hour=20, tm_min=48, tm_sec=55, tm_wday=4, tm_yday=20, tm_isdst=-1)",2023-01-20,2023,1,20,20,48
2023-01-20 20:51:25,40.765732,-111.909683,1282.8,-9999.0,-9999.0,-9999.0,13.91,11.4,2.57,49.02,4.0,2.0,12.28,18.0,877.6,0.0,23.0,2.3,27.1,688.2,6.9,8.1,15.0,20.6,818.3,1.88,111.1,0.0,0,1,"time.struct_time(tm_year=2023, tm_mon=1, tm_mday=20, tm_hour=20, tm_min=51, tm_sec=25, tm_wday=4, tm_yday=20, tm_isdst=-1)",2023-01-20,2023,1,20,20,51
2023-01-20 20:53:55,40.765781,-111.909637,1283.5,-9999.0,-9999.0,-9999.0,13.91,11.32,2.61,45.78,3.0,2.0,12.22,18.0,877.4,0.0,26.5,2.29,26.9,688.4,5.5,4.8,10.4,20.5,818.4,1.88,111.0,0.0,0,1,"time.struct_time(tm_year=2023, tm_mon=1, tm_mday=20, tm_hour=20, tm_min=53, tm_sec=55, tm_wday=4, tm_yday=20, tm_isdst=-1)",2023-01-20,2023,1,20,20,53
2023-01-20 20:56:25,40.765675,-111.90963,1283.3,-9999.0,-9999.0,-9999.0,13.91,11.24,2.65,45.7,4.0,2.0,12.22,17.0,877.5,0.0,28.3,2.3,26.8,688.3,1.7,5.0,6.7,20.5,818.4,1.88,111.0,0.0,0,1,"time.struct_time(tm_year=2023, tm_mon=1, tm_mday=20, tm_hour=20, tm_min=56, tm_sec=25, tm_wday=4, tm_yday=20, tm_isdst=-1)",2023-01-20,2023,1,20,20,56
2023-01-20 20:58:55,40.765663,-111.909554,1284.1,-9999.0,-9999.0,-9999.0,13.91,11.18,2.87,46.95,4.0,2.0,12.22,18.0,877.5,0.0,15.5,2.29,26.7,688.4,13.2,7.8,21.0,20.4,818.4,1.88,111.1,0.0,0,1,"time.struct_time(tm_year=2023, tm_mon=1, tm_mday=20, tm_hour=20, tm_min=58, tm_sec=55, tm_wday=4, tm_yday=20, tm_isdst=-1)",2023-01-20,2023,1,20,20,58
2023-01-20 21:02:35,40.765736,-111.909729,1284.2,-9999.0,-9999.0,-9999.0,13.91,11.09,3.02,43.28,7.0,2.0,12.11,18.0,877.6,0.0,24.8,2.29,26.5,688.4,3.9,6.9,10.8,20.3,818.4,1.9,112.0,0.0,0,1,"time.struct_time(tm_year=2023, tm_mon=1, tm_mday=20, tm_hour=21, tm_min=2, tm_sec=35, tm_wday=4, tm_yday=20, tm_isdst=-1)",2023-01-20,2023,1,20,20,2
2023-01-20 21:05:05,40.765774,-111.909683,1284.3,-9999.0,-9999.0,-9999.0,13.91,11.03,3.01,42.74,3.0,2.0,12.11,18.0,877.5,0.0,25.7,2.28,26.4,688.2,3.7,2.8,6.5,20.2,818.3,1.9,112.1,0.0,0,1,"time.struct_time(tm_year=2023, tm_mon=1, tm_mday=20, tm_hour=21, tm_min=5, tm_sec=5, tm_wday=4, tm_yday=20, tm_isdst=-1)",2023-01-20,2023,1,20,20,5
2023-01-20 21:07:35,40.765686,-111.909721,1282.1,-9999.0,-9999.0,-9999.0,13.91,10.97,2.93,41.49,4.0,2.0,12.0,17.0,877.6,0.0,25.7,2.29,26.3,688.4,0.2,2.9,3.1,20.2,818.4,1.9,112.2,0.0,0,1,"time.struct_time(tm_year=2023, tm_mon=1, tm_mday=20, tm_hour=21, tm_min=7, tm_sec=35, tm_wday=4, tm_yday=20, tm_isdst=-1)",2023-01-20,2023,1,20,20,7
2023-01-20 21:10:05,40.765797,-111.909729,1279.4,-9999.0,-9999.0,-9999.0,13.91,10.91,2.87,41.74,2.0,2.0,11.89,17.0,877.7,0.0,25.9,2.29,26.3,688.2,2.8,5.7,8.5,20.1,818.4,1.9,112.1,0.0,0,1,"time.struct_time(tm_year=2023, tm_mon=1, tm_mday=20, tm_hour=21, tm_min=10, tm_sec=5, tm_wday=4, tm_yday=20, tm_isdst=-1)",2023-01-20,2023,1,20,20,10
2023-01-20 21:12:35,40.765835,-111.90966,1281.0,-9999.0,-9999.0,-9999.0,13.91,10.85,2.9,41.27,3.0,2.0,11.89,17.0,877.4,0.0,27.4,2.29,26.2,688.4,1.1,3.9,5.0,20.0,818.4,1.9,112.1,0.0,0,1,"time.struct_time(tm_year=2023, tm_mon=1, tm_mday=20, tm_hour=21, tm_min=12, tm_sec=35, tm_wday=4, tm_yday=20, tm_isdst=-1)",2023-01-20,2023,1,20,20,12
2023-01-20 21:15:05,40.765762,-111.909813,1280.4,-9999.0,-9999.0,-9999.0,13.91,10.8,2.85,41.52,3.0,2.0,11.89,17.0,877.5,0.0,24.8,2.29,26.1,688.1,2.8,5.0,7.8,20.0,818.3,1.9,112.0,0.0,0,1,"time.struct_time(tm_year=2023, tm_mon=1, tm_mday=20, tm_hour=21, tm_min=15, tm_sec=5, tm_wday=4, tm_yday=20, tm_isdst=-1)",2023-01-20,2023,1,20,20,15
2023-01-20 21:17:35,40.765739,-111.90979,1280.7,-9999.0,-9999.0,-9999.0,13.91,10.76,2.97,41.43,3.0,2.0,11.89,18.0,877.7,0.0,22.5,2.28,26.0,688.1,2.6,7.1,9.7,19.9,818.4,1.9,112.1,0.0,0,1,"time.struct_time(tm_year=2023, tm_mon=1, tm_mday=20, tm_hour=21, tm_min=17, tm_sec=35, tm_wday=4, tm_yday=20, tm_isdst=-1)",2023-01-20,2023,1,20,20,17
2023-01-20 21:20:05,40.765766,-111.909737,1281.0,-9999.0,-9999.0,-9999.0,13.91,10.72,3.01,45.19,3.0,2.0,11.78,18.0,877.4,0.0,23.6,2.28,25.9,688.0,6.0,10.1,16.1,19.9,818.4,1.9,112.2,0.0,0,1,"time.struct_time(tm_year=2023, tm_mon=1, tm_mday=20, tm_hour=21, tm_min=20, tm_sec=5, tm_wday=4, tm_yday=20, tm_isdst=-1)",2023-01-20,2023,1,20,20,20
2023-01-20 21:22:35,40.765724,-111.909599,1280.3,-9999.0,-9999.0,-9999.0,13.91,10.68,2.9,46.12,4.0,2.0,11.78,19.0,877.6,0.0,21.4,2.29,25.9,688.0,7.5,6.9,14.4,19.8,818.4,1.9,112.2,0.0,0,1,"time.struct_time(tm_year=2023, tm_mon=1, tm_mday=20, tm_hour=21, tm_min=22, tm_sec=35, tm_wday=4, tm_yday=20, tm_isdst=-1)",2023-01-20,2023,1,20,20,22
2023-01-20 21:25:05,40.765743,-111.909546,1280.0,-9999.0,-9999.0,-9999.0,13.91,10.65,2.83,42.41,3.0,2.0,11.78,18.0,877.6,0.0,26.9,2.27,25.8,688.1,6.0,7.3,13.3,19.7,818.4,1.9,112.1,0.0,0,1,"time.struct_time(tm_year=2023, tm_mon=1, tm_mday=20, tm_hour=21, tm_min=25, tm_sec=5, tm_wday=4, tm_yday=20, tm_isdst=-1)",2023-01-20,2023,1,20,20,25
2023-01-20 21:27:35,40.765778,-111.909561,1280.6,-9999.0,-9999.0,-9999.0,13.91,10.6,2.77,42.06,3.0,2.0,11.72,18.0,877.5,0.0,25.0,2.28,25.7,688.1,9.4,19.0,28.4,19.7,818.4,1.9,112.0,0.0,0,1,"time.struct_time(tm_year=2023, tm_mon=1, tm_mday=20, tm_hour=21, tm_min=27, tm_sec=35, tm_wday=4, tm_yday=20, tm_isdst=-1)",2023-01-20,2023,1,20,20,27
2023-01-20 21:30:05,40.765743,-111.909645,1275.8,-9999.0,-9999.0,-9999.0,13.91,10.56,2.88,41.17,2.0,2.0,11.61,18.0,877.9,0.0,30.1,2.28,25.7,688.1,4.2,3.8,8.0,19.6,818.5,1.9,112.1,0.0,0,1,"time.struct_time(tm_year=2023, tm_mon=1, tm_mday=20, tm_hour=21, tm_min=30, tm_sec=5, tm_wday=4, tm_yday=20, tm_isdst=-1)",2023-01-20,2023,1,20,20,30
2023-01-20 21:32:35,40.765678,-111.909744,1260.4,-9999.0,-9999.0,-9999.0,13.91,10.51,3.1,38.61,3.0,2.0,11.5,18.0,877.8,0.0,28.3,2.27,25.6,688.2,1.8,0.8,2.6,19.6,818.5,1.9,112.1,0.0,0,1,"time.struct_time(tm_year=2023, tm_mon=1, tm_mday=20, tm_hour=21, tm_min=32, tm_sec=35, tm_wday=4, tm_yday=20, tm_isdst=-1)",2023-01-20,2023,1,20,20,32
2023-01-20 21:35:05,40.765808,-111.909676,1296.0,-9999.0,-9999.0,-9999.0,13.91,10.45,3.17,38.65,3.0,2.0,11.39,18.0,877.6,0.0,25.2,2.27,25.6,688.1,2.0,0.7,2.7,19.5,818.5,1.9,112.1,0.0,0,1,"time.struct_time(tm_year=2023, tm_mon=1, tm_mday=20, tm_hour=21, tm_min=35, tm_sec=5, tm_wday=4, tm_yday=20, tm_isdst=-1)",2023-01-20,2023,1,20,20,35
2023-01-20 21:37:35,40.765778,-111.909676,1286.5,-9999.0,-9999.0,-9999.0,13.91,10.4,3.19,44.62,4.0,2.0,11.39,18.0,877.7,0.0,24.7,2.27,25.5,688.1,2.6,5.6,8.2,19.5,818.5,1.9,112.0,0.0,0,1,"time.struct_time(tm_year=2023, tm_mon=1, tm_mday=20, tm_hour=21, tm_min=37, tm_sec=35, tm_wday=4, tm_yday=20, tm_isdst=-1)",2023-01-20,2023,1,20,20,37
2023-01-20 21:40:05,40.765732,-111.909691,1264.9,-9999.0,-9999.0,-9999.0,13.91,10.35,2.99,42.98,5.0,2.0,11.28,19.0,877.8,0.0,28.2,2.28,25.5,688.1,3.4,8.0,11.3,19.4,818.5,1.9,112.0,0.0,0,1,"time.struct_time(tm_year=2023, tm_mon=1, tm_mday=20, tm_hour=21, tm_min=40, tm_sec=5, tm_wday=4, tm_yday=20, tm_isdst=-1)",2023-01-20,2023,1,20,20,40
2023-01-20 21:42:35,40.765827,-111.909706,1291.9,-9999.0,-9999.0,-9999.0,13.91,10.31,3.18,40.83,3.0,2.0,11.28,18.0,877.8,0.0,29.3,2.27,25.4,688.1,1.8,7.2,9.0,19.3,818.4,1.9,112.1,0.0,0,1,"time.struct_time(tm_year=2023, tm_mon=1, tm_mday=20, tm_hour=21, tm_min=42, tm_sec=35, tm_wday=4, tm_yday=20, tm_isdst=-1)",2023-01-20,2023,1,20,20,42
2023-01-20 21:45:05,40.765774,-111.909721,1284.7,-9999.0,-9999.0,-9999.0,13.91,10.28,3.47,39.84,3.0,2.0,11.28,18.0,877.7,0.0,25.4,2.27,25.4,688.1,3.4,2.3,5.7,19.3,818.5,1.9,112.1,0.0,0,1,"time.struct_time(tm_year=2023, tm_mon=1, tm_mday=20, tm_hour=21, tm_min=45, tm_sec=5, tm_wday=4, tm_yday=20, tm_isdst=-1)",2023-01-20,2023,1,20,20,45
2023-01-20 21:47:35,40.765755,-111.90979,1284.4,-9999.0,-9999.0,-9999.0,13.91,10.25,3.74,38.83,3.0,2.0,11.22,18.0,877.8,0.0,23.7,2.28,25.3,688.1,3.0,1.6,4.7,19.2,818.6,1.9,112.2,0.0,0,1,"time.struct_time(tm_year=2023, tm_mon=1, tm_mday=20, tm_hour=21, tm_min=47, tm_sec=35, tm_wday=4, tm_yday=20, tm_isdst=-1)",2023-01-20,2023,1,20,20,47
2023-01-20 21:50:05,40.765713,-111.909645,1281.5,-9999.0,-9999.0,-9999.0,13.91,10.22,3.9,37.69,3.0,2.0,11.22,18.0,877.6,0.0,20.9,2.28,25.3,688.1,42.4,11.2,53.6,19.2,818.5,1.9,112.0,0.0,0,1,"time.struct_time(tm_year=2023, tm_mon=1, tm_mday=20, tm_hour=21, tm_min=50, tm_sec=5, tm_wday=4, tm_yday=20, tm_isdst=-1)",2023-01-20,2023,1,20,20,50
2023-01-20 21:52:35,40.765709,-111.909645,1281.2,-9999.0,-9999.0,-9999.0,13.91,10.19,3.89,39.22,3.0,2.0,11.11,18.0,877.6,0.0,20.9,2.27,25.2,688.1,18.8,14.3,33.1,19.1,818.5,1.9,112.2,0.0,0,1,"time.struct_time(tm_year=2023, tm_mon=1, tm_mday=20, tm_hour=21, tm_min=52, tm_sec=35, tm_wday=4, tm_yday=20, tm_isdst=-1)",2023-01-20,2023,1,20,20,52
2023-01-20 21:55:05,40.765816,-111.90966,1281.4,-9999.0,-9999.0,-9999.0,13.91,10.15,3.51,41.34,3.0,2.0,11.0,19.0,877.9,0.0,23.7,2.27,25.2,688.2,3.7,7.3,10.9,19.1,818.6,1.9,112.1,0.0,0,1,"time.struct_time(tm_year=2023, tm_mon=1, tm_mday=20, tm_hour=21, tm_min=55, tm_sec=5, tm_wday=4, tm_yday=20, tm_isdst=-1)",2023-01-20,2023,1,20,20,55
2023-01-20 21:57:35,40.765705,-111.909676,1282.3,-9999.0,-9999.0,-9999.0,13.91,10.11,3.66,38.57,2.0,2.0,10.89,19.0,877.7,0.0,27.9,2.29,25.2,688.1,5.3,6.0,11.2,19.0,818.6,1.9,112.2,0.0,0,1,"time.struct_time(tm_year=2023, tm_mon=1, tm_mday=20, tm_hour=21, tm_min=57, tm_sec=35, tm_wday=4, tm_yday=20, tm_isdst=-1)",2023-01-20,2023,1,20,20,57
2023-01-20 22:00:05,40.765816,-111.909676,1284.6,-9999.0,-9999.0,-9999.0,13.91,10.06,3.82,40.38,3.0,2.0,10.78,19.0,877.7,0.0,28.3,2.27,25.1,688.2,2.7,5.2,7.9,19.0,818.7,1.9,112.1,0.0,0,1,"time.struct_time(tm_year=2023, tm_mon=1, tm_mday=20, tm_hour=22, tm_min=0, tm_sec=5, tm_wday=4, tm_yday=20, tm_isdst=-1)",2023-01-20,2023,1,20,20,0
2023-01-20 22:03:45,40.765808,-111.909599,1286.7,-9999.0,-9999.0,-9999.0,13.9,9.99,3.42,42.83,3.0,2.0,10.72,19.0,877.8,0.0,29.0,2.27,25.1,688.2,4.8,7.1,11.8,18.9,818.7,1.88,112.1,0.0,0,1,"time.struct_time(tm_year=2023, tm_mon=1, tm_mday=20, tm_hour=22, tm_min=3, tm_sec=45, tm_wday=4, tm_yday=20, tm_isdst=-1)",2023-01-20,2023,1,20,20,3
2023-01-20 22:06:15,40.765842,-111.909622,1287.4,-9999.0,-9999.0,-9999.0,13.91,9.94,3.03,43.86,4.0,2.0,10.72,19.0,877.9,0.0,23.9,2.28,25.0,688.3,3.3,7.7,11.0,18.8,818.8,1.88,112.0,0.0,0,1,"time.struct_time(tm_year=2023, tm_mon=1, tm_mday=20, tm_hour=22, tm_min=6, tm_sec=15, tm_wday=4, tm_yday=20, tm_isdst=-1)",2023-01-20,2023,1,20,20,6
2023-01-20 22:08:45,40.765778,-111.909698,1288.4,-9999.0,-9999.0,-9999.0,13.91,9.89,2.8,42.85,3.0,2.0,10.61,19.0,878.0,0.0,24.1,2.27,25.0,688.4,3.6,6.8,10.4,18.8,818.8,1.88,112.0,0.0,0,1,"time.struct_time(tm_year=2023, tm_mon=1, tm_mday=20, tm_hour=22, tm_min=8, tm_sec=45, tm_wday=4, tm_yday=20, tm_isdst=-1)",2023-01-20,2023,1,20,20,8
2023-01-20 22:11:15,40.765862,-111.909737,1288.5,-9999.0,-9999.0,-9999.0,13.91,9.83,2.5,41.87,3.0,2.0,10.5,19.0,877.9,0.0,28.2,2.27,24.9,688.5,2.2,6.0,8.2,18.7,818.8,1.88,112.0,0.0,0,1,"time.struct_time(tm_year=2023, tm_mon=1, tm_mday=20, tm_hour=22, tm_min=11, tm_sec=15, tm_wday=4, tm_yday=20, tm_isdst=-1)",2023-01-20,2023,1,20,20,11
2023-01-20 22:13:45,40.76585,-111.909714,1288.1,-9999.0,-9999.0,-9999.0,13.9,9.78,2.34,42.59,3.0,2.0,10.39,19.0,877.8,0.0,30.2,2.27,24.9,688.4,1.8,6.6,8.4,18.7,818.9,1.88,111.9,0.0,0,1,"time.struct_time(tm_year=2023, tm_mon=1, tm_mday=20, tm_hour=22, tm_min=13, tm_sec=45, tm_wday=4, tm_yday=20, tm_isdst=-1)",2023-01-20,2023,1,20,20,13
2023-01-20 22:16:15,40.765965,-111.909691,1280.5,-9999.0,-9999.0,-9999.0,13.91,9.73,2.26,42.35,2.0,2.0,10.39,19.0,877.9,0.0,27.8,2.26,24.8,688.5,5.7,8.8,14.5,18.6,818.9,1.88,112.0,0.0,0,1,"time.struct_time(tm_year=2023, tm_mon=1, tm_mday=20, tm_hour=22, tm_min=16, tm_sec=15, tm_wday=4, tm_yday=20, tm_isdst=-1)",2023-01-20,2023,1,20,20,16
2023-01-20 22:18:45,40.765976,-111.909676,1280.6,-9999.0,-9999.0,-9999.0,13.91,9.67,2.18,42.93,3.0,2.0,10.28,19.0,878.1,0.0,25.5,2.27,24.8,688.4,4.8,10.7,15.4,18.6,819.0,1.88,111.8,0.0,0,1,"time.struct_time(tm_year=2023, tm_mon=1, tm_mday=20, tm_hour=22, tm_min=18, tm_sec=45, tm_wday=4, tm_yday=20, tm_isdst=-1)",2023-01-20,2023,1,20,20,18
2023-01-20 22:21:15,40.765888,-111.909752,1277.9,-9999.0,-9999.0,-9999.0,13.91,9.62,2.38,42.19,3.0,2.0,10.28,19.0,878.1,0.0,23.5,2.27,24.7,688.4,2.5,5.9,8.4,18.5,819.0,1.88,111.8,0.0,0,1,"time.struct_time(tm_year=2023, tm_mon=1, tm_mday=20, tm_hour=22, tm_min=21, tm_sec=15, tm_wday=4, tm_yday=20, tm_isdst=-1)",2023-01-20,2023,1,20,20,21
2023-01-20 22:23:45,40.765957,-111.909813,1278.8,-9999.0,-9999.0,-9999.0,13.9,9.57,2.44,42.49,4.0,2.0,10.22,19.0,878.2,0.0,25.8,2.27,24.7,688.5,4.5,6.4,11.0,18.4,819.0,1.88,111.7,0.0,0,1,"time.struct_time(tm_year=2023, tm_mon=1, tm_mday=20, tm_hour=22, tm_min=23, tm_sec=45, tm_wday=4, tm_yday=20, tm_isdst=-1)",2023-01-20,2023,1,20,20,23
2023-01-20 22:26:15,40.765759,-111.909737,1276.8,-9999.0,-9999.0,-9999.0,13.91,9.52,2.42,43.12,3.0,2.0,10.22,19.0,878.0,0.0,26.6,2.26,24.6,688.4,1.6,10.4,12.0,18.4,819.0,1.88,112.0,0.0,0,1,"time.struct_time(tm_year=2023, tm_mon=1, tm_mday=20, tm_hour=22, tm_min=26, tm_sec=15, tm_wday=4, tm_yday=20, tm_isdst=-1)",2023-01-20,2023,1,20,20,26
2023-01-20 22:28:45,40.765667,-111.909866,1276.1,-9999.0,-9999.0,-9999.0,13.94,9.48,2.4,43.08,3.0,2.0,10.22,19.0,878.3,0.0,32.1,2.26,24.6,688.5,4.2,7.0,11.2,18.3,819.1,1.88,111.9,0.0,0,1,"time.struct_time(tm_year=2023, tm_mon=1, tm_mday=20, tm_hour=22, tm_min=28, tm_sec=45, tm_wday=4, tm_yday=20, tm_isdst=-1)",2023-01-20,2023,1,20,20,28
2023-01-20 22:31:15,40.765808,-111.909645,1273.4,-9999.0,-9999.0,-9999.0,13.94,9.44,2.18,43.12,3.0,2.0,10.11,19.0,878.3,0.0,28.8,2.26,24.5,688.4,2.4,6.4,8.8,18.3,819.0,1.88,111.9,0.0,0,1,"time.struct_time(tm_year=2023, tm_mon=1, tm_mday=20, tm_hour=22, tm_min=31, tm_sec=15, tm_wday=4, tm_yday=20, tm_isdst=-1)",2023-01-20,2023,1,20,20,31
2023-01-20 22:33:45,40.765774,-111.909615,1273.4,-9999.0,-9999.0,-9999.0,13.94,9.39,2.14,42.68,3.0,2.0,10.0,19.0,878.2,0.0,27.1,2.27,24.5,688.5,1.5,6.6,8.0,18.2,819.0,1.88,111.8,0.0,0,1,"time.struct_time(tm_year=2023, tm_mon=1, tm_mday=20, tm_hour=22, tm_min=33, tm_sec=45, tm_wday=4, tm_yday=20, tm_isdst=-1)",2023-01-20,2023,1,20,20,33
2023-01-20 22:36:15,40.765682,-111.909729,1272.7,-9999.0,-9999.0,-9999.0,13.94,9.34,2.06,42.81,4.0,2.0,10.0,19.0,878.1,0.0,19.4,2.27,24.4,688.5,5.6,7.1,12.8,18.2,819.0,1.88,112.0,0.0,0,1,"time.struct_time(tm_year=2023, tm_mon=1, tm_mday=20, tm_hour=22, tm_min=36, tm_sec=15, tm_wday=4, tm_yday=20, tm_isdst=-1)",2023-01-20,2023,1,20,20,36
2023-01-20 22:38:45,40.765797,-111.909737,1273.6,-9999.0,-9999.0,-9999.0,13.94,9.3,1.96,44.02,3.0,2.0,10.0,19.0,878.1,0.0,27.4,2.27,24.4,688.5,9.0,9.1,18.0,18.1,819.1,1.88,111.7,0.0,0,1,"time.struct_time(tm_year=2023, tm_mon=1, tm_mday=20, tm_hour=22, tm_min=38, tm_sec=45, tm_wday=4, tm_yday=20, tm_isdst=-1)",2023-01-20,2023,1,20,20,38
2023-01-20 22:41:15,40.765736,-111.909691,1274.2,-9999.0,-9999.0,-9999.0,13.94,9.25,1.92,45.21,4.0,2.0,10.0,20.0,878.1,0.0,29.1,2.27,24.3,688.6,3.2,6.7,9.8,18.1,819.2,1.88,111.9,0.0,0,1,"time.struct_time(tm_year=2023, tm_mon=1, tm_mday=20, tm_hour=22, tm_min=41, tm_sec=15, tm_wday=4, tm_yday=20, tm_isdst=-1)",2023-01-20,2023,1,20,20,41
2023-01-20 22:43:45,40.765705,-111.909721,1272.2,-9999.0,-9999.0,-9999.0,13.94,9.2,1.88,48.65,3.0,2.0,9.89,20.0,878.2,0.0,26.8,2.27,24.3,688.6,2.2,6.2,8.5,18.0,819.2,1.88,112.1,0.0,0,1,"time.struct_time(tm_year=2023, tm_mon=1, tm_mday=20, tm_hour=22, tm_min=43, tm_sec=45, tm_wday=4, tm_yday=20, tm_isdst=-1)",2023-01-20,2023,1,20,20,43
2023-01-20 22:46:15,40.765697,-111.909775,1272.7,-9999.0,-9999.0,-9999.0,13.94,9.16,1.7,52.73,3.0,2.0,9.78,21.0,878.5,0.0,31.0,2.27,24.2,688.5,1.7,4.7,6.4,18.0,819.2,1.88,112.0,0.0,0,1,"time.struct_time(tm_year=2023, tm_mon=1, tm_mday=20, tm_hour=22, tm_min=46, tm_sec=15, tm_wday=4, tm_yday=20, tm_isdst=-1)",2023-01-20,2023,1,20,20,46
2023-01-20 22:48:45,40.7658,-111.909843,1272.9,-9999.0,-9999.0,-9999.0,13.94,9.11,1.6,53.07,3.0,2.0,9.72,22.0,878.5,0.0,26.9,2.25,24.2,688.9,2.8,7.6,10.5,17.9,819.3,1.88,111.9,0.0,0,1,"time.struct_time(tm_year=2023, tm_mon=1, tm_mday=20, tm_hour=22, tm_min=48, tm_sec=45, tm_wday=4, tm_yday=20, tm_isdst=-1)",2023-01-20,2023,1,20,20,48
2023-01-20 22:51:15,40.765846,-111.909752,1272.4,-9999.0,-9999.0,-9999.0,13.94,9.05,1.46,56.15,3.0,2.0,9.61,22.0,878.5,0.0,29.6,2.26,24.1,688.6,2.9,4.3,7.2,17.9,819.3,1.88,112.0,0.0,0,1,"time.struct_time(tm_year=2023, tm_mon=1, tm_mday=20, tm_hour=22, tm_min=51, tm_sec=15, tm_wday=4, tm_yday=20, tm_isdst=-1)",2023-01-20,2023,1,20,20,51
2023-01-20 22:53:45,40.765915,-111.909752,1271.2,-9999.0,-9999.0,-9999.0,13.94,9.0,1.39,56.09,3.0,2.0,9.61,23.0,878.3,0.0,24.8,2.25,24.1,688.9,8.9,9.0,17.8,17.8,819.4,1.88,112.0,0.0,0,1,"time.struct_time(tm_year=2023, tm_mon=1, tm_mday=20, tm_hour=22, tm_min=53, tm_sec=45, tm_wday=4, tm_yday=20, tm_isdst=-1)",2023-01-20,2023,1,20,20,53
2023-01-20 22:56:15,40.765778,-111.909714,1269.4,-9999.0,-9999.0,-9999.0,13.94,8.93,1.27,55.07,4.0,2.0,9.5,22.0,878.3,0.0,20.1,2.27,24.0,688.7,10.9,11.4,22.4,17.8,819.4,1.88,111.9,0.0,0,1,"time.struct_time(tm_year=2023, tm_mon=1, tm_mday=20, tm_hour=22, tm_min=56, tm_sec=15, tm_wday=4, tm_yday=20, tm_isdst=-1)",2023-01-20,2023,1,20,20,56
2023-01-20 22:58:45,40.765778,-111.909714,1283.0,-9999.0,-9999.0,-9999.0,13.94,8.87,1.19,54.44,4.0,2.0,9.39,22.0,878.3,0.0,23.6,2.27,24.0,689.0,15.6,14.4,30.1,17.7,819.4,1.88,111.8,0.0,0,1,"time.struct_time(tm_year=2023, tm_mon=1, tm_mday=20, tm_hour=22, tm_min=58, tm_sec=45, tm_wday=4, tm_yday=20, tm_isdst=-1)",2023-01-20,2023,1,20,20,58
2023-01-20 23:01:15,40.765739,-111.909737,1303.0,-9999.0,-9999.0,-9999.0,13.94,8.81,1.17,53.88,7.0,2.0,9.28,22.0,878.3,0.0,17.3,2.24,23.9,688.8,14.1,11.9,26.0,17.7,819.4,1.88,111.9,0.0,0,1,"time.struct_time(tm_year=2023, tm_mon=1, tm_mday=20, tm_hour=23, tm_min=1, tm_sec=15, tm_wday=4, tm_yday=20, tm_isdst=-1)",2023-01-20,2023,1,20,20,1
2023-01-20 23:04:50,40.765697,-111.90966,1310.9,-9999.0,-9999.0,-9999.0,13.94,8.72,1.22,53.56,3.0,2.0,9.28,22.0,878.4,0.0,29.3,2.25,23.9,689.0,1.5,5.4,6.9,17.6,819.5,1.9,112.0,0.0,0,1,"time.struct_time(tm_year=2023, tm_mon=1, tm_mday=20, tm_hour=23, tm_min=4, tm_sec=50, tm_wday=4, tm_yday=20, tm_isdst=-1)",2023-01-20,2023,1,20,20,4
2023-01-20 23:07:20,40.76564,-111.909645,1280.5,-9999.0,-9999.0,-9999.0,13.94,8.67,1.15,54.96,3.0,2.0,9.22,23.0,878.5,0.0,27.5,2.26,23.8,688.8,9.0,10.3,19.3,17.5,819.5,1.9,112.1,0.0,0,1,"time.struct_time(tm_year=2023, tm_mon=1, tm_mday=20, tm_hour=23, tm_min=7, tm_sec=20, tm_wday=4, tm_yday=20, tm_isdst=-1)",2023-01-20,2023,1,20,20,7
2023-01-20 23:09:50,40.76572,-111.909767,1273.7,-9999.0,-9999.0,-9999.0,13.94,8.61,1.14,56.03,4.0,2.0,9.11,23.0,878.6,0.0,21.2,2.25,23.7,688.9,33.8,13.1,46.9,17.5,819.6,1.9,112.1,0.0,0,1,"time.struct_time(tm_year=2023, tm_mon=1, tm_mday=20, tm_hour=23, tm_min=9, tm_sec=50, tm_wday=4, tm_yday=20, tm_isdst=-1)",2023-01-20,2023,1,20,20,9
2023-01-20 23:12:20,40.765789,-111.909927,1268.2,-9999.0,-9999.0,-9999.0,13.94,8.55,1.09,56.57,3.0,2.0,9.11,23.0,878.6,0.0,23.9,2.25,23.7,688.8,13.9,9.7,23.6,17.4,819.6,1.9,112.1,0.0,0,1,"time.struct_time(tm_year=2023, tm_mon=1, tm_mday=20, tm_hour=23, tm_min=12, tm_sec=20, tm_wday=4, tm_yday=20, tm_isdst=-1)",2023-01-20,2023,1,20,20,12
2023-01-20 23:14:50,40.765724,-111.909805,1270.4,-9999.0,-9999.0,-9999.0,13.94,8.5,1.14,56.28,4.0,2.0,9.0,23.0,878.6,0.0,16.9,2.25,23.6,689.0,8.1,12.5,20.6,17.4,819.6,1.9,112.2,0.0,0,1,"time.struct_time(tm_year=2023, tm_mon=1, tm_mday=20, tm_hour=23, tm_min=14, tm_sec=50, tm_wday=4, tm_yday=20, tm_isdst=-1)",2023-01-20,2023,1,20,20,14
2023-01-20 23:17:20,40.765778,-111.909828,1295.3,-9999.0,-9999.0,-9999.0,13.94,8.45,1.17,55.98,4.0,2.0,9.0,23.0,878.8,0.0,15.0,2.26,23.6,689.0,4.1,11.4,15.5,17.3,819.7,1.9,112.1,0.0,0,1,"time.struct_time(tm_year=2023, tm_mon=1, tm_mday=20, tm_hour=23, tm_min=17, tm_sec=20, tm_wday=4, tm_yday=20, tm_isdst=-1)",2023-01-20,2023,1,20,20,17
2023-01-20 23:19:50,40.765747,-111.909828,1268.6,-9999.0,-9999.0,-9999.0,13.94,8.41,1.24,53.48,4.0,2.0,9.0,23.0,878.8,0.0,24.7,2.25,23.5,689.1,4.1,12.3,16.4,17.3,819.7,1.9,112.1,0.0,0,1,"time.struct_time(tm_year=2023, tm_mon=1, tm_mday=20, tm_hour=23, tm_min=19, tm_sec=50, tm_wday=4, tm_yday=20, tm_isdst=-1)",2023-01-20,2023,1,20,20,19
2023-01-20 23:22:20,40.765766,-111.909767,1283.0,-9999.0,-9999.0,-9999.0,13.94,8.37,1.33,53.13,3.0,2.0,9.0,23.0,878.7,0.0,22.5,2.26,23.5,689.0,2.1,7.3,9.3,17.2,819.7,1.9,112.2,0.0,0,1,"time.struct_time(tm_year=2023, tm_mon=1, tm_mday=20, tm_hour=23, tm_min=22, tm_sec=20, tm_wday=4, tm_yday=20, tm_isdst=-1)",2023-01-20,2023,1,20,20,22
2023-01-20 23:24:50,40.765846,-111.909836,1269.7,-9999.0,-9999.0,-9999.0,13.94,8.33,1.37,53.21,4.0,2.0,8.89,23.0,878.8,0.0,29.1,2.25,23.4,689.1,2.8,8.8,11.5,17.2,819.8,1.9,112.0,0.0,0,1,"time.struct_time(tm_year=2023, tm_mon=1, tm_mday=20, tm_hour=23, tm_min=24, tm_sec=50, tm_wday=4, tm_yday=20, tm_isdst=-1)",2023-01-20,2023,1,20,20,24
2023-01-20 23:27:20,40.765652,-111.909569,1261.9,-9999.0,-9999.0,-9999.0,13.94,8.29,1.23,53.24,3.0,2.0,8.89,23.0,878.6,0.0,25.1,2.25,23.4,689.0,3.1,4.2,7.3,17.1,819.9,1.9,111.9,0.0,0,1,"time.struct_time(tm_year=2023, tm_mon=1, tm_mday=20, tm_hour=23, tm_min=27, tm_sec=20, tm_wday=4, tm_yday=20, tm_isdst=-1)",2023-01-20,2023,1,20,20,27
2023-01-20 23:29:50,40.765739,-111.909798,1230.5,-9999.0,-9999.0,-9999.0,13.94,8.25,1.17,53.81,5.0,2.0,8.78,23.0,878.6,0.0,19.0,2.25,23.3,689.2,10.3,8.0,18.3,17.1,819.9,1.9,112.1,0.0,0,1,"time.struct_time(tm_year=2023, tm_mon=1, tm_mday=20, tm_hour=23, tm_min=29, tm_sec=50, tm_wday=4, tm_yday=20, tm_isdst=-1)",2023-01-20,2023,1,20,20,29
2023-01-20 23:32:20,40.765759,-111.909721,1239.2,-9999.0,-9999.0,-9999.0,13.94,8.21,1.15,52.57,3.0,2.0,8.78,23.0,879.0,0.0,25.6,2.25,23.3,689.1,8.8,7.9,16.7,17.0,819.9,1.9,112.1,0.0,0,1,"time.struct_time(tm_year=2023, tm_mon=1, tm_mday=20, tm_hour=23, tm_min=32, tm_sec=20, tm_wday=4, tm_yday=20, tm_isdst=-1)",2023-01-20,2023,1,20,20,32
2023-01-20 23:34:50,40.765575,-111.909622,1248.9,-9999.0,-9999.0,-9999.0,13.94,8.17,1.13,52.29,3.0,2.0,8.78,23.0,879.0,0.0,28.6,2.24,23.2,688.9,1.3,5.2,6.5,17.0,819.9,1.9,112.1,0.0,0,1,"time.struct_time(tm_year=2023, tm_mon=1, tm_mday=20, tm_hour=23, tm_min=34, tm_sec=50, tm_wday=4, tm_yday=20, tm_isdst=-1)",2023-01-20,2023,1,20,20,34
2023-01-20 23:37:20,40.765499,-111.909569,1251.2,-9999.0,-9999.0,-9999.0,13.94,8.13,1.01,53.64,4.0,2.0,8.72,23.0,878.7,0.0,27.0,2.25,23.2,689.0,1.4,5.6,7.0,16.9,820.0,1.9,112.0,0.0,0,1,"time.struct_time(tm_year=2023, tm_mon=1, tm_mday=20, tm_hour=23, tm_min=37, tm_sec=20, tm_wday=4, tm_yday=20, tm_isdst=-1)",2023-01-20,2023,1,20,20,37
2023-01-20 23:39:50,40.765591,-111.909683,1254.1,-9999.0,-9999.0,-9999.0,13.94,8.09,1.01,53.71,4.0,2.0,8.72,23.0,878.8,0.0,24.8,2.25,23.2,688.9,2.3,6.9,9.3,16.9,820.0,1.9,112.0,0.0,0,1,"time.struct_time(tm_year=2023, tm_mon=1, tm_mday=20, tm_hour=23, tm_min=39, tm_sec=50, tm_wday=4, tm_yday=20, tm_isdst=-1)",2023-01-20,2023,1,20,20,39
2023-01-20 23:42:20,40.765533,-111.909637,1255.1,-9999.0,-9999.0,-9999.0,13.94,8.05,1.17,52.87,3.0,2.0,8.61,23.0,878.9,0.0,23.3,2.25,23.1,689.1,7.9,14.1,22.0,16.8,820.0,1.9,112.0,0.0,0,1,"time.struct_time(tm_year=2023, tm_mon=1, tm_mday=20, tm_hour=23, tm_min=42, tm_sec=20, tm_wday=4, tm_yday=20, tm_isdst=-1)",2023-01-20,2023,1,20,20,42
2023-01-20 23:44:50,40.765617,-111.909706,1254.6,-9999.0,-9999.0,-9999.0,13.94,8.02,1.14,52.17,3.0,2.0,8.61,23.0,879.0,0.0,26.8,2.25,23.1,689.2,3.5,7.0,10.5,16.8,820.0,1.9,112.0,0.0,0,1,"time.struct_time(tm_year=2023, tm_mon=1, tm_mday=20, tm_hour=23, tm_min=44, tm_sec=50, tm_wday=4, tm_yday=20, tm_isdst=-1)",2023-01-20,2023,1,20,20,44
2023-01-20 23:47:20,40.765644,-111.909805,1254.8,-9999.0,-9999.0,-9999.0,13.94,7.98,1.15,52.49,4.0,2.0,8.61,23.0,878.9,0.0,28.6,2.25,23.0,689.1,1.2,7.5,8.8,16.7,819.9,1.9,112.0,0.0,0,1,"time.struct_time(tm_year=2023, tm_mon=1, tm_mday=20, tm_hour=23, tm_min=47, tm_sec=20, tm_wday=4, tm_yday=20, tm_isdst=-1)",2023-01-20,2023,1,20,20,47
2023-01-20 23:49:50,40.76577,-111.909828,1254.6,-9999.0,-9999.0,-9999.0,13.94,7.94,1.09,53.14,4.0,2.0,8.5,23.0,878.7,0.0,19.6,2.24,23.0,689.1,8.7,9.4,18.0,16.7,820.0,1.9,112.0,0.0,0,1,"time.struct_time(tm_year=2023, tm_mon=1, tm_mday=20, tm_hour=23, tm_min=49, tm_sec=50, tm_wday=4, tm_yday=20, tm_isdst=-1)",2023-01-20,2023,1,20,20,49
2023-01-20 23:52:20,40.765694,-111.909454,1255.0,-9999.0,-9999.0,-9999.0,13.94,7.91,0.99,53.9,3.0,2.0,8.5,23.0,878.7,0.0,25.8,2.25,23.0,689.1,7.4,9.7,17.1,16.6,820.0,1.9,112.1,0.0,0,1,"time.struct_time(tm_year=2023, tm_mon=1, tm_mday=20, tm_hour=23, tm_min=52, tm_sec=20, tm_wday=4, tm_yday=20, tm_isdst=-1)",2023-01-20,2023,1,20,20,52
2023-01-20 23:54:50,40.765652,-111.909477,1256.4,-9999.0,-9999.0,-9999.0,13.94,7.87,0.95,54.18,4.0,2.0,8.5,24.0,879.1,0.0,24.5,2.24,22.9,689.2,3.7,8.2,11.9,16.6,820.0,1.9,112.0,0.0,0,1,"time.struct_time(tm_year=2023, tm_mon=1, tm_mday=20, tm_hour=23, tm_min=54, tm_sec=50, tm_wday=4, tm_yday=20, tm_isdst=-1)",2023-01-20,2023,1,20,20,54
2023-01-20 23:57:20,40.765553,-111.909462,1258.6,-9999.0,-9999.0,-9999.0,13.94,7.84,0.92,54.39,3.0,2.0,8.39,24.0,878.8,0.0,25.2,2.25,22.9,689.2,2.0,9.9,12.0,16.5,820.1,1.9,112.2,0.0,0,1,"time.struct_time(tm_year=2023, tm_mon=1, tm_mday=20, tm_hour=23, tm_min=57, tm_sec=20, tm_wday=4, tm_yday=20, tm_isdst=-1)",2023-01-20,2023,1,20,20,57
2023-01-20 23:59:50,40.765663,-111.909515,1259.0,-9999.0,-9999.0,-9999.0,13.94,7.81,0.92,55.35,3.0,2.0,8.39,24.0,879.0,0.0,21.8,2.25,22.9,689.0,3.9,9.4,13.4,16.5,820.2,1.9,112.0,0.0,0,1,"time.struct_time(tm_year=2023, tm_mon=1, tm_mday=20, tm_hour=23, tm_min=59, tm_sec=50, tm_wday=4, tm_yday=20, tm_isdst=-1)",2023-01-20,2023,1,20,20,59
2023-01-21 00:02:20,40.765678,-111.909607,1259.4,-9999.0,-9999.0,-9999.0,13.94,7.77,0.87,57.67,3.0,2.0,8.28,24.0,879.0,0.0,26.4,2.25,22.8,689.2,5.5,8.5,14.0,16.4,820.2,1.89,112.0,0.0,0,1,"time.struct_time(tm_year=2023, tm_mon=1, tm_mday=21, tm_hour=0, tm_min=2, tm_sec=20, tm_wday=5, tm_yday=21, tm_isdst=-1)",2023-01-21,2023,1,21,21,2
2023-01-21 00:05:55,40.765743,-111.909653,1260.6,-9999.0,-9999.0,-9999.0,13.94,7.73,0.81,59.65,4.0,2.0,8.22,25.0,879.1,0.0,24.0,2.24,22.8,689.2,1.5,10.1,11.6,16.4,820.2,1.87,111.0,0.0,0,1,"time.struct_time(tm_year=2023, tm_mon=1, tm_mday=21, tm_hour=0, tm_min=5, tm_sec=55, tm_wday=5, tm_yday=21, tm_isdst=-1)",2023-01-21,2023,1,21,21,5
2023-01-21 00:08:25,40.765728,-111.909691,1267.7,-9999.0,-9999.0,-9999.0,13.94,7.7,0.79,60.28,3.0,2.0,8.22,25.0,879.3,0.0,24.1,2.24,22.7,689.2,3.1,11.6,14.7,16.3,820.3,1.87,111.1,0.0,0,1,"time.struct_time(tm_year=2023, tm_mon=1, tm_mday=21, tm_hour=0, tm_min=8, tm_sec=25, tm_wday=5, tm_yday=21, tm_isdst=-1)",2023-01-21,2023,1,21,21,8
2023-01-21 00:10:55,40.765728,-111.909729,1268.6,-9999.0,-9999.0,-9999.0,13.98,7.66,0.75,60.54,3.0,2.0,8.22,26.0,879.1,0.0,24.9,2.25,22.7,689.3,4.0,8.4,12.4,16.3,820.4,1.87,111.1,0.0,0,1,"time.struct_time(tm_year=2023, tm_mon=1, tm_mday=21, tm_hour=0, tm_min=10, tm_sec=55, tm_wday=5, tm_yday=21, tm_isdst=-1)",2023-01-21,2023,1,21,21,10
2023-01-21 00:13:25,40.765839,-111.909698,1267.3,-9999.0,-9999.0,-9999.0,13.98,7.63,0.73,61.09,4.0,2.0,8.22,26.0,879.3,0.0,23.0,2.25,22.7,689.1,5.8,5.1,10.9,16.3,820.3,1.87,111.2,0.0,0,1,"time.struct_time(tm_year=2023, tm_mon=1, tm_mday=21, tm_hour=0, tm_min=13, tm_sec=25, tm_wday=5, tm_yday=21, tm_isdst=-1)",2023-01-21,2023,1,21,21,13
2023-01-21 00:15:55,40.765774,-111.909691,1266.1,-9999.0,-9999.0,-9999.0,13.98,7.59,0.69,61.89,3.0,2.0,8.11,26.0,879.1,0.0,23.9,2.24,22.6,689.3,3.6,5.0,8.5,16.2,820.4,1.87,111.0,0.0,0,1,"time.struct_time(tm_year=2023, tm_mon=1, tm_mday=21, tm_hour=0, tm_min=15, tm_sec=55, tm_wday=5, tm_yday=21, tm_isdst=-1)",2023-01-21,2023,1,21,21,15
2023-01-21 00:18:25,40.765659,-111.90963,1266.2,-9999.0,-9999.0,-9999.0,13.98,7.55,0.63,62.35,3.0,2.0,8.0,26.0,879.4,0.0,23.4,2.25,22.6,689.4,2.8,8.3,11.1,16.2,820.4,1.87,111.1,0.0,0,1,"time.struct_time(tm_year=2023, tm_mon=1, tm_mday=21, tm_hour=0, tm_min=18, tm_sec=25, tm_wday=5, tm_yday=21, tm_isdst=-1)",2023-01-21,2023,1,21,21,18
2023-01-21 00:20:55,40.765717,-111.909554,1265.8,-9999.0,-9999.0,-9999.0,13.98,7.51,0.59,63.02,3.0,2.0,8.0,26.0,879.3,0.0,18.6,2.24,22.5,689.4,3.3,9.6,12.9,16.1,820.5,1.87,111.0,0.0,0,1,"time.struct_time(tm_year=2023, tm_mon=1, tm_mday=21, tm_hour=0, tm_min=20, tm_sec=55, tm_wday=5, tm_yday=21, tm_isdst=-1)",2023-01-21,2023,1,21,21,20
2023-01-21 00:23:25,40.765682,-111.909538,1266.2,-9999.0,-9999.0,-9999.0,13.98,7.47,0.55,63.56,4.0,2.0,7.89,26.0,879.3,0.0,19.5,2.23,22.5,689.2,2.8,9.3,12.2,16.1,820.6,1.87,111.0,0.0,0,1,"time.struct_time(tm_year=2023, tm_mon=1, tm_mday=21, tm_hour=0, tm_min=23, tm_sec=25, tm_wday=5, tm_yday=21, tm_isdst=-1)",2023-01-21,2023,1,21,21,23
2023-01-21 00:25:55,40.765755,-111.909515,1266.2,-9999.0,-9999.0,-9999.0,13.98,7.43,0.45,63.71,4.0,2.0,7.89,27.0,879.2,0.0,22.9,2.24,22.5,689.4,3.7,7.4,11.1,16.0,820.5,1.87,111.1,0.0,0,1,"time.struct_time(tm_year=2023, tm_mon=1, tm_mday=21, tm_hour=0, tm_min=25, tm_sec=55, tm_wday=5, tm_yday=21, tm_isdst=-1)",2023-01-21,2023,1,21,21,25
2023-01-21 00:28:25,40.765747,-111.909523,1266.3,-9999.0,-9999.0,-9999.0,13.98,7.38,0.41,64.16,3.0,2.0,7.78,27.0,879.4,0.0,12.0,2.23,22.4,689.1,1.9,8.3,10.2,16.0,820.6,1.87,111.0,0.0,0,1,"time.struct_time(tm_year=2023, tm_mon=1, tm_mday=21, tm_hour=0, tm_min=28, tm_sec=25, tm_wday=5, tm_yday=21, tm_isdst=-1)",2023-01-21,2023,1,21,21,28
2023-01-21 00:30:55,40.765762,-111.909424,1267.1,-9999.0,-9999.0,-9999.0,13.98,7.34,0.39,64.3,4.0,2.0,7.78,27.0,879.4,0.0,24.4,2.24,22.4,689.5,24.6,21.3,45.9,16.0,820.6,1.87,111.0,0.0,0,1,"time.struct_time(tm_year=2023, tm_mon=1, tm_mday=21, tm_hour=0, tm_min=30, tm_sec=55, tm_wday=5, tm_yday=21, tm_isdst=-1)",2023-01-21,2023,1,21,21,30
2023-01-21 00:33:25,40.765633,-111.909454,1267.6,-9999.0,-9999.0,-9999.0,13.98,7.3,0.31,63.36,4.0,2.0,7.78,27.0,879.3,0.0,24.3,2.24,22.4,689.3,2.5,7.6,10.1,15.9,820.6,1.87,111.2,0.0,0,1,"time.struct_time(tm_year=2023, tm_mon=1, tm_mday=21, tm_hour=0, tm_min=33, tm_sec=25, tm_wday=5, tm_yday=21, tm_isdst=-1)",2023-01-21,2023,1,21,21,33
2023-01-21 00:35:55,40.76564,-111.909477,1266.8,-9999.0,-9999.0,-9999.0,13.98,7.25,0.23,63.18,4.0,2.0,7.72,27.0,879.4,0.0,26.7,2.24,22.3,689.5,3.6,6.0,9.6,15.9,820.6,1.87,111.1,0.0,0,1,"time.struct_time(tm_year=2023, tm_mon=1, tm_mday=21, tm_hour=0, tm_min=35, tm_sec=55, tm_wday=5, tm_yday=21, tm_isdst=-1)",2023-01-21,2023,1,21,21,35
2023-01-21 00:38:25,40.765736,-111.909546,1267.1,-9999.0,-9999.0,-9999.0,13.98,7.21,0.19,62.9,4.0,2.0,7.61,27.0,879.5,0.0,17.1,2.23,22.3,689.3,5.3,11.4,16.7,15.8,820.7,1.87,111.1,0.0,0,1,"time.struct_time(tm_year=2023, tm_mon=1, tm_mday=21, tm_hour=0, tm_min=38, tm_sec=25, tm_wday=5, tm_yday=21, tm_isdst=-1)",2023-01-21,2023,1,21,21,38
2023-01-21 00:40:55,40.765705,-111.909683,1266.6,-9999.0,-9999.0,-9999.0,13.98,7.17,0.18,62.49,5.0,2.0,7.61,27.0,879.7,0.0,23.4,2.24,22.2,689.5,4.4,10.0,14.4,15.8,820.7,1.87,111.1,0.0,0,1,"time.struct_time(tm_year=2023, tm_mon=1, tm_mday=21, tm_hour=0, tm_min=40, tm_sec=55, tm_wday=5, tm_yday=21, tm_isdst=-1)",2023-01-21,2023,1,21,21,40
2023-01-21 00:43:25,40.765877,-111.909706,1261.8,-9999.0,-9999.0,-9999.0,13.98,7.12,0.21,62.17,4.0,2.0,7.5,27.0,879.7,0.0,22.4,2.24,22.2,689.2,2.6,8.5,11.2,15.8,820.7,1.87,111.1,0.0,0,1,"time.struct_time(tm_year=2023, tm_mon=1, tm_mday=21, tm_hour=0, tm_min=43, tm_sec=25, tm_wday=5, tm_yday=21, tm_isdst=-1)",2023-01-21,2023,1,21,21,43
2023-01-21 00:45:55,40.765919,-111.909676,1260.5,-9999.0,-9999.0,-9999.0,13.98,7.08,0.28,62.01,4.0,2.0,7.5,27.0,879.5,0.0,18.4,2.23,22.2,689.5,1.2,9.5,10.7,15.7,820.7,1.87,111.0,0.0,0,1,"time.struct_time(tm_year=2023, tm_mon=1, tm_mday=21, tm_hour=0, tm_min=45, tm_sec=55, tm_wday=5, tm_yday=21, tm_isdst=-1)",2023-01-21,2023,1,21,21,45
2023-01-21 00:48:25,40.7658,-111.909683,1260.1,-9999.0,-9999.0,-9999.0,13.98,7.04,0.26,62.39,4.0,2.0,7.5,27.0,879.5,0.0,21.3,2.24,22.1,689.4,2.8,9.3,12.1,15.7,820.8,1.87,111.0,0.0,0,1,"time.struct_time(tm_year=2023, tm_mon=1, tm_mday=21, tm_hour=0, tm_min=48, tm_sec=25, tm_wday=5, tm_yday=21, tm_isdst=-1)",2023-01-21,2023,1,21,21,48
2023-01-21 00:50:55,40.765827,-111.909744,1260.9,-9999.0,-9999.0,-9999.0,13.98,7.01,0.2,62.41,5.0,2.0,7.39,27.0,879.5,0.0,20.5,2.23,22.1,689.6,3.9,8.3,12.2,15.6,820.8,1.87,111.0,0.0,0,1,"time.struct_time(tm_year=2023, tm_mon=1, tm_mday=21, tm_hour=0, tm_min=50, tm_sec=55, tm_wday=5, tm_yday=21, tm_isdst=-1)",2023-01-21,2023,1,21,21,50
2023-01-21 00:53:25,40.76577,-111.909782,1264.0,-9999.0,-9999.0,-9999.0,13.98,6.97,0.14,63.15,4.0,2.0,7.39,27.0,879.7,0.0,24.5,2.24,22.0,689.3,3.8,7.6,11.4,15.6,820.9,1.87,111.1,0.0,0,1,"time.struct_time(tm_year=2023, tm_mon=1, tm_mday=21, tm_hour=0, tm_min=53, tm_sec=25, tm_wday=5, tm_yday=21, tm_isdst=-1)",2023-01-21,2023,1,21,21,53
2023-01-21 00:55:55,40.765614,-111.90976,1261.4,-9999.0,-9999.0,-9999.0,13.98,6.93,0.12,63.59,4.0,2.0,7.39,27.0,879.7,0.0,25.3,2.22,22.0,689.7,1.3,5.5,6.8,15.5,820.9,1.87,111.1,0.0,0,1,"time.struct_time(tm_year=2023, tm_mon=1, tm_mday=21, tm_hour=0, tm_min=55, tm_sec=55, tm_wday=5, tm_yday=21, tm_isdst=-1)",2023-01-21,2023,1,21,21,55
2023-01-21 00:58:25,40.765728,-111.90979,1265.6,-9999.0,-9999.0,-9999.0,13.98,6.89,0.06,63.92,3.0,2.0,7.28,27.0,879.6,0.0,23.9,2.23,22.0,689.4,1.9,8.2,10.1,15.5,821.0,1.87,111.1,0.0,0,1,"time.struct_time(tm_year=2023, tm_mon=1, tm_mday=21, tm_hour=0, tm_min=58, tm_sec=25, tm_wday=5, tm_yday=21, tm_isdst=-1)",2023-01-21,2023,1,21,21,58
2023-01-21 01:00:55,40.765667,-111.90976,1263.4,-9999.0,-9999.0,-9999.0,13.98,6.85,-0.02,62.11,5.0,2.0,7.28,27.0,879.7,0.0,10.5,2.23,21.9,689.8,10.5,11.6,22.2,15.5,821.0,1.87,111.0,0.0,0,1,"time.struct_time(tm_year=2023, tm_mon=1, tm_mday=21, tm_hour=1, tm_min=0, tm_sec=55, tm_wday=5, tm_yday=21, tm_isdst=-1)",2023-01-21,2023,1,21,21,0
2023-01-21 01:03:25,40.765797,-111.909737,1265.0,-9999.0,-9999.0,-9999.0,13.98,6.81,-0.1,62.59,3.0,2.0,7.22,27.0,879.8,0.0,23.1,2.23,21.9,689.2,12.6,16.4,29.0,15.4,821.0,1.87,111.1,0.0,0,1,"time.struct_time(tm_year=2023, tm_mon=1, tm_mday=21, tm_hour=1, tm_min=3, tm_sec=25, tm_wday=5, tm_yday=21, tm_isdst=-1)",2023-01-21,2023,1,21,21,3
2023-01-21 01:07:00,40.765697,-111.909744,1260.0,-9999.0,-9999.0,-9999.0,13.98,6.75,-0.14,63.74,3.0,2.0,7.22,27.0,879.9,0.0,20.1,2.22,21.8,689.7,2.3,6.0,8.3,15.4,821.1,1.88,111.6,0.0,0,1,"time.struct_time(tm_year=2023, tm_mon=1, tm_mday=21, tm_hour=1, tm_min=7, tm_sec=0, tm_wday=5, tm_yday=21, tm_isdst=-1)",2023-01-21,2023,1,21,21,7
2023-01-21 01:09:30,40.765766,-111.909714,1261.9,-9999.0,-9999.0,-9999.0,13.98,6.71,-0.14,63.29,5.0,2.0,7.11,27.0,879.7,0.0,24.4,2.23,21.8,689.2,3.6,9.4,13.0,15.3,821.0,1.88,111.6,0.0,0,1,"time.struct_time(tm_year=2023, tm_mon=1, tm_mday=21, tm_hour=1, tm_min=9, tm_sec=30, tm_wday=5, tm_yday=21, tm_isdst=-1)",2023-01-21,2023,1,21,21,9
2023-01-21 01:12:00,40.765781,-111.909683,1261.9,-9999.0,-9999.0,-9999.0,13.98,6.67,-0.08,62.57,4.0,2.0,7.0,27.0,879.9,0.0,21.8,2.24,21.8,689.8,1.9,7.6,9.5,15.3,821.0,1.87,111.6,0.0,0,1,"time.struct_time(tm_year=2023, tm_mon=1, tm_mday=21, tm_hour=1, tm_min=12, tm_sec=0, tm_wday=5, tm_yday=21, tm_isdst=-1)",2023-01-21,2023,1,21,21,12
2023-01-21 01:14:30,40.765732,-111.909714,1263.1,-9999.0,-9999.0,-9999.0,13.98,6.64,0.06,61.67,4.0,2.0,7.0,27.0,879.7,0.0,29.1,2.23,21.7,689.2,0.8,7.0,7.8,15.2,821.0,1.88,111.7,0.0,0,1,"time.struct_time(tm_year=2023, tm_mon=1, tm_mday=21, tm_hour=1, tm_min=14, tm_sec=30, tm_wday=5, tm_yday=21, tm_isdst=-1)",2023-01-21,2023,1,21,21,14
2023-01-21 01:17:00,40.765945,-111.909645,1263.0,-9999.0,-9999.0,-9999.0,13.98,6.61,0.32,60.17,4.0,2.0,7.0,27.0,879.9,0.0,22.8,2.21,21.7,689.7,3.0,1.7,4.7,15.2,821.0,1.88,111.8,0.0,0,1,"time.struct_time(tm_year=2023, tm_mon=1, tm_mday=21, tm_hour=1, tm_min=17, tm_sec=0, tm_wday=5, tm_yday=21, tm_isdst=-1)",2023-01-21,2023,1,21,21,17
2023-01-21 01:19:30,40.765434,-111.909126,1271.3,-9999.0,-9999.0,-9999.0,13.98,6.58,0.34,65.99,6.0,2.0,7.0,27.0,879.7,0.0,9.5,2.22,21.7,689.2,4.3,8.4,12.7,15.1,820.9,1.88,111.7,0.0,0,1,"time.struct_time(tm_year=2023, tm_mon=1, tm_mday=21, tm_hour=1, tm_min=19, tm_sec=30, tm_wday=5, tm_yday=21, tm_isdst=-1)",2023-01-21,2023,1,21,21,19
2023-01-21 01:22:05,40.765251,-111.909248,1271.5,-9999.0,-9999.0,-9999.0,13.98,6.61,1.89,58.13,2.0,2.0,7.11,29.0,879.7,0.0,1.8,2.23,21.6,689.2,-1.3,15.6,14.3,15.1,820.9,1.89,112.1,0.0,0,1,"time.struct_time(tm_year=2023, tm_mon=1, tm_mday=21, tm_hour=1, tm_min=22, tm_sec=5, tm_wday=5, tm_yday=21, tm_isdst=-1)",2023-01-21,2023,1,21,21,22
2023-01-21 01:25:25,40.765209,-111.909294,1270.8,-9999.0,-9999.0,-9999.0,13.98,6.84,3.96,50.3,3.0,2.0,7.61,30.0,879.7,0.0,2.7,2.24,21.6,688.7,3.3,20.1,23.4,15.1,821.0,1.87,111.4,0.0,0,1,"time.struct_time(tm_year=2023, tm_mon=1, tm_mday=21, tm_hour=1, tm_min=25, tm_sec=25, tm_wday=5, tm_yday=21, tm_isdst=-1)",2023-01-21,2023,1,21,21,25
2023-01-21 01:27:55,40.76524,-111.909218,1269.9,-9999.0,-9999.0,-9999.0,13.94,7.12,5.47,44.43,2.0,2.0,8.11,30.0,879.7,0.0,0.9,2.24,21.7,689.0,1.9,19.8,21.7,15.1,821.0,1.87,111.4,0.0,0,1,"time.struct_time(tm_year=2023, tm_mon=1, tm_mday=21, tm_hour=1, tm_min=27, tm_sec=55, tm_wday=5, tm_yday=21, tm_isdst=-1)",2023-01-21,2023,1,21,21,27
2023-01-21 01:30:40,40.76516,-111.909531,1270.6,-9999.0,-9999.0,-9999.0,13.94,7.48,6.96,40.14,3.0,2.0,8.72,30.0,879.7,0.0,0.2,2.24,21.8,688.7,1.3,19.6,20.9,15.0,821.0,1.87,111.4,0.0,0,1,"time.struct_time(tm_year=2023, tm_mon=1, tm_mday=21, tm_hour=1, tm_min=30, tm_sec=40, tm_wday=5, tm_yday=21, tm_isdst=-1)",2023-01-21,2023,1,21,21,30
2023-01-21 01:33:50,40.765373,-111.908928,1272.6,-9999.0,-9999.0,-9999.0,13.94,7.95,8.43,37.35,2.0,2.0,9.22,30.0,879.7,0.0,2.5,2.22,21.9,688.5,-0.6,21.2,20.7,15.1,820.9,1.89,112.3,0.0,0,1,"time.struct_time(tm_year=2023, tm_mon=1, tm_mday=21, tm_hour=1, tm_min=33, tm_sec=50, tm_wday=5, tm_yday=21, tm_isdst=-1)",2023-01-21,2023,1,21,21,33
2023-01-21 01:36:35,40.765247,-111.90937,1267.2,-9999.0,-9999.0,-9999.0,13.91,8.37,9.59,34.81,4.0,2.0,9.78,29.0,879.8,0.0,3.0,2.23,22.1,688.5,0.8,21.0,21.9,15.1,820.9,1.89,112.1,0.0,0,1,"time.struct_time(tm_year=2023, tm_mon=1, tm_mday=21, tm_hour=1, tm_min=36, tm_sec=35, tm_wday=5, tm_yday=21, tm_isdst=-1)",2023-01-21,2023,1,21,21,36
2023-01-21 01:39:05,40.765305,-111.909172,1268.4,-9999.0,-9999.0,-9999.0,13.9,8.77,10.47,32.53,4.0,2.0,10.28,28.0,879.8,0.0,-4.3,2.2,19.4,688.8,1.3,17.7,19.0,15.1,820.9,1.89,112.1,0.0,0,1,"time.struct_time(tm_year=2023, tm_mon=1, tm_mday=21, tm_hour=1, tm_min=39, tm_sec=5, tm_wday=5, tm_yday=21, tm_isdst=-1)",2023-01-21,2023,1,21,21,39
2023-01-21 01:41:50,40.765369,-111.90918,1268.4,-9999.0,-9999.0,-9999.0,13.91,9.2,11.26,28.51,4.0,2.0,10.78,28.0,879.9,0.0,5.4,2.25,22.5,688.5,1.1,18.2,19.2,15.2,820.9,1.89,112.0,0.0,0,1,"time.struct_time(tm_year=2023, tm_mon=1, tm_mday=21, tm_hour=1, tm_min=41, tm_sec=50, tm_wday=5, tm_yday=21, tm_isdst=-1)",2023-01-21,2023,1,21,21,41
2023-01-21 01:44:20,40.766243,-111.909752,1275.9,-9999.0,-9999.0,-9999.0,13.9,9.57,10.11,29.92,3.0,2.0,11.28,26.0,880.2,0.0,28.1,2.26,22.8,688.7,-14.3,-42.7,-56.9,15.2,821.0,1.89,111.9,0.0,0,1,"time.struct_time(tm_year=2023, tm_mon=1, tm_mday=21, tm_hour=1, tm_min=44, tm_sec=20, tm_wday=5, tm_yday=21, tm_isdst=-1)",2023-01-21,2023,1,21,21,44
2023-01-21 01:46:50,40.766048,-111.909859,1304.3,-9999.0,-9999.0,-9999.0,13.91,9.83,7.97,34.76,6.0,2.0,11.39,25.0,880.0,0.0,19.9,2.25,23.0,689.0,1.0,-9.5,-8.6,15.3,821.0,1.89,111.9,0.0,0,1,"time.struct_time(tm_year=2023, tm_mon=1, tm_mday=21, tm_hour=1, tm_min=46, tm_sec=50, tm_wday=5, tm_yday=21, tm_isdst=-1)",2023-01-21,2023,1,21,21,46
2023-01-21 01:49:20,40.766106,-111.909782,1303.5,-9999.0,-9999.0,-9999.0,13.9,9.96,6.68,37.85,3.0,2.0,11.28,24.0,880.2,0.0,18.0,2.23,23.2,689.1,4.6,12.9,17.4,15.3,821.1,1.89,111.7,0.0,0,1,"time.struct_time(tm_year=2023, tm_mon=1, tm_mday=21, tm_hour=1, tm_min=49, tm_sec=20, tm_wday=5, tm_yday=21, tm_isdst=-1)",2023-01-21,2023,1,21,21,49
2023-01-21 01:51:50,40.76619,-111.909958,1300.2,-9999.0,-9999.0,-9999.0,13.91,10.0,4.76,43.38,2.0,2.0,11.22,24.0,880.1,0.0,24.5,2.24,23.4,689.4,1.6,9.0,10.6,15.4,821.1,1.89,111.7,0.0,0,1,"time.struct_time(tm_year=2023, tm_mon=1, tm_mday=21, tm_hour=1, tm_min=51, tm_sec=50, tm_wday=5, tm_yday=21, tm_isdst=-1)",2023-01-21,2023,1,21,21,51
2023-01-21 01:54:20,40.7659,-111.909782,1290.1,-9999.0,-9999.0,-9999.0,13.91,9.98,3.37,47.46,3.0,2.0,11.0,24.0,880.3,0.0,18.4,2.26,23.6,689.5,3.6,4.6,8.2,15.4,821.1,1.89,111.7,0.0,0,1,"time.struct_time(tm_year=2023, tm_mon=1, tm_mday=21, tm_hour=1, tm_min=54, tm_sec=20, tm_wday=5, tm_yday=21, tm_isdst=-1)",2023-01-21,2023,1,21,21,54
2023-01-21 01:56:50,40.765343,-111.9095,1271.0,-9999.0,-9999.0,-9999.0,13.94,9.91,2.44,50.28,3.0,2.0,10.72,23.0,880.1,0.0,27.6,2.25,23.7,689.7,2.8,4.9,7.7,15.5,821.1,1.89,111.7,0.0,0,1,"time.struct_time(tm_year=2023, tm_mon=1, tm_mday=21, tm_hour=1, tm_min=56, tm_sec=50, tm_wday=5, tm_yday=21, tm_isdst=-1)",2023-01-21,2023,1,21,21,56
2023-01-21 01:59:20,40.765434,-111.909607,1274.0,-9999.0,-9999.0,-9999.0,13.94,9.81,1.76,52.81,6.0,2.0,10.5,23.0,880.4,0.0,10.8,2.25,23.8,689.8,6.5,7.8,14.4,15.5,821.2,1.89,111.6,0.0,0,1,"time.struct_time(tm_year=2023, tm_mon=1, tm_mday=21, tm_hour=1, tm_min=59, tm_sec=20, tm_wday=5, tm_yday=21, tm_isdst=-1)",2023-01-21,2023,1,21,21,59
2023-01-21 02:01:50,40.765747,-111.909622,1266.6,-9999.0,-9999.0,-9999.0,13.94,9.7,1.46,53.37,3.0,2.0,10.28,23.0,880.3,0.0,20.4,2.25,23.9,690.0,13.2,16.5,29.7,15.5,821.2,1.89,111.6,0.0,0,1,"time.struct_time(tm_year=2023, tm_mon=1, tm_mday=21, tm_hour=2, tm_min=1, tm_sec=50, tm_wday=5, tm_yday=21, tm_isdst=-1)",2023-01-21,2023,1,21,21,1
2023-01-21 02:04:20,40.76545,-111.9095,1265.1,-9999.0,-9999.0,-9999.0,13.94,9.58,1.05,54.18,4.0,2.0,10.11,23.0,880.3,0.0,20.3,2.26,23.9,690.0,7.0,7.6,14.7,15.6,821.2,1.89,111.7,0.0,0,1,"time.struct_time(tm_year=2023, tm_mon=1, tm_mday=21, tm_hour=2, tm_min=4, tm_sec=20, tm_wday=5, tm_yday=21, tm_isdst=-1)",2023-01-21,2023,1,21,21,4
2023-01-21 02:07:55,40.765701,-111.909592,1271.1,-9999.0,-9999.0,-9999.0,13.94,9.39,1.09,53.86,3.0,2.0,9.78,23.0,880.3,0.0,23.0,2.26,24.0,690.2,2.6,6.6,9.2,15.6,821.3,1.87,110.7,0.0,0,1,"time.struct_time(tm_year=2023, tm_mon=1, tm_mday=21, tm_hour=2, tm_min=7, tm_sec=55, tm_wday=5, tm_yday=21, tm_isdst=-1)",2023-01-21,2023,1,21,21,7
2023-01-21 02:10:25,40.765667,-111.909706,1270.5,-9999.0,-9999.0,-9999.0,13.94,9.27,0.77,55.53,4.0,2.0,9.61,23.0,880.3,0.0,22.0,2.25,24.0,690.2,4.2,6.3,10.5,15.7,821.3,1.87,110.8,0.0,0,1,"time.struct_time(tm_year=2023, tm_mon=1, tm_mday=21, tm_hour=2, tm_min=10, tm_sec=25, tm_wday=5, tm_yday=21, tm_isdst=-1)",2023-01-21,2023,1,21,21,10
2023-01-21 02:12:55,40.765705,-111.909706,1268.0,-9999.0,-9999.0,-9999.0,13.94,9.14,0.62,56.54,4.0,2.0,9.5,23.0,880.5,0.0,23.4,2.26,24.0,690.3,2.8,7.4,10.2,15.7,821.3,1.87,110.7,0.0,0,1,"time.struct_time(tm_year=2023, tm_mon=1, tm_mday=21, tm_hour=2, tm_min=12, tm_sec=55, tm_wday=5, tm_yday=21, tm_isdst=-1)",2023-01-21,2023,1,21,21,12
2023-01-21 02:15:25,40.765717,-111.909645,1263.5,-9999.0,-9999.0,-9999.0,13.94,9.01,0.42,56.63,4.0,2.0,9.28,23.0,880.5,0.0,19.9,2.25,24.0,690.4,4.1,7.8,11.9,15.7,821.3,1.87,110.7,0.0,0,1,"time.struct_time(tm_year=2023, tm_mon=1, tm_mday=21, tm_hour=2, tm_min=15, tm_sec=25, tm_wday=5, tm_yday=21, tm_isdst=-1)",2023-01-21,2023,1,21,21,15
2023-01-21 02:17:55,40.765862,-111.90976,1267.6,-9999.0,-9999.0,-9999.0,13.94,8.89,0.36,56.93,14.0,2.0,9.22,23.0,880.5,0.0,8.0,2.24,23.9,690.5,11.8,5.4,17.2,15.7,821.3,1.87,110.9,0.0,0,1,"time.struct_time(tm_year=2023, tm_mon=1, tm_mday=21, tm_hour=2, tm_min=17, tm_sec=55, tm_wday=5, tm_yday=21, tm_isdst=-1)",2023-01-21,2023,1,21,21,17
2023-01-21 02:20:25,40.765884,-111.909821,1270.7,-9999.0,-9999.0,-9999.0,13.94,8.77,0.26,57.94,7.0,2.0,9.0,23.0,880.6,0.0,19.7,2.26,23.9,690.5,42.9,18.7,61.6,15.7,821.3,1.87,110.9,0.0,0,1,"time.struct_time(tm_year=2023, tm_mon=1, tm_mday=21, tm_hour=2, tm_min=20, tm_sec=25, tm_wday=5, tm_yday=21, tm_isdst=-1)",2023-01-21,2023,1,21,21,20
2023-01-21 02:22:55,40.76572,-111.909744,1278.0,-9999.0,-9999.0,-9999.0,13.94,8.65,0.16,58.42,7.0,2.0,8.78,23.0,880.4,0.0,23.5,2.25,23.8,690.6,4.2,8.5,12.7,15.7,821.4,1.87,110.8,0.0,0,1,"time.struct_time(tm_year=2023, tm_mon=1, tm_mday=21, tm_hour=2, tm_min=22, tm_sec=55, tm_wday=5, tm_yday=21, tm_isdst=-1)",2023-01-21,2023,1,21,21,22
2023-01-21 02:25:25,40.7658,-111.909714,1285.4,-9999.0,-9999.0,-9999.0,13.94,8.54,0.24,57.98,7.0,2.0,8.78,23.0,880.5,0.0,17.5,2.25,23.8,690.5,3.6,7.2,10.8,15.7,821.4,1.87,111.0,0.0,0,1,"time.struct_time(tm_year=2023, tm_mon=1, tm_mday=21, tm_hour=2, tm_min=25, tm_sec=25, tm_wday=5, tm_yday=21, tm_isdst=-1)",2023-01-21,2023,1,21,21,25
2023-01-21 02:27:55,40.76553,-111.909554,1275.1,-9999.0,-9999.0,-9999.0,13.94,8.43,0.44,57.02,6.0,2.0,8.72,23.0,880.7,0.0,16.6,2.25,23.7,690.6,2.7,8.3,10.9,15.7,821.4,1.87,111.1,0.0,0,1,"time.struct_time(tm_year=2023, tm_mon=1, tm_mday=21, tm_hour=2, tm_min=27, tm_sec=55, tm_wday=5, tm_yday=21, tm_isdst=-1)",2023-01-21,2023,1,21,21,27
2023-01-21 02:30:25,40.765373,-111.909409,1268.1,-9999.0,-9999.0,-9999.0,13.94,8.33,0.71,56.3,5.0,2.0,8.61,23.0,880.6,0.0,13.1,2.23,23.6,690.5,6.1,12.2,18.3,15.7,821.5,1.87,111.1,0.0,0,1,"time.struct_time(tm_year=2023, tm_mon=1, tm_mday=21, tm_hour=2, tm_min=30, tm_sec=25, tm_wday=5, tm_yday=21, tm_isdst=-1)",2023-01-21,2023,1,21,21,30
2023-01-21 02:32:55,40.765564,-111.909569,1266.6,-9999.0,-9999.0,-9999.0,13.98,8.23,1.11,54.12,4.0,2.0,8.5,23.0,880.5,0.0,17.9,2.24,23.6,690.7,5.5,12.5,18.0,15.7,821.5,1.87,111.1,0.0,0,1,"time.struct_time(tm_year=2023, tm_mon=1, tm_mday=21, tm_hour=2, tm_min=32, tm_sec=55, tm_wday=5, tm_yday=21, tm_isdst=-1)",2023-01-21,2023,1,21,21,32
2023-01-21 02:35:25,40.765656,-111.909584,1268.4,-9999.0,-9999.0,-9999.0,13.98,8.14,1.29,54.2,4.0,2.0,8.39,23.0,880.5,0.0,13.1,2.25,23.5,690.5,1.6,12.2,13.8,15.7,821.5,1.87,111.1,0.0,0,1,"time.struct_time(tm_year=2023, tm_mon=1, tm_mday=21, tm_hour=2, tm_min=35, tm_sec=25, tm_wday=5, tm_yday=21, tm_isdst=-1)",2023-01-21,2023,1,21,21,35
2023-01-21 02:37:55,40.765591,-111.909752,1264.3,-9999.0,-9999.0,-9999.0,13.98,8.06,1.47,53.44,5.0,2.0,8.28,24.0,880.7,0.0,12.3,2.25,23.4,690.5,1.7,12.4,14.1,15.7,821.5,1.87,111.0,0.0,0,1,"time.struct_time(tm_year=2023, tm_mon=1, tm_mday=21, tm_hour=2, tm_min=37, tm_sec=55, tm_wday=5, tm_yday=21, tm_isdst=-1)",2023-01-21,2023,1,21,21,37
2023-01-21 02:40:25,40.76572,-111.909653,1267.3,-9999.0,-9999.0,-9999.0,13.98,7.98,1.62,53.16,5.0,2.0,8.22,24.0,880.5,0.0,14.4,2.25,23.4,690.4,1.6,17.2,18.8,15.7,821.5,1.87,111.1,0.0,0,1,"time.struct_time(tm_year=2023, tm_mon=1, tm_mday=21, tm_hour=2, tm_min=40, tm_sec=25, tm_wday=5, tm_yday=21, tm_isdst=-1)",2023-01-21,2023,1,21,21,40
2023-01-21 02:42:55,40.765549,-111.909584,1266.1,-9999.0,-9999.0,-9999.0,13.98,7.91,1.66,53.11,6.0,2.0,8.22,24.0,880.5,0.0,14.6,2.24,23.3,690.5,2.9,16.3,19.1,15.7,821.5,1.87,111.2,0.0,0,1,"time.struct_time(tm_year=2023, tm_mon=1, tm_mday=21, tm_hour=2, tm_min=42, tm_sec=55, tm_wday=5, tm_yday=21, tm_isdst=-1)",2023-01-21,2023,1,21,21,42
2023-01-21 02:45:25,40.765419,-111.909836,1269.3,-9999.0,-9999.0,-9999.0,13.98,7.84,1.72,53.33,5.0,2.0,8.11,24.0,880.6,0.0,14.8,2.25,23.2,690.3,3.2,15.3,18.4,15.6,821.5,1.87,111.2,0.0,0,1,"time.struct_time(tm_year=2023, tm_mon=1, tm_mday=21, tm_hour=2, tm_min=45, tm_sec=25, tm_wday=5, tm_yday=21, tm_isdst=-1)",2023-01-21,2023,1,21,21,45
2023-01-21 02:47:55,40.765663,-111.909607,1274.0,-9999.0,-9999.0,-9999.0,13.98,7.78,1.53,54.39,5.0,2.0,8.11,24.0,880.4,0.0,14.4,2.24,23.1,690.5,1.5,15.7,17.1,15.6,821.4,1.87,111.3,0.0,0,1,"time.struct_time(tm_year=2023, tm_mon=1, tm_mday=21, tm_hour=2, tm_min=47, tm_sec=55, tm_wday=5, tm_yday=21, tm_isdst=-1)",2023-01-21,2023,1,21,21,47
2023-01-21 02:50:25,40.76569,-111.909698,1273.8,-9999.0,-9999.0,-9999.0,13.98,7.73,1.45,55.13,6.0,2.0,8.0,24.0,880.4,0.0,14.4,2.24,23.1,690.3,2.7,14.3,17.0,15.6,821.5,1.87,111.1,0.0,0,1,"time.struct_time(tm_year=2023, tm_mon=1, tm_mday=21, tm_hour=2, tm_min=50, tm_sec=25, tm_wday=5, tm_yday=21, tm_isdst=-1)",2023-01-21,2023,1,21,21,50
2023-01-21 02:52:55,40.765663,-111.909653,1272.9,-9999.0,-9999.0,-9999.0,13.98,7.68,1.17,56.45,6.0,2.0,8.0,25.0,880.7,0.0,13.1,2.23,23.0,690.5,5.1,15.7,20.8,15.6,821.5,1.87,111.4,0.0,0,1,"time.struct_time(tm_year=2023, tm_mon=1, tm_mday=21, tm_hour=2, tm_min=52, tm_sec=55, tm_wday=5, tm_yday=21, tm_isdst=-1)",2023-01-21,2023,1,21,21,52
2023-01-21 02:55:25,40.765549,-111.909576,1272.2,-9999.0,-9999.0,-9999.0,13.98,7.63,1.07,56.86,6.0,2.0,7.89,25.0,880.5,0.0,17.7,2.23,23.0,690.3,5.4,14.7,20.1,15.5,821.6,1.87,111.3,0.0,0,1,"time.struct_time(tm_year=2023, tm_mon=1, tm_mday=21, tm_hour=2, tm_min=55, tm_sec=25, tm_wday=5, tm_yday=21, tm_isdst=-1)",2023-01-21,2023,1,21,21,55
2023-01-21 02:57:55,40.765713,-111.90966,1277.6,-9999.0,-9999.0,-9999.0,13.98,7.58,0.93,56.96,9.0,2.0,7.89,25.0,880.4,0.0,12.7,2.24,22.9,690.6,6.2,17.0,23.2,15.5,821.5,1.88,111.3,0.0,0,1,"time.struct_time(tm_year=2023, tm_mon=1, tm_mday=21, tm_hour=2, tm_min=57, tm_sec=55, tm_wday=5, tm_yday=21, tm_isdst=-1)",2023-01-21,2023,1,21,21,57
2023-01-21 03:00:25,40.765747,-111.90937,1275.1,-9999.0,-9999.0,-9999.0,13.98,7.54,0.79,56.17,4.0,2.0,7.89,25.0,880.5,0.0,20.7,2.24,22.9,690.3,3.9,15.2,19.0,15.5,821.5,1.87,111.4,0.0,0,1,"time.struct_time(tm_year=2023, tm_mon=1, tm_mday=21, tm_hour=3, tm_min=0, tm_sec=25, tm_wday=5, tm_yday=21, tm_isdst=-1)",2023-01-21,2023,1,21,21,0
2023-01-21 03:02:55,40.765713,-111.90947,1275.4,-9999.0,-9999.0,-9999.0,13.98,7.49,0.67,56.32,5.0,2.0,7.78,25.0,880.7,0.0,22.4,2.23,22.8,690.6,2.2,7.0,9.3,15.5,821.6,1.88,111.3,0.0,0,1,"time.struct_time(tm_year=2023, tm_mon=1, tm_mday=21, tm_hour=3, tm_min=2, tm_sec=55, tm_wday=5, tm_yday=21, tm_isdst=-1)",2023-01-21,2023,1,21,21,2
2023-01-21 03:05:25,40.765583,-111.909454,1274.3,-9999.0,-9999.0,-9999.0,13.98,7.44,0.46,57.26,5.0,2.0,7.72,25.0,880.6,0.0,21.0,2.25,22.8,690.3,2.4,5.7,8.1,15.5,821.6,1.87,111.2,0.0,0,1,"time.struct_time(tm_year=2023, tm_mon=1, tm_mday=21, tm_hour=3, tm_min=5, tm_sec=25, tm_wday=5, tm_yday=21, tm_isdst=-1)",2023-01-21,2023,1,21,21,5
2023-01-21 03:09:00,40.765785,-111.909676,1272.3,-9999.0,-9999.0,-9999.0,13.98,7.37,0.24,58.14,6.0,2.0,7.72,25.0,880.8,0.0,18.0,2.23,22.7,690.6,6.7,9.6,16.3,15.4,821.7,1.88,111.9,0.0,0,1,"time.struct_time(tm_year=2023, tm_mon=1, tm_mday=21, tm_hour=3, tm_min=9, tm_sec=0, tm_wday=5, tm_yday=21, tm_isdst=-1)",2023-01-21,2023,1,21,21,9
2023-01-21 03:11:30,40.765797,-111.909767,1270.6,-9999.0,-9999.0,-9999.0,13.98,7.31,-0.11,60.21,5.0,2.0,7.61,25.0,880.5,0.0,23.8,2.23,22.6,690.2,2.5,6.3,8.9,15.4,821.7,1.88,111.8,0.0,0,1,"time.struct_time(tm_year=2023, tm_mon=1, tm_mday=21, tm_hour=3, tm_min=11, tm_sec=30, tm_wday=5, tm_yday=21, tm_isdst=-1)",2023-01-21,2023,1,21,21,11
2023-01-21 03:14:00,40.765831,-111.909843,1269.8,-9999.0,-9999.0,-9999.0,13.98,7.25,-0.37,61.04,5.0,2.0,7.5,25.0,880.6,0.0,12.8,2.23,22.6,690.7,7.2,8.2,15.4,15.4,821.8,1.88,111.8,0.0,0,1,"time.struct_time(tm_year=2023, tm_mon=1, tm_mday=21, tm_hour=3, tm_min=14, tm_sec=0, tm_wday=5, tm_yday=21, tm_isdst=-1)",2023-01-21,2023,1,21,21,14
2023-01-21 03:16:30,40.765686,-111.909813,1273.5,-9999.0,-9999.0,-9999.0,13.98,7.19,-0.16,59.4,4.0,2.0,7.39,25.0,880.8,0.0,17.4,2.23,22.5,690.4,6.0,8.3,14.2,15.3,821.7,1.88,112.0,0.0,0,1,"time.struct_time(tm_year=2023, tm_mon=1, tm_mday=21, tm_hour=3, tm_min=16, tm_sec=30, tm_wday=5, tm_yday=21, tm_isdst=-1)",2023-01-21,2023,1,21,21,16
2023-01-21 03:19:00,40.765591,-111.909798,1271.6,-9999.0,-9999.0,-9999.0,13.98,7.13,0.04,58.75,5.0,2.0,7.28,25.0,880.6,0.0,17.6,2.23,22.5,690.8,-0.5,5.3,4.8,15.3,821.8,1.88,111.9,0.0,0,1,"time.struct_time(tm_year=2023, tm_mon=1, tm_mday=21, tm_hour=3, tm_min=19, tm_sec=0, tm_wday=5, tm_yday=21, tm_isdst=-1)",2023-01-21,2023,1,21,21,19
2023-01-21 03:21:30,40.765697,-111.909775,1269.8,-9999.0,-9999.0,-9999.0,13.98,7.06,0.12,58.37,8.0,2.0,7.28,25.0,880.8,0.0,16.9,2.23,22.4,690.2,1.2,8.2,9.5,15.3,821.8,1.88,111.8,0.0,0,1,"time.struct_time(tm_year=2023, tm_mon=1, tm_mday=21, tm_hour=3, tm_min=21, tm_sec=30, tm_wday=5, tm_yday=21, tm_isdst=-1)",2023-01-21,2023,1,21,21,21
2023-01-21 03:24:00,40.765656,-111.909805,1270.1,-9999.0,-9999.0,-9999.0,13.98,7.0,0.24,57.06,5.0,2.0,7.22,25.0,881.0,0.0,21.5,2.24,22.4,690.8,1.2,7.1,8.3,15.3,821.8,1.88,111.8,0.0,0,1,"time.struct_time(tm_year=2023, tm_mon=1, tm_mday=21, tm_hour=3, tm_min=24, tm_sec=0, tm_wday=5, tm_yday=21, tm_isdst=-1)",2023-01-21,2023,1,21,21,24
2023-01-21 03:26:30,40.765675,-111.909752,1269.4,-9999.0,-9999.0,-9999.0,13.98,6.95,0.16,57.52,5.0,2.0,7.11,25.0,880.9,0.0,19.8,2.23,22.3,690.2,1.2,5.0,6.2,15.2,821.8,1.88,111.9,0.0,0,1,"time.struct_time(tm_year=2023, tm_mon=1, tm_mday=21, tm_hour=3, tm_min=26, tm_sec=30, tm_wday=5, tm_yday=21, tm_isdst=-1)",2023-01-21,2023,1,21,21,26
2023-01-21 03:29:00,40.765598,-111.909698,1268.1,-9999.0,-9999.0,-9999.0,13.98,6.9,0.32,56.88,5.0,2.0,7.22,25.0,880.8,0.0,18.3,2.23,22.2,690.8,1.9,6.1,8.0,15.2,821.9,1.88,111.9,0.0,0,1,"time.struct_time(tm_year=2023, tm_mon=1, tm_mday=21, tm_hour=3, tm_min=29, tm_sec=0, tm_wday=5, tm_yday=21, tm_isdst=-1)",2023-01-21,2023,1,21,21,29
2023-01-21 03:31:30,40.765793,-111.909874,1268.0,-9999.0,-9999.0,-9999.0,13.98,6.85,0.42,56.15,5.0,2.0,7.0,25.0,880.7,0.0,20.1,2.24,22.2,690.1,1.6,7.5,9.2,15.2,821.8,1.88,111.9,0.0,0,1,"time.struct_time(tm_year=2023, tm_mon=1, tm_mday=21, tm_hour=3, tm_min=31, tm_sec=30, tm_wday=5, tm_yday=21, tm_isdst=-1)",2023-01-21,2023,1,21,21,31
2023-01-21 03:34:00,40.765774,-111.909775,1267.5,-9999.0,-9999.0,-9999.0,13.98,6.8,0.58,55.3,4.0,2.0,6.89,25.0,880.9,0.0,21.1,2.25,22.1,690.8,1.5,8.6,10.1,15.1,821.9,1.88,112.0,0.0,0,1,"time.struct_time(tm_year=2023, tm_mon=1, tm_mday=21, tm_hour=3, tm_min=34, tm_sec=0, tm_wday=5, tm_yday=21, tm_isdst=-1)",2023-01-21,2023,1,21,21,34
2023-01-21 03:36:30,40.765701,-111.90979,1267.5,-9999.0,-9999.0,-9999.0,13.98,6.75,0.53,56.17,5.0,2.0,6.89,25.0,880.9,0.0,14.2,2.24,22.1,690.4,2.8,7.3,10.1,15.1,822.0,1.88,112.0,0.0,0,1,"time.struct_time(tm_year=2023, tm_mon=1, tm_mday=21, tm_hour=3, tm_min=36, tm_sec=30, tm_wday=5, tm_yday=21, tm_isdst=-1)",2023-01-21,2023,1,21,21,36
2023-01-21 03:39:00,40.765591,-111.909821,1266.3,-9999.0,-9999.0,-9999.0,13.98,6.7,0.32,57.11,7.0,2.0,6.89,25.0,881.0,0.0,16.1,2.23,22.0,690.8,3.6,12.3,15.9,15.1,822.0,1.88,111.9,0.0,0,1,"time.struct_time(tm_year=2023, tm_mon=1, tm_mday=21, tm_hour=3, tm_min=39, tm_sec=0, tm_wday=5, tm_yday=21, tm_isdst=-1)",2023-01-21,2023,1,21,21,39
2023-01-21 03:41:30,40.765564,-111.909744,1264.8,-9999.0,-9999.0,-9999.0,13.98,6.65,0.14,57.75,5.0,2.0,6.78,26.0,881.1,0.0,18.8,2.24,22.0,690.1,3.4,8.4,11.7,15.0,822.1,1.88,112.0,0.0,0,1,"time.struct_time(tm_year=2023, tm_mon=1, tm_mday=21, tm_hour=3, tm_min=41, tm_sec=30, tm_wday=5, tm_yday=21, tm_isdst=-1)",2023-01-21,2023,1,21,21,41
2023-01-21 03:44:00,40.765621,-111.90979,1265.7,-9999.0,-9999.0,-9999.0,13.98,6.61,0.24,57.18,6.0,2.0,6.78,26.0,881.2,0.0,22.1,2.23,22.0,691.0,-0.3,7.8,7.5,15.0,822.1,1.88,111.9,0.0,0,1,"time.struct_time(tm_year=2023, tm_mon=1, tm_mday=21, tm_hour=3, tm_min=44, tm_sec=0, tm_wday=5, tm_yday=21, tm_isdst=-1)",2023-01-21,2023,1,21,21,44
2023-01-21 03:46:30,40.765694,-111.909821,1263.2,-9999.0,-9999.0,-9999.0,13.98,6.57,0.17,57.84,5.0,2.0,6.78,26.0,881.2,0.0,21.2,2.21,21.9,690.2,0.5,7.6,8.1,15.0,822.1,1.88,111.9,0.0,0,1,"time.struct_time(tm_year=2023, tm_mon=1, tm_mday=21, tm_hour=3, tm_min=46, tm_sec=30, tm_wday=5, tm_yday=21, tm_isdst=-1)",2023-01-21,2023,1,21,21,46
2023-01-21 03:49:00,40.765663,-111.909859,1264.7,-9999.0,-9999.0,-9999.0,13.98,6.53,0.12,57.9,5.0,2.0,6.72,26.0,881.2,0.0,16.9,2.22,21.9,691.0,2.8,7.8,10.6,14.9,822.1,1.88,112.0,0.0,0,1,"time.struct_time(tm_year=2023, tm_mon=1, tm_mday=21, tm_hour=3, tm_min=49, tm_sec=0, tm_wday=5, tm_yday=21, tm_isdst=-1)",2023-01-21,2023,1,21,21,49
2023-01-21 03:51:30,40.765644,-111.909744,1265.5,-9999.0,-9999.0,-9999.0,13.98,6.49,0.23,57.18,5.0,2.0,6.61,26.0,881.2,0.0,17.2,2.21,21.8,690.3,3.7,13.1,16.8,14.9,822.2,1.88,112.0,0.0,0,1,"time.struct_time(tm_year=2023, tm_mon=1, tm_mday=21, tm_hour=3, tm_min=51, tm_sec=30, tm_wday=5, tm_yday=21, tm_isdst=-1)",2023-01-21,2023,1,21,21,51
2023-01-21 03:54:00,40.765667,-111.909798,1265.3,-9999.0,-9999.0,-9999.0,13.98,6.45,0.33,57.53,5.0,2.0,6.61,26.0,881.1,0.0,19.5,2.23,21.8,690.9,1.7,7.7,9.4,14.9,822.2,1.88,111.9,0.0,0,1,"time.struct_time(tm_year=2023, tm_mon=1, tm_mday=21, tm_hour=3, tm_min=54, tm_sec=0, tm_wday=5, tm_yday=21, tm_isdst=-1)",2023-01-21,2023,1,21,21,54
2023-01-21 03:56:30,40.765713,-111.909843,1265.3,-9999.0,-9999.0,-9999.0,13.98,6.4,0.03,59.01,5.0,2.0,6.5,26.0,881.3,0.0,16.1,2.22,21.7,690.9,1.5,9.1,10.7,14.8,822.3,1.88,112.0,0.0,0,1,"time.struct_time(tm_year=2023, tm_mon=1, tm_mday=21, tm_hour=3, tm_min=56, tm_sec=30, tm_wday=5, tm_yday=21, tm_isdst=-1)",2023-01-21,2023,1,21,21,56
2023-01-21 03:59:00,40.765667,-111.909866,1266.0,-9999.0,-9999.0,-9999.0,13.98,6.36,-0.1,59.4,4.0,2.0,6.5,26.0,881.3,0.0,19.9,2.24,21.7,690.9,2.3,8.2,10.5,14.8,822.3,1.88,112.0,0.0,0,1,"time.struct_time(tm_year=2023, tm_mon=1, tm_mday=21, tm_hour=3, tm_min=59, tm_sec=0, tm_wday=5, tm_yday=21, tm_isdst=-1)",2023-01-21,2023,1,21,21,59
2023-01-21 04:01:30,40.765705,-111.909904,1266.6,-9999.0,-9999.0,-9999.0,13.98,6.33,-0.04,59.05,5.0,2.0,6.5,26.0,881.2,0.0,5.4,2.23,21.7,691.1,6.5,16.1,22.6,14.8,822.3,1.88,111.9,0.0,0,1,"time.struct_time(tm_year=2023, tm_mon=1, tm_mday=21, tm_hour=4, tm_min=1, tm_sec=30, tm_wday=5, tm_yday=21, tm_isdst=-1)",2023-01-21,2023,1,21,21,1
2023-01-21 04:04:00,40.765633,-111.909767,1262.5,-9999.0,-9999.0,-9999.0,13.98,6.29,-0.12,60.0,5.0,2.0,6.39,26.0,881.3,0.0,11.6,2.22,21.6,691.0,9.9,22.0,31.9,14.7,822.4,1.88,112.0,0.0,0,1,"time.struct_time(tm_year=2023, tm_mon=1, tm_mday=21, tm_hour=4, tm_min=4, tm_sec=0, tm_wday=5, tm_yday=21, tm_isdst=-1)",2023-01-21,2023,1,21,21,4
2023-01-21 04:06:30,40.765602,-111.909691,1260.4,-9999.0,-9999.0,-9999.0,13.98,6.26,-0.36,61.03,5.0,2.0,6.39,27.0,881.2,0.0,11.8,2.22,21.6,691.2,8.4,14.5,22.9,14.7,822.5,1.88,112.0,0.0,0,1,"time.struct_time(tm_year=2023, tm_mon=1, tm_mday=21, tm_hour=4, tm_min=6, tm_sec=30, tm_wday=5, tm_yday=21, tm_isdst=-1)",2023-01-21,2023,1,21,21,6
2023-01-21 04:09:00,40.765598,-111.909721,1260.4,-9999.0,-9999.0,-9999.0,13.98,6.23,-0.17,59.99,5.0,2.0,6.39,27.0,881.4,0.0,12.7,2.22,21.6,691.3,8.1,14.3,22.4,14.7,822.5,1.88,111.9,0.0,0,1,"time.struct_time(tm_year=2023, tm_mon=1, tm_mday=21, tm_hour=4, tm_min=9, tm_sec=0, tm_wday=5, tm_yday=21, tm_isdst=-1)",2023-01-21,2023,1,21,21,9
2023-01-21 04:12:35,40.765667,-111.909767,1261.2,-9999.0,-9999.0,-9999.0,13.98,6.17,0.08,58.79,4.0,2.0,6.28,27.0,881.4,0.0,22.3,2.21,21.5,691.3,5.8,8.6,14.4,14.6,822.5,1.9,112.2,0.0,0,1,"time.struct_time(tm_year=2023, tm_mon=1, tm_mday=21, tm_hour=4, tm_min=12, tm_sec=35, tm_wday=5, tm_yday=21, tm_isdst=-1)",2023-01-21,2023,1,21,21,12
2023-01-21 04:15:05,40.765732,-111.909752,1263.9,-9999.0,-9999.0,-9999.0,13.98,6.13,-0.04,60.42,4.0,2.0,6.22,27.0,881.6,0.0,18.6,2.23,21.5,690.4,-0.1,9.3,9.2,14.6,822.6,1.9,112.3,0.0,0,1,"time.struct_time(tm_year=2023, tm_mon=1, tm_mday=21, tm_hour=4, tm_min=15, tm_sec=5, tm_wday=5, tm_yday=21, tm_isdst=-1)",2023-01-21,2023,1,21,21,15
2023-01-21 04:17:35,40.765724,-111.909691,1271.7,-9999.0,-9999.0,-9999.0,13.98,6.1,-0.12,60.14,4.0,2.0,6.22,27.0,881.3,0.0,18.1,2.21,21.4,691.2,5.1,11.6,16.8,14.5,822.6,1.9,112.3,0.0,0,1,"time.struct_time(tm_year=2023, tm_mon=1, tm_mday=21, tm_hour=4, tm_min=17, tm_sec=35, tm_wday=5, tm_yday=21, tm_isdst=-1)",2023-01-21,2023,1,21,21,17
2023-01-21 04:20:05,40.765778,-111.909637,1272.3,-9999.0,-9999.0,-9999.0,13.98,6.06,-0.02,59.31,4.0,2.0,6.11,27.0,881.6,0.0,19.9,2.21,21.4,690.5,2.9,8.2,11.1,14.5,822.7,1.89,112.4,0.0,0,1,"time.struct_time(tm_year=2023, tm_mon=1, tm_mday=21, tm_hour=4, tm_min=20, tm_sec=5, tm_wday=5, tm_yday=21, tm_isdst=-1)",2023-01-21,2023,1,21,21,20
2023-01-21 04:22:35,40.765976,-111.909676,1278.2,-9999.0,-9999.0,-9999.0,13.98,6.02,0.09,58.19,4.0,2.0,6.11,27.0,881.6,0.0,19.9,2.22,21.3,691.3,0.8,6.0,6.8,14.5,822.6,1.9,112.3,0.0,0,1,"time.struct_time(tm_year=2023, tm_mon=1, tm_mday=21, tm_hour=4, tm_min=22, tm_sec=35, tm_wday=5, tm_yday=21, tm_isdst=-1)",2023-01-21,2023,1,21,21,22
2023-01-21 04:25:05,40.765789,-111.909576,1282.3,-9999.0,-9999.0,-9999.0,13.98,5.98,0.1,57.99,4.0,2.0,6.0,27.0,881.5,0.0,18.3,2.21,21.3,690.4,1.6,4.1,5.7,14.4,822.7,1.89,112.3,0.0,0,1,"time.struct_time(tm_year=2023, tm_mon=1, tm_mday=21, tm_hour=4, tm_min=25, tm_sec=5, tm_wday=5, tm_yday=21, tm_isdst=-1)",2023-01-21,2023,1,21,21,25
2023-01-21 04:27:35,40.76585,-111.909599,1285.0,-9999.0,-9999.0,-9999.0,13.98,5.94,0.1,58.24,4.0,2.0,6.0,27.0,881.7,0.0,20.5,2.21,21.3,691.2,1.1,4.6,5.6,14.4,822.7,1.89,112.3,0.0,0,1,"time.struct_time(tm_year=2023, tm_mon=1, tm_mday=21, tm_hour=4, tm_min=27, tm_sec=35, tm_wday=5, tm_yday=21, tm_isdst=-1)",2023-01-21,2023,1,21,21,27
2023-01-21 04:30:05,40.765533,-111.909492,1287.4,-9999.0,-9999.0,-9999.0,13.98,5.91,0.04,58.47,4.0,2.0,6.0,27.0,881.4,0.0,23.0,2.23,21.2,690.5,1.6,7.9,9.5,14.4,822.7,1.9,112.3,0.0,0,1,"time.struct_time(tm_year=2023, tm_mon=1, tm_mday=21, tm_hour=4, tm_min=30, tm_sec=5, tm_wday=5, tm_yday=21, tm_isdst=-1)",2023-01-21,2023,1,21,21,30
2023-01-21 04:32:35,40.765781,-111.909576,1285.4,-9999.0,-9999.0,-9999.0,13.98,5.87,0.1,58.29,4.0,2.0,6.0,27.0,881.6,0.0,19.1,2.22,21.2,691.2,4.9,7.3,12.1,14.3,822.7,1.89,112.3,0.0,0,1,"time.struct_time(tm_year=2023, tm_mon=1, tm_mday=21, tm_hour=4, tm_min=32, tm_sec=35, tm_wday=5, tm_yday=21, tm_isdst=-1)",2023-01-21,2023,1,21,21,32
2023-01-21 04:35:05,40.76582,-111.909668,1282.0,-9999.0,-9999.0,-9999.0,13.98,5.84,0.16,58.06,5.0,2.0,5.89,27.0,881.6,0.0,18.2,2.22,21.2,690.5,2.7,8.2,10.9,14.3,822.8,1.89,112.3,0.0,0,1,"time.struct_time(tm_year=2023, tm_mon=1, tm_mday=21, tm_hour=4, tm_min=35, tm_sec=5, tm_wday=5, tm_yday=21, tm_isdst=-1)",2023-01-21,2023,1,21,21,35
2023-01-21 04:37:35,40.765629,-111.909714,1281.3,-9999.0,-9999.0,-9999.0,13.98,5.8,0.1,58.0,4.0,2.0,5.89,27.0,881.7,0.0,20.6,2.21,21.1,691.2,0.6,8.3,8.9,14.2,822.8,1.89,112.3,0.0,0,1,"time.struct_time(tm_year=2023, tm_mon=1, tm_mday=21, tm_hour=4, tm_min=37, tm_sec=35, tm_wday=5, tm_yday=21, tm_isdst=-1)",2023-01-21,2023,1,21,21,37
2023-01-21 04:40:05,40.765797,-111.909538,1287.3,-9999.0,-9999.0,-9999.0,13.98,5.77,0.04,58.59,4.0,2.0,5.78,27.0,881.7,0.0,17.6,2.22,21.1,690.5,0.3,7.3,7.6,14.2,822.9,1.89,112.3,0.0,0,1,"time.struct_time(tm_year=2023, tm_mon=1, tm_mday=21, tm_hour=4, tm_min=40, tm_sec=5, tm_wday=5, tm_yday=21, tm_isdst=-1)",2023-01-21,2023,1,21,21,40
2023-01-21 04:42:35,40.765682,-111.909592,1292.3,-9999.0,-9999.0,-9999.0,13.98,5.74,-0.1,59.03,4.0,2.0,5.78,27.0,881.8,0.0,18.1,2.21,21.0,691.3,1.0,5.3,6.3,14.2,822.8,1.89,112.3,0.0,0,1,"time.struct_time(tm_year=2023, tm_mon=1, tm_mday=21, tm_hour=4, tm_min=42, tm_sec=35, tm_wday=5, tm_yday=21, tm_isdst=-1)",2023-01-21,2023,1,21,21,42
2023-01-21 04:45:05,40.765762,-111.909683,1300.1,-9999.0,-9999.0,-9999.0,13.97,5.71,-0.08,58.57,4.0,2.0,5.78,27.0,881.7,0.0,22.5,2.21,21.0,690.5,1.6,5.5,7.0,14.1,822.9,1.89,112.2,0.0,0,1,"time.struct_time(tm_year=2023, tm_mon=1, tm_mday=21, tm_hour=4, tm_min=45, tm_sec=5, tm_wday=5, tm_yday=21, tm_isdst=-1)",2023-01-21,2023,1,21,21,45
2023-01-21 04:47:35,40.76577,-111.90976,1298.1,-9999.0,-9999.0,-9999.0,13.98,5.69,-0.28,59.79,4.0,2.0,5.78,27.0,881.8,0.0,20.7,2.21,21.0,691.2,3.0,6.6,9.6,14.1,823.0,1.89,112.2,0.0,0,1,"time.struct_time(tm_year=2023, tm_mon=1, tm_mday=21, tm_hour=4, tm_min=47, tm_sec=35, tm_wday=5, tm_yday=21, tm_isdst=-1)",2023-01-21,2023,1,21,21,47
2023-01-21 04:50:05,40.76561,-111.909615,1295.4,-9999.0,-9999.0,-9999.0,13.98,5.67,-0.53,60.62,4.0,2.0,5.78,27.0,881.9,0.0,21.6,2.22,20.9,690.5,1.7,7.4,9.1,14.0,822.9,1.89,112.3,0.0,0,1,"time.struct_time(tm_year=2023, tm_mon=1, tm_mday=21, tm_hour=4, tm_min=50, tm_sec=5, tm_wday=5, tm_yday=21, tm_isdst=-1)",2023-01-21,2023,1,21,21,50
2023-01-21 04:52:35,40.765778,-111.909645,1299.6,-9999.0,-9999.0,-9999.0,13.98,5.64,-0.65,61.04,4.0,2.0,5.78,28.0,881.5,0.0,18.5,2.21,20.9,691.2,1.1,4.3,5.3,14.0,822.9,1.89,112.2,0.0,0,1,"time.struct_time(tm_year=2023, tm_mon=1, tm_mday=21, tm_hour=4, tm_min=52, tm_sec=35, tm_wday=5, tm_yday=21, tm_isdst=-1)",2023-01-21,2023,1,21,21,52
2023-01-21 04:55:05,40.765755,-111.909561,1298.8,-9999.0,-9999.0,-9999.0,13.98,5.61,-0.73,61.44,4.0,2.0,5.78,28.0,881.8,0.0,20.6,2.21,20.9,690.5,-1.1,7.4,6.3,14.0,822.9,1.89,112.2,0.0,0,1,"time.struct_time(tm_year=2023, tm_mon=1, tm_mday=21, tm_hour=4, tm_min=55, tm_sec=5, tm_wday=5, tm_yday=21, tm_isdst=-1)",2023-01-21,2023,1,21,21,55
2023-01-21 04:57:35,40.765495,-111.909622,1289.9,-9999.0,-9999.0,-9999.0,13.98,5.59,-0.74,61.27,4.0,2.0,5.72,28.0,881.6,0.0,16.9,2.2,20.8,691.2,1.2,5.1,6.3,13.9,823.0,1.89,112.3,0.0,0,1,"time.struct_time(tm_year=2023, tm_mon=1, tm_mday=21, tm_hour=4, tm_min=57, tm_sec=35, tm_wday=5, tm_yday=21, tm_isdst=-1)",2023-01-21,2023,1,21,21,57
2023-01-21 05:00:05,40.7658,-111.909752,1280.9,-9999.0,-9999.0,-9999.0,13.98,5.56,-0.91,62.53,5.0,2.0,5.61,28.0,881.8,0.0,18.4,2.21,20.8,690.6,0.9,9.8,10.7,13.9,823.0,1.89,112.2,0.0,0,1,"time.struct_time(tm_year=2023, tm_mon=1, tm_mday=21, tm_hour=5, tm_min=0, tm_sec=5, tm_wday=5, tm_yday=21, tm_isdst=-1)",2023-01-21,2023,1,21,21,0
2023-01-21 05:02:35,40.765812,-111.909698,1282.1,-9999.0,-9999.0,-9999.0,13.98,5.54,-1.13,63.72,3.0,2.0,5.61,28.0,881.6,0.0,21.2,2.22,20.8,691.1,1.6,9.5,11.1,13.9,823.0,1.89,112.3,0.0,0,1,"time.struct_time(tm_year=2023, tm_mon=1, tm_mday=21, tm_hour=5, tm_min=2, tm_sec=35, tm_wday=5, tm_yday=21, tm_isdst=-1)",2023-01-21,2023,1,21,21,2
2023-01-21 05:05:05,40.765606,-111.909752,1279.5,-9999.0,-9999.0,-9999.0,13.98,5.5,-1.35,64.7,4.0,2.0,5.61,28.0,881.8,0.0,21.6,2.21,20.8,690.5,0.5,6.9,7.4,13.8,823.0,1.89,112.3,0.0,0,1,"time.struct_time(tm_year=2023, tm_mon=1, tm_mday=21, tm_hour=5, tm_min=5, tm_sec=5, tm_wday=5, tm_yday=21, tm_isdst=-1)",2023-01-21,2023,1,21,21,5
2023-01-21 05:08:40,40.765854,-111.90979,1279.4,-9999.0,-9999.0,-9999.0,13.98,5.45,-1.41,65.1,4.0,2.0,5.5,28.0,881.9,0.0,16.3,2.21,20.7,691.2,4.5,8.7,13.3,13.8,823.1,1.87,111.5,0.0,0,1,"time.struct_time(tm_year=2023, tm_mon=1, tm_mday=21, tm_hour=5, tm_min=8, tm_sec=40, tm_wday=5, tm_yday=21, tm_isdst=-1)",2023-01-21,2023,1,21,21,8
2023-01-21 05:12:15,40.76553,-111.909607,1274.0,-9999.0,-9999.0,-9999.0,13.98,5.4,-1.55,65.21,5.0,2.0,5.5,28.0,882.0,0.0,16.6,2.21,20.7,691.2,1.9,10.3,12.2,13.7,823.1,1.88,111.9,0.0,0,1,"time.struct_time(tm_year=2023, tm_mon=1, tm_mday=21, tm_hour=5, tm_min=12, tm_sec=15, tm_wday=5, tm_yday=21, tm_isdst=-1)",2023-01-21,2023,1,21,21,12
2023-01-21 05:14:45,40.765602,-111.909645,1272.5,-9999.0,-9999.0,-9999.0,13.98,5.36,-1.55,64.59,4.0,2.0,5.39,28.0,881.9,0.0,21.1,2.21,20.6,690.7,2.9,5.6,8.5,13.7,823.1,1.88,112.0,0.0,0,1,"time.struct_time(tm_year=2023, tm_mon=1, tm_mday=21, tm_hour=5, tm_min=14, tm_sec=45, tm_wday=5, tm_yday=21, tm_isdst=-1)",2023-01-21,2023,1,21,21,14
2023-01-21 05:17:15,40.765541,-111.909691,1273.8,-9999.0,-9999.0,-9999.0,14.01,5.33,-1.61,65.01,5.0,2.0,5.39,28.0,881.8,0.0,21.9,2.22,20.6,691.2,1.9,6.4,8.3,13.7,823.1,1.88,112.0,0.0,0,1,"time.struct_time(tm_year=2023, tm_mon=1, tm_mday=21, tm_hour=5, tm_min=17, tm_sec=15, tm_wday=5, tm_yday=21, tm_isdst=-1)",2023-01-21,2023,1,21,21,17
2023-01-21 05:19:45,40.765373,-111.909653,1273.7,-9999.0,-9999.0,-9999.0,14.02,5.29,-1.67,65.11,5.0,2.0,5.39,28.0,881.8,0.0,22.8,2.22,20.5,690.8,2.4,8.0,10.5,13.6,823.2,1.88,112.0,0.0,0,1,"time.struct_time(tm_year=2023, tm_mon=1, tm_mday=21, tm_hour=5, tm_min=19, tm_sec=45, tm_wday=5, tm_yday=21, tm_isdst=-1)",2023-01-21,2023,1,21,21,19
2023-01-21 05:22:15,40.765163,-111.909599,1273.3,-9999.0,-9999.0,-9999.0,14.01,5.25,-1.74,65.63,5.0,2.0,5.28,28.0,881.8,0.0,18.9,2.19,20.5,691.2,5.3,8.4,13.7,13.6,823.1,1.88,112.0,0.0,0,1,"time.struct_time(tm_year=2023, tm_mon=1, tm_mday=21, tm_hour=5, tm_min=22, tm_sec=15, tm_wday=5, tm_yday=21, tm_isdst=-1)",2023-01-21,2023,1,21,21,22
2023-01-21 05:24:45,40.765232,-111.909653,1271.7,-9999.0,-9999.0,-9999.0,14.02,5.21,-1.73,65.08,4.0,2.0,5.28,28.0,881.9,0.0,17.8,2.21,20.5,691.0,5.9,10.6,16.5,13.6,823.2,1.88,112.0,0.0,0,1,"time.struct_time(tm_year=2023, tm_mon=1, tm_mday=21, tm_hour=5, tm_min=24, tm_sec=45, tm_wday=5, tm_yday=21, tm_isdst=-1)",2023-01-21,2023,1,21,21,24
2023-01-21 05:27:15,40.765316,-111.90966,1271.2,-9999.0,-9999.0,-9999.0,14.01,5.18,-1.67,63.72,5.0,2.0,5.28,28.0,882.0,0.0,20.4,2.21,20.4,691.2,4.4,8.3,12.6,13.5,823.2,1.88,112.0,0.0,0,1,"time.struct_time(tm_year=2023, tm_mon=1, tm_mday=21, tm_hour=5, tm_min=27, tm_sec=15, tm_wday=5, tm_yday=21, tm_isdst=-1)",2023-01-21,2023,1,21,21,27
2023-01-21 05:29:45,40.765358,-111.909691,1270.6,-9999.0,-9999.0,-9999.0,14.02,5.15,-1.69,63.88,5.0,2.0,5.28,28.0,882.0,0.0,18.0,2.21,20.4,690.9,4.9,6.0,11.0,13.5,823.2,1.87,112.0,0.0,0,1,"time.struct_time(tm_year=2023, tm_mon=1, tm_mday=21, tm_hour=5, tm_min=29, tm_sec=45, tm_wday=5, tm_yday=21, tm_isdst=-1)",2023-01-21,2023,1,21,21,29
2023-01-21 05:32:15,40.765419,-111.909683,1270.9,-9999.0,-9999.0,-9999.0,14.02,5.12,-1.7,63.68,4.0,2.0,5.28,28.0,881.9,0.0,20.4,2.2,20.4,691.2,-0.2,7.5,7.3,13.5,823.1,1.88,112.0,0.0,0,1,"time.struct_time(tm_year=2023, tm_mon=1, tm_mday=21, tm_hour=5, tm_min=32, tm_sec=15, tm_wday=5, tm_yday=21, tm_isdst=-1)",2023-01-21,2023,1,21,21,32
2023-01-21 05:34:45,40.765434,-111.909706,1271.4,-9999.0,-9999.0,-9999.0,14.02,5.09,-1.64,63.04,5.0,2.0,5.22,28.0,881.8,0.0,20.4,2.19,20.3,690.7,-0.4,5.4,4.9,13.5,823.2,1.88,112.0,0.0,0,1,"time.struct_time(tm_year=2023, tm_mon=1, tm_mday=21, tm_hour=5, tm_min=34, tm_sec=45, tm_wday=5, tm_yday=21, tm_isdst=-1)",2023-01-21,2023,1,21,21,34
2023-01-21 05:37:15,40.76543,-111.909721,1271.5,-9999.0,-9999.0,-9999.0,14.02,5.05,-1.49,62.62,5.0,2.0,5.22,28.0,881.8,0.0,12.7,2.21,20.3,691.6,7.0,8.3,15.2,13.4,823.2,1.88,111.9,0.0,0,1,"time.struct_time(tm_year=2023, tm_mon=1, tm_mday=21, tm_hour=5, tm_min=37, tm_sec=15, tm_wday=5, tm_yday=21, tm_isdst=-1)",2023-01-21,2023,1,21,21,37
2023-01-21 05:39:45,40.765423,-111.909714,1271.7,-9999.0,-9999.0,-9999.0,14.02,5.02,-1.65,63.28,4.0,2.0,5.22,28.0,882.1,0.0,18.3,2.21,20.3,691.0,6.8,11.0,17.8,13.4,823.3,1.88,111.9,0.0,0,1,"time.struct_time(tm_year=2023, tm_mon=1, tm_mday=21, tm_hour=5, tm_min=39, tm_sec=45, tm_wday=5, tm_yday=21, tm_isdst=-1)",2023-01-21,2023,1,21,21,39
2023-01-21 05:42:15,40.76543,-111.909721,1271.8,-9999.0,-9999.0,-9999.0,14.02,4.99,-1.67,63.54,8.0,2.0,5.22,28.0,881.9,0.0,16.8,2.21,20.2,691.2,0.9,5.9,6.7,13.4,823.3,1.88,112.1,0.0,0,1,"time.struct_time(tm_year=2023, tm_mon=1, tm_mday=21, tm_hour=5, tm_min=42, tm_sec=15, tm_wday=5, tm_yday=21, tm_isdst=-1)",2023-01-21,2023,1,21,21,42
2023-01-21 05:44:45,40.765438,-111.909683,1272.0,-9999.0,-9999.0,-9999.0,14.02,4.96,-1.74,63.86,5.0,2.0,5.11,28.0,882.0,0.0,17.4,2.2,20.2,691.1,0.6,9.3,9.9,13.3,823.4,1.87,112.0,0.0,0,1,"time.struct_time(tm_year=2023, tm_mon=1, tm_mday=21, tm_hour=5, tm_min=44, tm_sec=45, tm_wday=5, tm_yday=21, tm_isdst=-1)",2023-01-21,2023,1,21,21,44
2023-01-21 05:47:15,40.765457,-111.909691,1271.8,-9999.0,-9999.0,-9999.0,14.02,4.92,-1.9,64.16,5.0,2.0,5.11,28.0,882.2,0.0,22.3,2.21,20.2,691.4,1.6,7.1,8.7,13.3,823.3,1.88,111.9,0.0,0,1,"time.struct_time(tm_year=2023, tm_mon=1, tm_mday=21, tm_hour=5, tm_min=47, tm_sec=15, tm_wday=5, tm_yday=21, tm_isdst=-1)",2023-01-21,2023,1,21,21,47
2023-01-21 05:49:45,40.765579,-111.909706,1271.8,-9999.0,-9999.0,-9999.0,14.02,4.88,-1.96,64.73,4.0,2.0,5.0,28.0,882.0,0.0,18.2,2.21,20.1,691.1,0.9,4.9,5.8,13.3,823.3,1.88,112.0,0.0,0,1,"time.struct_time(tm_year=2023, tm_mon=1, tm_mday=21, tm_hour=5, tm_min=49, tm_sec=45, tm_wday=5, tm_yday=21, tm_isdst=-1)",2023-01-21,2023,1,21,21,49
2023-01-21 05:52:15,40.765598,-111.90966,1272.3,-9999.0,-9999.0,-9999.0,14.02,4.84,-1.96,64.43,4.0,2.0,5.0,28.0,882.0,0.0,16.0,2.2,20.1,691.2,-2.2,8.4,6.2,13.2,823.3,1.88,111.9,0.0,0,1,"time.struct_time(tm_year=2023, tm_mon=1, tm_mday=21, tm_hour=5, tm_min=52, tm_sec=15, tm_wday=5, tm_yday=21, tm_isdst=-1)",2023-01-21,2023,1,21,21,52
2023-01-21 05:54:45,40.765701,-111.90963,1273.0,-9999.0,-9999.0,-9999.0,14.02,4.81,-1.92,64.16,4.0,2.0,5.0,28.0,882.0,0.0,14.3,2.21,20.1,690.9,-2.0,4.8,2.9,13.2,823.3,1.88,111.9,0.0,0,1,"time.struct_time(tm_year=2023, tm_mon=1, tm_mday=21, tm_hour=5, tm_min=54, tm_sec=45, tm_wday=5, tm_yday=21, tm_isdst=-1)",2023-01-21,2023,1,21,21,54
2023-01-21 05:57:15,40.765717,-111.909721,1271.7,-9999.0,-9999.0,-9999.0,14.02,4.78,-1.88,64.14,4.0,2.0,4.89,28.0,882.0,0.0,18.3,2.21,20.0,691.4,-1.4,6.9,5.5,13.2,823.3,1.87,112.0,0.0,0,1,"time.struct_time(tm_year=2023, tm_mon=1, tm_mday=21, tm_hour=5, tm_min=57, tm_sec=15, tm_wday=5, tm_yday=21, tm_isdst=-1)",2023-01-21,2023,1,21,21,57
2023-01-21 05:59:45,40.765667,-111.909622,1271.0,-9999.0,-9999.0,-9999.0,14.02,4.75,-1.83,64.46,4.0,2.0,4.89,28.0,882.2,0.0,19.9,2.2,20.0,690.9,1.1,6.5,7.6,13.1,823.4,1.88,111.9,0.0,0,1,"time.struct_time(tm_year=2023, tm_mon=1, tm_mday=21, tm_hour=5, tm_min=59, tm_sec=45, tm_wday=5, tm_yday=21, tm_isdst=-1)",2023-01-21,2023,1,21,21,59
2023-01-21 06:02:15,40.765709,-111.909691,1271.0,-9999.0,-9999.0,-9999.0,14.02,4.72,-1.85,65.17,4.0,2.0,4.89,28.0,882.0,0.0,12.3,2.2,20.0,691.3,3.3,6.8,10.1,13.1,823.4,1.88,112.1,0.0,0,1,"time.struct_time(tm_year=2023, tm_mon=1, tm_mday=21, tm_hour=6, tm_min=2, tm_sec=15, tm_wday=5, tm_yday=21, tm_isdst=-1)",2023-01-21,2023,1,21,21,2
2023-01-21 06:04:45,40.765682,-111.909645,1271.5,-9999.0,-9999.0,-9999.0,14.02,4.7,-1.85,65.41,5.0,2.0,4.89,29.0,882.3,0.0,14.5,2.21,19.9,691.2,7.8,15.7,23.5,13.1,823.4,1.88,112.1,0.0,0,1,"time.struct_time(tm_year=2023, tm_mon=1, tm_mday=21, tm_hour=6, tm_min=4, tm_sec=45, tm_wday=5, tm_yday=21, tm_isdst=-1)",2023-01-21,2023,1,21,21,4
2023-01-21 06:07:15,40.765644,-111.909691,1268.8,-9999.0,-9999.0,-9999.0,14.02,4.67,-1.84,65.33,4.0,2.0,4.89,29.0,882.4,0.0,17.8,2.21,19.9,691.4,2.2,10.9,13.1,13.1,823.4,1.87,112.0,0.0,0,1,"time.struct_time(tm_year=2023, tm_mon=1, tm_mday=21, tm_hour=6, tm_min=7, tm_sec=15, tm_wday=5, tm_yday=21, tm_isdst=-1)",2023-01-21,2023,1,21,21,7
2023-01-21 06:09:45,40.765728,-111.909683,1266.6,-9999.0,-9999.0,-9999.0,14.02,4.65,-1.88,65.79,4.0,2.0,4.89,29.0,882.2,0.0,21.4,2.2,19.9,691.1,24.3,1.9,26.2,13.0,823.5,1.88,112.1,0.0,0,1,"time.struct_time(tm_year=2023, tm_mon=1, tm_mday=21, tm_hour=6, tm_min=9, tm_sec=45, tm_wday=5, tm_yday=21, tm_isdst=-1)",2023-01-21,2023,1,21,21,9
2023-01-21 06:13:20,40.765709,-111.909721,1267.3,-9999.0,-9999.0,-9999.0,14.02,4.63,-1.92,66.21,4.0,2.0,4.78,29.0,882.4,0.0,19.4,2.18,19.8,691.2,2.5,7.7,10.3,13.0,823.5,1.89,112.4,0.0,0,1,"time.struct_time(tm_year=2023, tm_mon=1, tm_mday=21, tm_hour=6, tm_min=13, tm_sec=20, tm_wday=5, tm_yday=21, tm_isdst=-1)",2023-01-21,2023,1,21,21,13
2023-01-21 06:15:50,40.765739,-111.909714,1267.3,-9999.0,-9999.0,-9999.0,14.02,4.62,-1.79,65.35,5.0,2.0,4.78,29.0,882.2,0.0,10.5,2.2,19.8,691.6,0.7,9.5,10.2,13.0,823.6,1.89,112.3,0.0,0,1,"time.struct_time(tm_year=2023, tm_mon=1, tm_mday=21, tm_hour=6, tm_min=15, tm_sec=50, tm_wday=5, tm_yday=21, tm_isdst=-1)",2023-01-21,2023,1,21,21,15
2023-01-21 06:18:20,40.765476,-111.909546,1272.0,-9999.0,-9999.0,-9999.0,14.02,4.6,-1.81,64.95,5.0,2.0,4.78,29.0,882.4,0.0,12.2,2.2,19.8,691.2,4.6,12.9,17.5,12.9,823.6,1.89,112.3,0.0,0,1,"time.struct_time(tm_year=2023, tm_mon=1, tm_mday=21, tm_hour=6, tm_min=18, tm_sec=20, tm_wday=5, tm_yday=21, tm_isdst=-1)",2023-01-21,2023,1,21,21,18
2023-01-21 06:20:50,40.765537,-111.909561,1273.0,-9999.0,-9999.0,-9999.0,14.02,4.58,-1.87,64.54,3.0,2.0,4.89,29.0,882.4,0.0,14.9,2.21,19.8,691.4,9.6,14.5,24.1,12.9,823.6,1.89,112.4,0.0,0,1,"time.struct_time(tm_year=2023, tm_mon=1, tm_mday=21, tm_hour=6, tm_min=20, tm_sec=50, tm_wday=5, tm_yday=21, tm_isdst=-1)",2023-01-21,2023,1,21,21,20
2023-01-21 06:23:20,40.765686,-111.90966,1271.0,-9999.0,-9999.0,-9999.0,14.02,4.56,-1.92,64.81,4.0,2.0,4.78,29.0,882.5,0.0,21.0,2.2,19.7,691.2,3.3,6.3,9.6,12.9,823.7,1.89,112.4,0.0,0,1,"time.struct_time(tm_year=2023, tm_mon=1, tm_mday=21, tm_hour=6, tm_min=23, tm_sec=20, tm_wday=5, tm_yday=21, tm_isdst=-1)",2023-01-21,2023,1,21,21,23
2023-01-21 06:25:50,40.76572,-111.909698,1270.7,-9999.0,-9999.0,-9999.0,14.02,4.54,-1.92,64.75,4.0,2.0,4.72,29.0,882.5,0.0,20.4,2.21,19.7,691.5,1.3,6.4,7.7,12.9,823.7,1.89,112.4,0.0,0,1,"time.struct_time(tm_year=2023, tm_mon=1, tm_mday=21, tm_hour=6, tm_min=25, tm_sec=50, tm_wday=5, tm_yday=21, tm_isdst=-1)",2023-01-21,2023,1,21,21,25
2023-01-21 06:28:20,40.765724,-111.909492,1272.5,-9999.0,-9999.0,-9999.0,14.02,4.53,-1.77,63.94,5.0,2.0,4.72,29.0,882.4,0.0,18.8,2.19,19.7,691.4,1.4,4.7,6.1,12.8,823.8,1.89,112.3,0.0,0,1,"time.struct_time(tm_year=2023, tm_mon=1, tm_mday=21, tm_hour=6, tm_min=28, tm_sec=20, tm_wday=5, tm_yday=21, tm_isdst=-1)",2023-01-21,2023,1,21,21,28
2023-01-21 06:30:50,40.765751,-111.909706,1272.6,-9999.0,-9999.0,-9999.0,14.02,4.51,-1.88,64.65,4.0,2.0,4.72,29.0,882.4,0.0,12.0,2.19,19.7,691.7,7.3,11.0,18.3,12.8,823.8,1.89,112.4,0.0,0,1,"time.struct_time(tm_year=2023, tm_mon=1, tm_mday=21, tm_hour=6, tm_min=30, tm_sec=50, tm_wday=5, tm_yday=21, tm_isdst=-1)",2023-01-21,2023,1,21,21,30
2023-01-21 06:33:20,40.765751,-111.909721,1273.0,-9999.0,-9999.0,-9999.0,14.02,4.49,-1.98,65.25,3.0,2.0,4.72,29.0,882.7,0.0,22.0,2.19,19.7,691.4,13.4,13.7,27.1,12.8,823.8,1.89,112.3,0.0,0,1,"time.struct_time(tm_year=2023, tm_mon=1, tm_mday=21, tm_hour=6, tm_min=33, tm_sec=20, tm_wday=5, tm_yday=21, tm_isdst=-1)",2023-01-21,2023,1,21,21,33
2023-01-21 06:35:50,40.765713,-111.909729,1273.1,-9999.0,-9999.0,-9999.0,14.02,4.47,-2.12,65.69,3.0,2.0,4.61,29.0,882.5,0.0,21.3,2.19,19.6,691.5,3.1,7.0,10.0,12.7,823.8,1.89,112.4,0.0,0,1,"time.struct_time(tm_year=2023, tm_mon=1, tm_mday=21, tm_hour=6, tm_min=35, tm_sec=50, tm_wday=5, tm_yday=21, tm_isdst=-1)",2023-01-21,2023,1,21,21,35
2023-01-21 06:38:20,40.7658,-111.909821,1274.7,-9999.0,-9999.0,-9999.0,14.02,4.44,-2.14,65.82,3.0,2.0,4.61,29.0,882.4,0.0,8.2,2.19,19.6,691.4,30.0,20.1,50.1,12.7,823.8,1.89,112.3,0.0,0,1,"time.struct_time(tm_year=2023, tm_mon=1, tm_mday=21, tm_hour=6, tm_min=38, tm_sec=20, tm_wday=5, tm_yday=21, tm_isdst=-1)",2023-01-21,2023,1,21,21,38
2023-01-21 06:40:50,40.765747,-111.90979,1275.8,-9999.0,-9999.0,-9999.0,14.02,4.42,-2.16,66.36,3.0,2.0,4.61,29.0,882.5,0.0,14.4,2.2,19.6,691.8,12.3,14.4,26.7,12.7,823.9,1.89,112.3,0.0,0,1,"time.struct_time(tm_year=2023, tm_mon=1, tm_mday=21, tm_hour=6, tm_min=40, tm_sec=50, tm_wday=5, tm_yday=21, tm_isdst=-1)",2023-01-21,2023,1,21,21,40
2023-01-21 06:43:20,40.765835,-111.909729,1275.4,-9999.0,-9999.0,-9999.0,14.02,4.4,-2.16,65.98,4.0,2.0,4.61,29.0,882.7,0.0,14.9,2.19,19.6,691.4,3.8,11.7,15.6,12.7,823.9,1.89,112.3,0.0,0,1,"time.struct_time(tm_year=2023, tm_mon=1, tm_mday=21, tm_hour=6, tm_min=43, tm_sec=20, tm_wday=5, tm_yday=21, tm_isdst=-1)",2023-01-21,2023,1,21,21,43
2023-01-21 06:45:50,40.765858,-111.909714,1275.5,-9999.0,-9999.0,-9999.0,14.02,4.38,-1.98,65.09,5.0,2.0,4.61,29.0,882.7,0.0,8.4,2.19,19.5,691.9,6.7,15.8,22.5,12.6,824.0,1.89,112.2,0.0,0,1,"time.struct_time(tm_year=2023, tm_mon=1, tm_mday=21, tm_hour=6, tm_min=45, tm_sec=50, tm_wday=5, tm_yday=21, tm_isdst=-1)",2023-01-21,2023,1,21,21,45
2023-01-21 06:48:20,40.765835,-111.909843,1271.5,-9999.0,-9999.0,-9999.0,14.02,4.36,-1.75,64.11,4.0,2.0,4.61,29.0,882.5,0.0,19.3,2.2,19.5,691.4,2.2,10.2,12.4,12.6,824.0,1.89,112.3,0.0,0,1,"time.struct_time(tm_year=2023, tm_mon=1, tm_mday=21, tm_hour=6, tm_min=48, tm_sec=20, tm_wday=5, tm_yday=21, tm_isdst=-1)",2023-01-21,2023,1,21,21,48
2023-01-21 06:50:50,40.765968,-111.90976,1271.2,-9999.0,-9999.0,-9999.0,14.02,4.34,-1.65,63.36,4.0,2.0,4.5,29.0,882.6,0.0,25.3,2.2,19.5,691.7,1.5,4.3,5.9,12.6,823.9,1.89,112.3,0.0,0,1,"time.struct_time(tm_year=2023, tm_mon=1, tm_mday=21, tm_hour=6, tm_min=50, tm_sec=50, tm_wday=5, tm_yday=21, tm_isdst=-1)",2023-01-21,2023,1,21,21,50
2023-01-21 06:53:20,40.765877,-111.90976,1271.7,-9999.0,-9999.0,-9999.0,14.02,4.32,-1.65,63.88,4.0,2.0,4.5,29.0,882.6,0.0,12.5,2.19,19.5,691.4,1.6,7.9,9.5,12.6,824.0,1.89,112.3,0.0,0,1,"time.struct_time(tm_year=2023, tm_mon=1, tm_mday=21, tm_hour=6, tm_min=53, tm_sec=20, tm_wday=5, tm_yday=21, tm_isdst=-1)",2023-01-21,2023,1,21,21,53
2023-01-21 06:55:50,40.765747,-111.909706,1272.9,-9999.0,-9999.0,-9999.0,14.02,4.31,-1.67,64.12,5.0,2.0,4.5,29.0,882.4,0.0,10.5,2.2,19.5,691.5,5.5,15.2,20.7,12.5,823.9,1.89,112.3,0.0,0,1,"time.struct_time(tm_year=2023, tm_mon=1, tm_mday=21, tm_hour=6, tm_min=55, tm_sec=50, tm_wday=5, tm_yday=21, tm_isdst=-1)",2023-01-21,2023,1,21,21,55
2023-01-21 06:58:20,40.765846,-111.909874,1270.9,-9999.0,-9999.0,-9999.0,14.02,4.3,-1.65,63.4,5.0,2.0,4.5,29.0,882.6,0.0,20.3,2.21,19.4,691.5,11.0,21.4,32.3,12.5,823.9,1.89,112.4,0.0,0,1,"time.struct_time(tm_year=2023, tm_mon=1, tm_mday=21, tm_hour=6, tm_min=58, tm_sec=20, tm_wday=5, tm_yday=21, tm_isdst=-1)",2023-01-21,2023,1,21,21,58
2023-01-21 07:00:50,40.765823,-111.909828,1270.2,-9999.0,-9999.0,-9999.0,14.02,4.29,-1.53,63.42,5.0,2.0,4.5,29.0,882.5,0.0,15.6,2.19,19.4,691.7,6.0,13.0,19.1,12.5,823.9,1.89,112.3,0.0,0,1,"time.struct_time(tm_year=2023, tm_mon=1, tm_mday=21, tm_hour=7, tm_min=0, tm_sec=50, tm_wday=5, tm_yday=21, tm_isdst=-1)",2023-01-21,2023,1,21,21,0
2023-01-21 07:03:20,40.765793,-111.90976,1271.4,-9999.0,-9999.0,-9999.0,14.02,4.29,-1.55,63.58,5.0,2.0,4.5,29.0,882.7,0.0,9.0,2.19,19.4,691.4,30.4,24.1,54.6,12.5,823.9,1.89,112.3,0.0,0,1,"time.struct_time(tm_year=2023, tm_mon=1, tm_mday=21, tm_hour=7, tm_min=3, tm_sec=20, tm_wday=5, tm_yday=21, tm_isdst=-1)",2023-01-21,2023,1,21,21,3
2023-01-21 07:05:50,40.765739,-111.909698,1271.5,-9999.0,-9999.0,-9999.0,14.02,4.28,-1.47,63.54,5.0,2.0,4.5,30.0,882.6,0.0,10.9,2.19,19.4,692.0,21.6,19.7,41.2,12.4,824.0,1.89,112.4,0.0,0,1,"time.struct_time(tm_year=2023, tm_mon=1, tm_mday=21, tm_hour=7, tm_min=5, tm_sec=50, tm_wday=5, tm_yday=21, tm_isdst=-1)",2023-01-21,2023,1,21,21,5
2023-01-21 07:08:20,40.765759,-111.909523,1269.5,-9999.0,-9999.0,-9999.0,14.02,4.28,-1.55,64.21,6.0,2.0,4.5,30.0,882.8,0.0,18.3,2.19,19.4,691.3,9.4,12.7,22.1,12.4,824.0,1.89,112.2,0.0,0,1,"time.struct_time(tm_year=2023, tm_mon=1, tm_mday=21, tm_hour=7, tm_min=8, tm_sec=20, tm_wday=5, tm_yday=21, tm_isdst=-1)",2023-01-21,2023,1,21,21,8
2023-01-21 07:10:50,40.765732,-111.909592,1270.0,-9999.0,-9999.0,-9999.0,14.02,4.27,-1.71,65.61,5.0,2.0,4.5,30.0,882.7,0.0,13.6,2.19,19.4,691.8,9.8,8.7,18.5,12.4,824.0,1.89,112.4,0.0,0,1,"time.struct_time(tm_year=2023, tm_mon=1, tm_mday=21, tm_hour=7, tm_min=10, tm_sec=50, tm_wday=5, tm_yday=21, tm_isdst=-1)",2023-01-21,2023,1,21,21,10
2023-01-21 07:14:25,40.765781,-111.909706,1271.1,-9999.0,-9999.0,-9999.0,14.02,4.26,-1.92,66.34,5.0,2.0,4.5,30.0,882.4,0.0,8.2,2.19,19.4,691.4,8.3,10.0,18.3,12.4,823.9,1.87,111.8,0.0,0,1,"time.struct_time(tm_year=2023, tm_mon=1, tm_mday=21, tm_hour=7, tm_min=14, tm_sec=25, tm_wday=5, tm_yday=21, tm_isdst=-1)",2023-01-21,2023,1,21,21,14
2023-01-21 07:16:55,40.765739,-111.90963,1271.2,-9999.0,-9999.0,-9999.0,14.02,4.25,-1.9,66.54,5.0,2.0,4.39,30.0,882.5,0.0,18.8,2.18,19.4,692.0,9.2,14.2,23.5,12.3,823.9,1.87,111.7,0.0,0,1,"time.struct_time(tm_year=2023, tm_mon=1, tm_mday=21, tm_hour=7, tm_min=16, tm_sec=55, tm_wday=5, tm_yday=21, tm_isdst=-1)",2023-01-21,2023,1,21,21,16
