Timestamp_UTC,Latitude_ddeg,Longitude_ddeg,Elevation_m,GPS_Speed_m/s,GPS_Direction_deg,GPS_RMC_Valid_binary,Battery_Voltage_volts,Bus_Box_Temperature_degC,Bus_Top_Temperature_degC,Bus_Top_Relative_Humidity_%,ES642_PM2.5_Concentration_ug/m3,ES642_Air_Flow_Rate_L/min,ES642_Internal_Air_Temperature_degC,ES642_Internal_Relative_Humidity_%,ES642_Internal_Air_Pressure_hpa,ES642_Error_Code_code,2B_Ozone_Concentration_ppbv,2B_Air_Flow_Rate_L/min,2B_Internal_Air_Temperature_degC,2B_Internal_Air_Pressure_hpa,2B405_NO_Concentration_ppbv,2B405_NO2_Concentration_ppbv,2B405_NOX_Concentration_ppbv,2B405_Internal_Air_Temperature_degC,2B405_Internal_Air_Pressure_hpa,2B405_Air_Flow_Rate_L/min,2B405_Cell_O3_Flow_Rate_mL/min,PM2.5_Data_Flagged_binary,Ozone_Data_Flagged_binary,GPS_Data_Flagged_binary,Time_Tuple,Date,Year,Month,Day_of_Year,Day_of_Month,Minute,Hour
2023-09-05 14:41:05,40.762909,-111.910629,1300.6,0.0,242.7,1.0,13.74,16.08,20.5,58.88,4.0,2.0,15.11,69.0,876.3,0.0,-2.3,1.74,21.2,834.8,-9999.0,-9999.0,-9999.0,-9999.0,-9999.0,-9999.0,-9999.0,1.0,0,1,"time.struct_time(tm_year=2023, tm_mon=9, tm_mday=5, tm_hour=14, tm_min=41, tm_sec=5, tm_wday=1, tm_yday=248, tm_isdst=-1)",2023-09-05,2023,9,248,5,41,14
2023-09-05 14:43:35,40.762939,-111.910759,1300.8,0.0,242.7,1.0,13.22,16.39,20.62,58.55,4.0,2.0,15.5,69.0,876.3,0.0,-3.4,1.74,22.3,834.9,-9999.0,-9999.0,-9999.0,-9999.0,-9999.0,-9999.0,-9999.0,1.0,0,1,"time.struct_time(tm_year=2023, tm_mon=9, tm_mday=5, tm_hour=14, tm_min=43, tm_sec=35, tm_wday=1, tm_yday=248, tm_isdst=-1)",2023-09-05,2023,9,248,5,43,14
2023-09-05 14:46:05,40.762814,-111.910675,1302.0,0.0,146.4,1.0,13.74,16.72,20.76,58.07,2.0,2.0,15.89,67.0,876.3,0.0,5.3,1.73,23.2,834.9,-9999.0,-9999.0,-9999.0,-9999.0,-9999.0,-9999.0,-9999.0,1.0,0,1,"time.struct_time(tm_year=2023, tm_mon=9, tm_mday=5, tm_hour=14, tm_min=46, tm_sec=5, tm_wday=1, tm_yday=248, tm_isdst=-1)",2023-09-05,2023,9,248,5,46,14
2023-09-05 14:48:35,40.762836,-111.91069,1302.1,0.0,146.4,1.0,13.71,17.05,20.9,56.58,2.0,2.0,16.22,65.0,876.3,0.0,0.5,1.74,24.1,835.2,-9999.0,-9999.0,-9999.0,-9999.0,-9999.0,-9999.0,-9999.0,1.0,0,1,"time.struct_time(tm_year=2023, tm_mon=9, tm_mday=5, tm_hour=14, tm_min=48, tm_sec=35, tm_wday=1, tm_yday=248, tm_isdst=-1)",2023-09-05,2023,9,248,5,48,14
2023-09-05 14:51:05,40.762848,-111.910759,1302.6,0.0,146.4,1.0,13.71,17.39,21.0,55.36,2.0,2.0,16.61,63.0,876.5,0.0,-0.5,1.75,24.9,835.2,-9999.0,-9999.0,-9999.0,-9999.0,-9999.0,-9999.0,-9999.0,1.0,0,1,"time.struct_time(tm_year=2023, tm_mon=9, tm_mday=5, tm_hour=14, tm_min=51, tm_sec=5, tm_wday=1, tm_yday=248, tm_isdst=-1)",2023-09-05,2023,9,248,5,51,14
2023-09-05 14:53:35,40.76281,-111.91082,1303.1,0.0,146.4,1.0,13.71,17.73,21.14,56.31,3.0,2.0,17.0,60.0,876.3,0.0,-0.3,1.76,25.7,835.4,-9999.0,-9999.0,-9999.0,-9999.0,-9999.0,-9999.0,-9999.0,1.0,0,1,"time.struct_time(tm_year=2023, tm_mon=9, tm_mday=5, tm_hour=14, tm_min=53, tm_sec=35, tm_wday=1, tm_yday=248, tm_isdst=-1)",2023-09-05,2023,9,248,5,53,14
2023-09-05 14:56:05,40.762897,-111.910782,1303.4,0.0,146.4,1.0,13.71,18.06,21.25,55.48,3.0,2.0,17.39,58.0,876.3,0.0,-0.4,1.76,26.4,835.3,-9999.0,-9999.0,-9999.0,-9999.0,-9999.0,-9999.0,-9999.0,1.0,0,1,"time.struct_time(tm_year=2023, tm_mon=9, tm_mday=5, tm_hour=14, tm_min=56, tm_sec=5, tm_wday=1, tm_yday=248, tm_isdst=-1)",2023-09-05,2023,9,248,5,56,14
2023-09-05 14:58:35,40.762856,-111.910744,1303.2,0.0,146.4,1.0,13.71,18.39,21.34,55.18,3.0,2.0,17.78,56.0,876.1,0.0,4.1,1.77,27.1,835.5,-9999.0,-9999.0,-9999.0,-9999.0,-9999.0,-9999.0,-9999.0,1.0,0,1,"time.struct_time(tm_year=2023, tm_mon=9, tm_mday=5, tm_hour=14, tm_min=58, tm_sec=35, tm_wday=1, tm_yday=248, tm_isdst=-1)",2023-09-05,2023,9,248,5,58,14
2023-09-05 15:01:05,40.762878,-111.910919,1303.8,0.0,146.4,1.0,13.68,18.71,21.42,54.7,2.0,2.0,18.11,53.0,876.2,0.0,0.9,1.77,27.7,835.4,-9999.0,-9999.0,-9999.0,-9999.0,-9999.0,-9999.0,-9999.0,1.0,0,1,"time.struct_time(tm_year=2023, tm_mon=9, tm_mday=5, tm_hour=15, tm_min=1, tm_sec=5, tm_wday=1, tm_yday=248, tm_isdst=-1)",2023-09-05,2023,9,248,5,1,15
2023-09-05 15:03:35,40.762867,-111.910812,1303.4,0.0,146.4,1.0,13.68,19.02,21.52,53.78,3.0,2.0,18.5,51.0,876.3,0.0,1.9,1.78,28.4,835.6,-9999.0,-9999.0,-9999.0,-9999.0,-9999.0,-9999.0,-9999.0,1.0,0,1,"time.struct_time(tm_year=2023, tm_mon=9, tm_mday=5, tm_hour=15, tm_min=3, tm_sec=35, tm_wday=1, tm_yday=248, tm_isdst=-1)",2023-09-05,2023,9,248,5,3,15
2023-09-05 15:06:05,40.762794,-111.910942,1303.4,0.0,146.4,1.0,13.68,19.33,21.58,53.91,2.0,2.0,18.89,49.0,876.1,0.0,2.3,1.78,28.9,835.5,-9999.0,-9999.0,-9999.0,-9999.0,-9999.0,-9999.0,-9999.0,0.0,0,1,"time.struct_time(tm_year=2023, tm_mon=9, tm_mday=5, tm_hour=15, tm_min=6, tm_sec=5, tm_wday=1, tm_yday=248, tm_isdst=-1)",2023-09-05,2023,9,248,5,6,15
2023-09-05 15:08:35,40.762836,-111.910721,1303.5,0.0,146.4,1.0,13.67,19.63,21.6,53.95,2.0,2.0,19.28,47.0,876.3,0.0,1.8,1.78,29.5,835.7,-9999.0,-9999.0,-9999.0,-9999.0,-9999.0,-9999.0,-9999.0,0.0,0,1,"time.struct_time(tm_year=2023, tm_mon=9, tm_mday=5, tm_hour=15, tm_min=8, tm_sec=35, tm_wday=1, tm_yday=248, tm_isdst=-1)",2023-09-05,2023,9,248,5,8,15
2023-09-05 15:11:05,40.762756,-111.910591,1305.6,0.0,146.4,1.0,13.68,19.92,21.68,54.03,2.0,2.0,19.72,46.0,876.2,0.0,-1.9,1.79,30.0,835.7,-9999.0,-9999.0,-9999.0,-9999.0,-9999.0,-9999.0,-9999.0,0.0,0,1,"time.struct_time(tm_year=2023, tm_mon=9, tm_mday=5, tm_hour=15, tm_min=11, tm_sec=5, tm_wday=1, tm_yday=248, tm_isdst=-1)",2023-09-05,2023,9,248,5,11,15
2023-09-05 15:13:35,40.762886,-111.910713,1305.3,0.0,146.4,1.0,13.68,20.21,21.74,54.09,2.0,2.0,20.0,44.0,876.4,0.0,-2.5,1.79,30.5,835.7,-9999.0,-9999.0,-9999.0,-9999.0,-9999.0,-9999.0,-9999.0,0.0,0,1,"time.struct_time(tm_year=2023, tm_mon=9, tm_mday=5, tm_hour=15, tm_min=13, tm_sec=35, tm_wday=1, tm_yday=248, tm_isdst=-1)",2023-09-05,2023,9,248,5,13,15
2023-09-05 15:16:05,40.762989,-111.910774,1306.7,0.0,1.1,1.0,13.68,20.49,21.82,53.63,2.0,2.0,20.39,43.0,876.4,0.0,2.1,1.79,31.0,835.7,-9999.0,-9999.0,-9999.0,-9999.0,-9999.0,-9999.0,-9999.0,0.0,0,1,"time.struct_time(tm_year=2023, tm_mon=9, tm_mday=5, tm_hour=15, tm_min=16, tm_sec=5, tm_wday=1, tm_yday=248, tm_isdst=-1)",2023-09-05,2023,9,248,5,16,15
2023-09-05 15:18:35,40.76289,-111.91066,1306.9,0.0,1.1,1.0,13.64,20.76,21.86,53.31,2.0,2.0,20.72,41.0,876.2,0.0,1.4,1.8,31.4,835.8,-9999.0,-9999.0,-9999.0,-9999.0,-9999.0,-9999.0,-9999.0,0.0,0,1,"time.struct_time(tm_year=2023, tm_mon=9, tm_mday=5, tm_hour=15, tm_min=18, tm_sec=35, tm_wday=1, tm_yday=248, tm_isdst=-1)",2023-09-05,2023,9,248,5,18,15
2023-09-05 15:21:05,40.762806,-111.910614,1307.8,0.0,1.1,1.0,13.64,21.02,21.9,52.81,1.0,2.0,21.0,40.0,876.1,0.0,-0.2,1.78,31.9,835.8,-9999.0,-9999.0,-9999.0,-9999.0,-9999.0,-9999.0,-9999.0,0.0,0,1,"time.struct_time(tm_year=2023, tm_mon=9, tm_mday=5, tm_hour=15, tm_min=21, tm_sec=5, tm_wday=1, tm_yday=248, tm_isdst=-1)",2023-09-05,2023,9,248,5,21,15
2023-09-05 15:23:35,40.762806,-111.91069,1308.0,0.0,1.1,1.0,13.64,21.28,21.98,52.57,2.0,2.0,21.39,38.0,876.3,0.0,-1.3,1.8,32.3,835.9,-9999.0,-9999.0,-9999.0,-9999.0,-9999.0,-9999.0,-9999.0,0.0,0,1,"time.struct_time(tm_year=2023, tm_mon=9, tm_mday=5, tm_hour=15, tm_min=23, tm_sec=35, tm_wday=1, tm_yday=248, tm_isdst=-1)",2023-09-05,2023,9,248,5,23,15
2023-09-05 15:26:05,40.762821,-111.910728,1308.2,0.0,1.1,1.0,13.64,21.53,22.03,52.41,2.0,2.0,21.61,37.0,876.4,0.0,-2.5,1.79,32.7,835.9,-9999.0,-9999.0,-9999.0,-9999.0,-9999.0,-9999.0,-9999.0,0.0,0,1,"time.struct_time(tm_year=2023, tm_mon=9, tm_mday=5, tm_hour=15, tm_min=26, tm_sec=5, tm_wday=1, tm_yday=248, tm_isdst=-1)",2023-09-05,2023,9,248,5,26,15
2023-09-05 15:28:35,40.762741,-111.910744,1304.1,0.0,1.1,1.0,13.64,21.77,22.07,52.35,2.0,2.0,21.89,36.0,876.3,0.0,-5.1,1.8,33.1,835.9,-9999.0,-9999.0,-9999.0,-9999.0,-9999.0,-9999.0,-9999.0,0.0,0,1,"time.struct_time(tm_year=2023, tm_mon=9, tm_mday=5, tm_hour=15, tm_min=28, tm_sec=35, tm_wday=1, tm_yday=248, tm_isdst=-1)",2023-09-05,2023,9,248,5,28,15
2023-09-05 15:32:15,40.762737,-111.910736,1301.3,0.0,1.1,1.0,13.64,22.12,22.13,51.86,2.0,2.0,22.28,35.0,876.2,0.0,-1.0,1.8,33.6,835.9,-9999.0,-9999.0,-9999.0,-9999.0,-9999.0,-9999.0,-9999.0,0.0,0,1,"time.struct_time(tm_year=2023, tm_mon=9, tm_mday=5, tm_hour=15, tm_min=32, tm_sec=15, tm_wday=1, tm_yday=248, tm_isdst=-1)",2023-09-05,2023,9,248,5,32,15
2023-09-05 15:34:45,40.762676,-111.910774,1294.6,0.0,208.4,1.0,13.64,22.34,22.21,51.9,2.0,2.0,22.61,34.0,876.4,0.0,1.1,1.8,34.0,835.9,-9999.0,-9999.0,-9999.0,-9999.0,-9999.0,-9999.0,-9999.0,0.0,0,1,"time.struct_time(tm_year=2023, tm_mon=9, tm_mday=5, tm_hour=15, tm_min=34, tm_sec=45, tm_wday=1, tm_yday=248, tm_isdst=-1)",2023-09-05,2023,9,248,5,34,15
2023-09-05 15:37:15,40.762814,-111.910835,1291.6,0.0,268.5,1.0,13.64,22.56,22.19,51.67,2.0,2.0,22.78,33.0,876.2,0.0,1.3,1.8,34.3,835.9,-9999.0,-9999.0,-9999.0,-9999.0,-9999.0,-9999.0,-9999.0,0.0,0,1,"time.struct_time(tm_year=2023, tm_mon=9, tm_mday=5, tm_hour=15, tm_min=37, tm_sec=15, tm_wday=1, tm_yday=248, tm_isdst=-1)",2023-09-05,2023,9,248,5,37,15
2023-09-05 15:39:45,40.762783,-111.910622,1292.4,0.0,268.5,1.0,13.64,22.78,22.21,51.02,2.0,2.0,23.11,32.0,876.2,0.0,1.0,1.8,34.7,835.9,-9999.0,-9999.0,-9999.0,-9999.0,-9999.0,-9999.0,-9999.0,0.0,0,1,"time.struct_time(tm_year=2023, tm_mon=9, tm_mday=5, tm_hour=15, tm_min=39, tm_sec=45, tm_wday=1, tm_yday=248, tm_isdst=-1)",2023-09-05,2023,9,248,5,39,15
2023-09-26 17:14:10,40.762966,-111.910789,1275.2,0.0,265.6,1.0,13.6,23.11,23.87,36.7,3.0,2.0,22.0,35.0,877.4,0.0,2.0,1.76,27.5,836.6,-9999.0,-9999.0,-9999.0,-9999.0,-9999.0,-9999.0,-9999.0,0.0,0,1,"time.struct_time(tm_year=2023, tm_mon=9, tm_mday=26, tm_hour=17, tm_min=14, tm_sec=10, tm_wday=1, tm_yday=269, tm_isdst=-1)",2023-09-26,2023,9,269,26,14,17
2023-09-26 17:16:40,40.762707,-111.910789,1278.0,0.0,213.4,1.0,13.6,23.29,23.55,37.18,3.0,2.0,22.11,35.0,877.3,0.0,2.2,1.77,28.6,836.8,-9999.0,-9999.0,-9999.0,-9999.0,-9999.0,-9999.0,-9999.0,0.0,0,1,"time.struct_time(tm_year=2023, tm_mon=9, tm_mday=26, tm_hour=17, tm_min=16, tm_sec=40, tm_wday=1, tm_yday=269, tm_isdst=-1)",2023-09-26,2023,9,269,26,16,17
2023-09-26 17:19:10,40.762714,-111.910667,1269.5,0.0,339.0,1.0,13.1,23.48,23.16,38.85,3.0,2.0,22.22,34.0,877.4,0.0,2.2,1.77,29.6,836.7,-9999.0,-9999.0,-9999.0,-9999.0,-9999.0,-9999.0,-9999.0,0.0,0,1,"time.struct_time(tm_year=2023, tm_mon=9, tm_mday=26, tm_hour=17, tm_min=19, tm_sec=10, tm_wday=1, tm_yday=269, tm_isdst=-1)",2023-09-26,2023,9,269,26,19,17
2023-09-26 17:21:40,40.762875,-111.910774,1266.9,0.0,339.0,1.0,13.6,23.66,22.71,39.87,3.0,2.0,22.28,34.0,877.4,0.0,3.1,1.79,30.4,836.8,-9999.0,-9999.0,-9999.0,-9999.0,-9999.0,-9999.0,-9999.0,0.0,0,1,"time.struct_time(tm_year=2023, tm_mon=9, tm_mday=26, tm_hour=17, tm_min=21, tm_sec=40, tm_wday=1, tm_yday=269, tm_isdst=-1)",2023-09-26,2023,9,269,26,21,17
2023-09-26 17:24:10,40.762653,-111.910713,1268.9,0.0,186.4,1.0,13.6,23.83,22.41,40.72,3.0,2.0,22.5,33.0,877.4,0.0,1.4,1.79,31.2,836.7,-9999.0,-9999.0,-9999.0,-9999.0,-9999.0,-9999.0,-9999.0,0.0,0,1,"time.struct_time(tm_year=2023, tm_mon=9, tm_mday=26, tm_hour=17, tm_min=24, tm_sec=10, tm_wday=1, tm_yday=269, tm_isdst=-1)",2023-09-26,2023,9,269,26,24,17
2023-09-26 17:26:40,40.762695,-111.910751,1272.3,0.0,186.4,1.0,13.61,24.0,22.18,41.58,2.0,2.0,22.61,32.0,877.4,0.0,2.5,1.79,31.9,836.9,-9999.0,-9999.0,-9999.0,-9999.0,-9999.0,-9999.0,-9999.0,0.0,0,1,"time.struct_time(tm_year=2023, tm_mon=9, tm_mday=26, tm_hour=17, tm_min=26, tm_sec=40, tm_wday=1, tm_yday=269, tm_isdst=-1)",2023-09-26,2023,9,269,26,26,17
2023-09-26 17:29:10,40.762863,-111.910805,1274.8,0.0,5.7,1.0,13.61,24.15,21.95,42.06,2.0,2.0,22.78,31.0,877.3,0.0,-1.8,1.79,32.6,836.8,-9999.0,-9999.0,-9999.0,-9999.0,-9999.0,-9999.0,-9999.0,0.0,0,1,"time.struct_time(tm_year=2023, tm_mon=9, tm_mday=26, tm_hour=17, tm_min=29, tm_sec=10, tm_wday=1, tm_yday=269, tm_isdst=-1)",2023-09-26,2023,9,269,26,29,17
2023-09-26 17:31:40,40.762737,-111.91095,1275.7,0.0,265.4,1.0,13.6,24.3,21.78,42.64,2.0,2.0,23.0,30.0,877.3,0.0,-0.1,1.8,33.2,836.9,-9999.0,-9999.0,-9999.0,-9999.0,-9999.0,-9999.0,-9999.0,0.0,0,1,"time.struct_time(tm_year=2023, tm_mon=9, tm_mday=26, tm_hour=17, tm_min=31, tm_sec=40, tm_wday=1, tm_yday=269, tm_isdst=-1)",2023-09-26,2023,9,269,26,31,17
2023-09-26 17:34:10,40.762817,-111.91069,1275.8,0.0,265.4,1.0,13.61,24.44,21.64,42.1,2.0,2.0,23.22,29.0,877.4,0.0,0.9,1.79,33.7,836.7,-9999.0,-9999.0,-9999.0,-9999.0,-9999.0,-9999.0,-9999.0,0.0,0,1,"time.struct_time(tm_year=2023, tm_mon=9, tm_mday=26, tm_hour=17, tm_min=34, tm_sec=10, tm_wday=1, tm_yday=269, tm_isdst=-1)",2023-09-26,2023,9,269,26,34,17
2023-09-26 17:36:40,40.762802,-111.910622,1276.9,0.0,274.6,1.0,13.61,24.57,21.5,41.76,3.0,2.0,23.28,28.0,877.5,0.0,-0.8,1.81,34.2,836.9,-9999.0,-9999.0,-9999.0,-9999.0,-9999.0,-9999.0,-9999.0,0.0,0,1,"time.struct_time(tm_year=2023, tm_mon=9, tm_mday=26, tm_hour=17, tm_min=36, tm_sec=40, tm_wday=1, tm_yday=269, tm_isdst=-1)",2023-09-26,2023,9,269,26,36,17
2023-09-26 17:39:10,40.762787,-111.910713,1277.1,0.0,212.9,1.0,13.61,24.69,21.41,41.22,3.0,2.0,23.5,27.0,877.3,0.0,0.7,1.81,34.7,836.7,-9999.0,-9999.0,-9999.0,-9999.0,-9999.0,-9999.0,-9999.0,0.0,0,1,"time.struct_time(tm_year=2023, tm_mon=9, tm_mday=26, tm_hour=17, tm_min=39, tm_sec=10, tm_wday=1, tm_yday=269, tm_isdst=-1)",2023-09-26,2023,9,269,26,39,17
2023-09-26 17:41:40,40.762787,-111.910683,1276.9,0.0,212.9,1.0,13.6,24.81,21.33,40.73,3.0,2.0,23.61,27.0,877.2,0.0,-0.1,1.8,35.2,836.8,-9999.0,-9999.0,-9999.0,-9999.0,-9999.0,-9999.0,-9999.0,0.0,0,1,"time.struct_time(tm_year=2023, tm_mon=9, tm_mday=26, tm_hour=17, tm_min=41, tm_sec=40, tm_wday=1, tm_yday=269, tm_isdst=-1)",2023-09-26,2023,9,269,26,41,17
2023-09-26 17:44:10,40.762695,-111.910759,1275.6,0.0,248.2,1.0,13.6,24.92,21.3,36.58,3.0,2.0,23.78,26.0,877.2,0.0,1.8,1.82,35.6,836.7,-9999.0,-9999.0,-9999.0,-9999.0,-9999.0,-9999.0,-9999.0,0.0,0,1,"time.struct_time(tm_year=2023, tm_mon=9, tm_mday=26, tm_hour=17, tm_min=44, tm_sec=10, tm_wday=1, tm_yday=269, tm_isdst=-1)",2023-09-26,2023,9,269,26,44,17
2023-09-26 17:46:40,40.762737,-111.910744,1276.4,0.0,248.2,1.0,13.61,25.03,21.33,38.27,3.0,2.0,23.89,26.0,877.2,0.0,-2.6,1.81,35.9,836.8,-9999.0,-9999.0,-9999.0,-9999.0,-9999.0,-9999.0,-9999.0,0.0,0,1,"time.struct_time(tm_year=2023, tm_mon=9, tm_mday=26, tm_hour=17, tm_min=46, tm_sec=40, tm_wday=1, tm_yday=269, tm_isdst=-1)",2023-09-26,2023,9,269,26,46,17
2023-09-26 17:49:10,40.762737,-111.91066,1277.5,0.0,117.8,1.0,13.6,25.13,21.33,37.15,4.0,2.0,24.0,25.0,877.3,0.0,3.0,1.81,36.3,836.7,-9999.0,-9999.0,-9999.0,-9999.0,-9999.0,-9999.0,-9999.0,0.0,0,1,"time.struct_time(tm_year=2023, tm_mon=9, tm_mday=26, tm_hour=17, tm_min=49, tm_sec=10, tm_wday=1, tm_yday=269, tm_isdst=-1)",2023-09-26,2023,9,269,26,49,17
2023-09-26 17:51:40,40.762981,-111.910774,1277.7,0.0,117.8,1.0,13.61,25.22,21.33,37.77,5.0,2.0,24.11,25.0,877.2,0.0,0.7,1.8,36.6,836.7,-9999.0,-9999.0,-9999.0,-9999.0,-9999.0,-9999.0,-9999.0,0.0,0,1,"time.struct_time(tm_year=2023, tm_mon=9, tm_mday=26, tm_hour=17, tm_min=51, tm_sec=40, tm_wday=1, tm_yday=269, tm_isdst=-1)",2023-09-26,2023,9,269,26,51,17
2023-09-26 17:54:10,40.762764,-111.910698,1276.8,0.0,117.8,1.0,13.61,25.3,21.35,37.91,7.0,2.0,24.22,25.0,877.1,0.0,2.5,1.82,36.9,836.6,-9999.0,-9999.0,-9999.0,-9999.0,-9999.0,-9999.0,-9999.0,0.0,0,1,"time.struct_time(tm_year=2023, tm_mon=9, tm_mday=26, tm_hour=17, tm_min=54, tm_sec=10, tm_wday=1, tm_yday=269, tm_isdst=-1)",2023-09-26,2023,9,269,26,54,17
