Timestamp_UTC,Latitude_ddeg,Longitude_ddeg,Elevation_m,GPS_Speed_m/s,GPS_Direction_deg,GPS_RMC_Valid_binary,Battery_Voltage_volts,Bus_Box_Temperature_degC,Bus_Top_Temperature_degC,Bus_Top_Relative_Humidity_%,ES642_PM2.5_Concentration_ug/m3,ES642_Air_Flow_Rate_L/min,ES642_Internal_Air_Temperature_degC,ES642_Internal_Relative_Humidity_%,ES642_Internal_Air_Pressure_hpa,ES642_Error_Code_code,2B_Ozone_Concentration_ppbv,2B_Air_Flow_Rate_L/min,2B_Internal_Air_Temperature_degC,2B_Internal_Air_Pressure_hpa,2B405_NO_Concentration_ppbv,2B405_NO2_Concentration_ppbv,2B405_NOX_Concentration_ppbv,2B405_Internal_Air_Temperature_degC,2B405_Internal_Air_Pressure_hpa,2B405_Air_Flow_Rate_L/min,2B405_Cell_O3_Flow_Rate_mL/min,PM2.5_Data_Flagged_binary,Ozone_Data_Flagged_binary,GPS_Data_Flagged_binary,Time_Tuple,Date,Year,Month,Day_of_Year,Day_of_Month,Minute,Hour,Transit_ID
2022-02-02 22:23:05,40.586494,-111.890877,1338.2,-9999.0,-9999.0,-9999.0,13.11,17.95,5.0,25.82,1.0,2.0,14.61,16.0,870.0,0.0,24.6,2.1,24.7,816.9,0.0,0.0,0.0,18.0,794.3,1.91,107.6,0.0,0,0,"time.struct_time(tm_year=2022, tm_mon=2, tm_mday=2, tm_hour=22, tm_min=23, tm_sec=5, tm_wday=2, tm_yday=33, tm_isdst=-1)",2022-02-02,2022,2,33,2,23,22,BUS01
2022-02-02 22:25:35,40.596581,-111.903038,1327.2,-9999.0,-9999.0,-9999.0,13.12,17.62,3.51,28.6,7.0,2.0,12.89,15.0,871.8,0.0,19.4,2.09,25.5,817.4,120.6,-17.6,103.0,18.0,795.6,1.9,109.2,0.0,0,0,"time.struct_time(tm_year=2022, tm_mon=2, tm_mday=2, tm_hour=22, tm_min=25, tm_sec=35, tm_wday=2, tm_yday=33, tm_isdst=-1)",2022-02-02,2022,2,33,2,25,22,BUS01
2022-02-02 22:28:05,40.631947,-111.90435,1331.6,-9999.0,-9999.0,-9999.0,13.15,16.69,1.99,33.65,7.0,2.0,10.72,15.0,871.6,0.0,21.2,2.1,26.0,817.8,70.1,8.1,78.2,18.0,796.6,1.89,108.1,0.0,0,0,"time.struct_time(tm_year=2022, tm_mon=2, tm_mday=2, tm_hour=22, tm_min=28, tm_sec=5, tm_wday=2, tm_yday=33, tm_isdst=-1)",2022-02-02,2022,2,33,2,28,22,BUS01
2022-02-02 22:30:35,40.668423,-111.901245,1308.2,-9999.0,-9999.0,-9999.0,13.18,15.73,1.11,37.01,5.0,2.0,9.0,15.0,873.9,0.0,18.8,2.1,26.5,819.6,81.8,2.4,84.2,18.0,798.8,1.89,108.4,0.0,0,0,"time.struct_time(tm_year=2022, tm_mon=2, tm_mday=2, tm_hour=22, tm_min=30, tm_sec=35, tm_wday=2, tm_yday=33, tm_isdst=-1)",2022-02-02,2022,2,33,2,30,22,BUS01
2022-02-02 22:33:05,40.699959,-111.902458,1295.0,-9999.0,-9999.0,-9999.0,13.2,14.83,0.81,36.61,3.0,2.0,7.72,15.0,876.1,0.0,21.1,2.09,26.7,822.9,35.5,-114.3,-78.8,18.0,801.5,1.89,109.3,0.0,0,0,"time.struct_time(tm_year=2022, tm_mon=2, tm_mday=2, tm_hour=22, tm_min=33, tm_sec=5, tm_wday=2, tm_yday=33, tm_isdst=-1)",2022-02-02,2022,2,33,2,33,22,BUS01
2022-02-02 22:35:35,40.693218,-111.911606,1299.1,-9999.0,-9999.0,-9999.0,13.2,14.32,0.44,37.9,2.0,2.0,7.11,15.0,875.9,0.0,27.2,2.08,26.9,822.6,22.8,56.2,79.0,18.0,801.1,1.9,108.9,0.0,0,0,"time.struct_time(tm_year=2022, tm_mon=2, tm_mday=2, tm_hour=22, tm_min=35, tm_sec=35, tm_wday=2, tm_yday=33, tm_isdst=-1)",2022-02-02,2022,2,33,2,35,22,BUS01
2022-02-02 22:38:05,40.69228,-111.913841,1298.5,-9999.0,-9999.0,-9999.0,13.23,14.09,0.58,38.24,2.0,2.0,6.78,15.0,876.0,0.0,29.7,2.09,27.0,823.2,4.7,-5.3,-0.6,17.9,801.3,1.9,107.3,0.0,0,0,"time.struct_time(tm_year=2022, tm_mon=2, tm_mday=2, tm_hour=22, tm_min=38, tm_sec=5, tm_wday=2, tm_yday=33, tm_isdst=-1)",2022-02-02,2022,2,33,2,38,22,BUS01
2022-02-02 22:40:35,40.69228,-111.913841,1298.0,-9999.0,-9999.0,-9999.0,13.23,13.85,0.48,36.75,1.0,2.0,6.5,14.0,876.0,0.0,32.9,2.09,27.1,823.0,4.3,6.5,10.8,17.9,801.3,1.9,107.5,0.0,0,0,"time.struct_time(tm_year=2022, tm_mon=2, tm_mday=2, tm_hour=22, tm_min=40, tm_sec=35, tm_wday=2, tm_yday=33, tm_isdst=-1)",2022-02-02,2022,2,33,2,40,22,BUS01
2022-02-02 22:43:05,40.69228,-111.913841,1297.8,-9999.0,-9999.0,-9999.0,13.22,13.64,1.16,36.75,1.0,2.0,6.5,15.0,875.9,0.0,31.4,2.09,27.0,823.4,0.3,4.7,5.0,17.8,801.3,1.9,107.4,0.0,0,0,"time.struct_time(tm_year=2022, tm_mon=2, tm_mday=2, tm_hour=22, tm_min=43, tm_sec=5, tm_wday=2, tm_yday=33, tm_isdst=-1)",2022-02-02,2022,2,33,2,43,22,BUS01
2022-02-02 22:45:35,40.692284,-111.913841,1297.4,-9999.0,-9999.0,-9999.0,13.24,13.42,1.67,36.21,1.0,2.0,6.5,15.0,875.9,0.0,32.8,2.08,27.0,822.4,5.3,1.2,6.5,17.8,801.4,1.9,107.4,0.0,0,0,"time.struct_time(tm_year=2022, tm_mon=2, tm_mday=2, tm_hour=22, tm_min=45, tm_sec=35, tm_wday=2, tm_yday=33, tm_isdst=-1)",2022-02-02,2022,2,33,2,45,22,BUS01
2022-02-02 22:48:05,40.692284,-111.913841,1297.2,-9999.0,-9999.0,-9999.0,13.25,13.21,2.05,34.96,1.0,2.0,6.5,15.0,875.9,0.0,32.3,2.1,26.9,822.7,5.4,-4.2,1.2,17.7,801.3,1.9,107.5,0.0,0,0,"time.struct_time(tm_year=2022, tm_mon=2, tm_mday=2, tm_hour=22, tm_min=48, tm_sec=5, tm_wday=2, tm_yday=33, tm_isdst=-1)",2022-02-02,2022,2,33,2,48,22,BUS01
2022-02-02 22:50:35,40.693302,-111.913559,1291.8,-9999.0,-9999.0,-9999.0,13.25,13.0,2.18,33.91,6.0,2.0,6.72,15.0,875.9,0.0,31.6,2.09,26.8,822.5,75.3,-43.3,32.0,17.7,801.5,1.9,107.5,0.0,0,0,"time.struct_time(tm_year=2022, tm_mon=2, tm_mday=2, tm_hour=22, tm_min=50, tm_sec=35, tm_wday=2, tm_yday=33, tm_isdst=-1)",2022-02-02,2022,2,33,2,50,22,BUS01
2022-02-02 22:53:05,40.699623,-111.911133,1292.5,-9999.0,-9999.0,-9999.0,13.26,12.74,1.91,34.79,6.0,2.0,6.72,15.0,876.5,0.0,32.4,2.1,26.7,823.0,34.9,-29.3,5.6,17.7,801.8,1.9,109.5,0.0,0,0,"time.struct_time(tm_year=2022, tm_mon=2, tm_mday=2, tm_hour=22, tm_min=53, tm_sec=5, tm_wday=2, tm_yday=33, tm_isdst=-1)",2022-02-02,2022,2,33,2,53,22,BUS01
2022-02-02 22:55:35,40.700264,-111.901848,1300.5,-9999.0,-9999.0,-9999.0,13.26,12.44,1.1,35.54,3.0,2.0,6.39,15.0,876.4,0.0,28.6,2.08,26.6,822.7,36.2,19.0,55.2,17.6,801.6,1.9,110.2,0.0,0,0,"time.struct_time(tm_year=2022, tm_mon=2, tm_mday=2, tm_hour=22, tm_min=55, tm_sec=35, tm_wday=2, tm_yday=33, tm_isdst=-1)",2022-02-02,2022,2,33,2,55,22,BUS01
2022-02-02 22:58:05,40.735409,-111.904572,1296.7,-9999.0,-9999.0,-9999.0,13.28,11.86,0.83,32.69,6.0,2.0,5.89,15.0,874.8,0.0,25.6,2.09,26.5,821.3,102.6,-40.0,62.6,17.5,799.6,1.91,119.0,0.0,0,0,"time.struct_time(tm_year=2022, tm_mon=2, tm_mday=2, tm_hour=22, tm_min=58, tm_sec=5, tm_wday=2, tm_yday=33, tm_isdst=-1)",2022-02-02,2022,2,33,2,58,22,BUS01
2022-02-02 23:00:35,40.756443,-111.899673,1296.3,-9999.0,-9999.0,-9999.0,13.3,11.18,0.05,33.71,8.0,2.0,5.28,14.0,876.8,0.0,23.9,2.09,26.3,823.3,-99.7,100.0,0.3,17.4,802.2,1.91,107.1,0.0,0,0,"time.struct_time(tm_year=2022, tm_mon=2, tm_mday=2, tm_hour=23, tm_min=0, tm_sec=35, tm_wday=2, tm_yday=33, tm_isdst=-1)",2022-02-02,2022,2,33,2,0,23,BUS01
2022-02-02 23:03:05,40.758167,-111.899734,1297.8,-9999.0,-9999.0,-9999.0,13.31,10.9,0.16,35.48,2.0,2.0,4.89,15.0,876.5,0.0,28.4,2.08,26.2,823.4,1.7,26.9,28.6,17.4,802.1,1.9,107.5,0.0,0,1,"time.struct_time(tm_year=2022, tm_mon=2, tm_mday=2, tm_hour=23, tm_min=3, tm_sec=5, tm_wday=2, tm_yday=33, tm_isdst=-1)",2022-02-02,2022,2,33,2,3,23,BUS01
2022-02-02 23:05:35,40.760517,-111.90538,1292.8,-9999.0,-9999.0,-9999.0,13.29,10.63,0.64,33.58,1.0,2.0,4.72,14.0,876.9,0.0,33.5,2.08,26.0,823.5,-3.3,20.6,17.3,17.3,802.5,1.9,106.8,0.0,0,1,"time.struct_time(tm_year=2022, tm_mon=2, tm_mday=2, tm_hour=23, tm_min=5, tm_sec=35, tm_wday=2, tm_yday=33, tm_isdst=-1)",2022-02-02,2022,2,33,2,5,23,BUS01
2022-02-02 23:08:05,40.765202,-111.908241,1296.6,-9999.0,-9999.0,-9999.0,13.32,10.36,0.5,34.67,7.0,2.0,4.5,15.0,876.9,0.0,28.9,2.07,25.8,823.7,9.5,-73.9,-64.4,17.2,802.2,1.91,108.1,0.0,0,1,"time.struct_time(tm_year=2022, tm_mon=2, tm_mday=2, tm_hour=23, tm_min=8, tm_sec=5, tm_wday=2, tm_yday=33, tm_isdst=-1)",2022-02-02,2022,2,33,2,8,23,BUS01
2022-02-02 23:10:35,40.765656,-111.909821,1292.1,-9999.0,-9999.0,-9999.0,13.32,10.13,0.3,35.21,3.0,2.0,4.39,15.0,877.0,0.0,29.8,2.06,25.6,823.8,1.5,4.5,6.0,17.1,802.4,1.91,108.0,0.0,0,1,"time.struct_time(tm_year=2022, tm_mon=2, tm_mday=2, tm_hour=23, tm_min=10, tm_sec=35, tm_wday=2, tm_yday=33, tm_isdst=-1)",2022-02-02,2022,2,33,2,10,23,BUS01
2022-02-02 23:14:15,40.765659,-111.909813,1292.1,-9999.0,-9999.0,-9999.0,13.32,9.91,-0.18,36.5,2.0,2.0,4.22,15.0,877.2,0.0,33.0,2.07,25.3,824.0,4.8,6.7,11.5,16.9,802.5,1.9,107.3,0.0,0,1,"time.struct_time(tm_year=2022, tm_mon=2, tm_mday=2, tm_hour=23, tm_min=14, tm_sec=15, tm_wday=2, tm_yday=33, tm_isdst=-1)",2022-02-02,2022,2,33,2,14,23,BUS01
2022-02-02 23:16:45,40.765663,-111.909805,1291.8,-9999.0,-9999.0,-9999.0,13.34,9.73,-0.31,37.28,2.0,2.0,4.11,15.0,877.3,0.0,22.3,2.07,25.1,824.1,-1.4,8.8,7.4,16.8,802.6,1.9,107.0,0.0,0,1,"time.struct_time(tm_year=2022, tm_mon=2, tm_mday=2, tm_hour=23, tm_min=16, tm_sec=45, tm_wday=2, tm_yday=33, tm_isdst=-1)",2022-02-02,2022,2,33,2,16,23,BUS01
2022-02-02 23:19:15,40.765667,-111.909798,1291.5,-9999.0,-9999.0,-9999.0,13.34,9.57,-0.18,37.92,2.0,2.0,4.11,16.0,877.2,0.0,31.0,2.06,25.0,824.1,7.8,2.1,9.9,16.8,802.6,1.9,107.0,0.0,0,1,"time.struct_time(tm_year=2022, tm_mon=2, tm_mday=2, tm_hour=23, tm_min=19, tm_sec=15, tm_wday=2, tm_yday=33, tm_isdst=-1)",2022-02-02,2022,2,33,2,19,23,BUS01
2022-02-02 23:21:45,40.765675,-111.909798,1291.2,-9999.0,-9999.0,-9999.0,13.34,9.44,-0.58,39.69,2.0,2.0,4.22,16.0,877.3,0.0,32.8,2.07,24.8,824.3,14.4,2.0,16.4,16.7,802.6,1.9,106.9,0.0,0,1,"time.struct_time(tm_year=2022, tm_mon=2, tm_mday=2, tm_hour=23, tm_min=21, tm_sec=45, tm_wday=2, tm_yday=33, tm_isdst=-1)",2022-02-02,2022,2,33,2,21,23,BUS01
2022-02-02 23:24:15,40.765678,-111.90979,1290.8,-9999.0,-9999.0,-9999.0,13.34,9.28,-0.85,41.05,3.0,2.0,4.28,16.0,877.2,0.0,25.8,2.06,24.6,824.3,5.1,4.6,9.7,16.6,802.7,1.9,107.0,0.0,0,1,"time.struct_time(tm_year=2022, tm_mon=2, tm_mday=2, tm_hour=23, tm_min=24, tm_sec=15, tm_wday=2, tm_yday=33, tm_isdst=-1)",2022-02-02,2022,2,33,2,24,23,BUS01
2022-02-02 23:26:45,40.765678,-111.909775,1290.3,-9999.0,-9999.0,-9999.0,13.35,9.15,-1.02,40.44,2.0,2.0,4.39,16.0,877.3,0.0,32.9,2.04,24.5,824.5,8.3,-3.2,5.1,16.5,802.7,1.9,107.2,0.0,0,1,"time.struct_time(tm_year=2022, tm_mon=2, tm_mday=2, tm_hour=23, tm_min=26, tm_sec=45, tm_wday=2, tm_yday=33, tm_isdst=-1)",2022-02-02,2022,2,33,2,26,23,BUS01
2022-02-02 23:29:15,40.765686,-111.90976,1290.0,-9999.0,-9999.0,-9999.0,13.35,9.01,-1.32,40.85,3.0,2.0,4.39,16.0,877.2,0.0,20.2,2.06,24.3,824.4,52.5,34.3,86.8,16.4,802.7,1.9,106.9,0.0,0,1,"time.struct_time(tm_year=2022, tm_mon=2, tm_mday=2, tm_hour=23, tm_min=29, tm_sec=15, tm_wday=2, tm_yday=33, tm_isdst=-1)",2022-02-02,2022,2,33,2,29,23,BUS01
2022-02-02 23:31:45,40.766117,-111.910141,1286.8,-9999.0,-9999.0,-9999.0,13.35,8.9,-1.32,42.21,4.0,2.0,4.39,17.0,877.5,0.0,30.7,2.06,24.2,824.5,15.8,-22.2,-6.4,16.3,802.9,1.9,106.6,0.0,0,1,"time.struct_time(tm_year=2022, tm_mon=2, tm_mday=2, tm_hour=23, tm_min=31, tm_sec=45, tm_wday=2, tm_yday=33, tm_isdst=-1)",2022-02-02,2022,2,33,2,31,23,BUS01
2022-02-02 23:34:15,40.765377,-111.909775,1289.3,-9999.0,-9999.0,-9999.0,13.34,8.77,-0.78,41.87,2.0,2.0,4.39,17.0,877.5,0.0,26.5,2.07,24.0,824.4,9.3,4.9,14.2,16.2,802.7,1.9,107.0,0.0,0,1,"time.struct_time(tm_year=2022, tm_mon=2, tm_mday=2, tm_hour=23, tm_min=34, tm_sec=15, tm_wday=2, tm_yday=33, tm_isdst=-1)",2022-02-02,2022,2,33,2,34,23,BUS01
2022-02-02 23:36:45,40.765488,-111.909485,1290.4,-9999.0,-9999.0,-9999.0,13.35,8.66,-0.1,39.36,2.0,2.0,4.39,17.0,877.3,0.0,32.9,2.05,23.9,824.4,8.5,-1.0,7.5,16.2,802.7,1.9,107.2,0.0,0,1,"time.struct_time(tm_year=2022, tm_mon=2, tm_mday=2, tm_hour=23, tm_min=36, tm_sec=45, tm_wday=2, tm_yday=33, tm_isdst=-1)",2022-02-02,2022,2,33,2,36,23,BUS01
2022-02-02 23:39:15,40.765484,-111.909485,1290.6,-9999.0,-9999.0,-9999.0,13.31,8.55,0.45,37.9,2.0,2.0,4.39,17.0,877.4,0.0,33.0,2.06,23.8,824.3,11.2,0.7,11.9,16.1,802.6,1.9,107.1,0.0,0,1,"time.struct_time(tm_year=2022, tm_mon=2, tm_mday=2, tm_hour=23, tm_min=39, tm_sec=15, tm_wday=2, tm_yday=33, tm_isdst=-1)",2022-02-02,2022,2,33,2,39,23,BUS01
2022-02-02 23:41:45,40.765484,-111.909477,1290.8,-9999.0,-9999.0,-9999.0,13.32,8.44,1.06,36.31,2.0,2.0,4.39,17.0,877.2,0.0,37.7,2.06,23.7,824.5,4.9,-6.0,-1.1,16.0,802.6,1.9,107.2,0.0,0,1,"time.struct_time(tm_year=2022, tm_mon=2, tm_mday=2, tm_hour=23, tm_min=41, tm_sec=45, tm_wday=2, tm_yday=33, tm_isdst=-1)",2022-02-02,2022,2,33,2,41,23,BUS01
2022-02-02 23:44:15,40.765476,-111.909477,1291.0,-9999.0,-9999.0,-9999.0,13.33,8.33,0.72,36.68,2.0,2.0,4.39,17.0,877.2,0.0,31.2,2.05,23.6,824.3,9.1,-0.3,8.8,15.9,802.6,1.9,107.0,0.0,0,1,"time.struct_time(tm_year=2022, tm_mon=2, tm_mday=2, tm_hour=23, tm_min=44, tm_sec=15, tm_wday=2, tm_yday=33, tm_isdst=-1)",2022-02-02,2022,2,33,2,44,23,BUS01
2022-02-02 23:46:45,40.765686,-111.909805,1294.2,-9999.0,-9999.0,-9999.0,13.34,8.23,0.99,36.72,3.0,2.0,4.39,17.0,877.3,0.0,30.4,2.05,23.5,824.5,8.5,5.5,14.0,15.9,802.7,1.9,106.6,0.0,0,1,"time.struct_time(tm_year=2022, tm_mon=2, tm_mday=2, tm_hour=23, tm_min=46, tm_sec=45, tm_wday=2, tm_yday=33, tm_isdst=-1)",2022-02-02,2022,2,33,2,46,23,BUS01
2022-02-02 23:49:15,40.765686,-111.909805,1294.2,-9999.0,-9999.0,-9999.0,13.33,8.17,0.72,37.22,2.0,2.0,4.39,18.0,877.5,0.0,27.6,2.05,23.4,824.5,7.1,1.9,9.0,15.8,802.6,1.9,107.2,0.0,0,1,"time.struct_time(tm_year=2022, tm_mon=2, tm_mday=2, tm_hour=23, tm_min=49, tm_sec=15, tm_wday=2, tm_yday=33, tm_isdst=-1)",2022-02-02,2022,2,33,2,49,23,BUS01
2022-02-02 23:51:45,40.765713,-111.909798,1293.6,-9999.0,-9999.0,-9999.0,13.35,8.1,0.04,37.8,2.0,2.0,4.39,18.0,877.4,0.0,32.0,2.05,23.3,824.5,0.1,-1.4,-1.3,15.7,802.6,1.9,107.1,0.0,0,1,"time.struct_time(tm_year=2022, tm_mon=2, tm_mday=2, tm_hour=23, tm_min=51, tm_sec=45, tm_wday=2, tm_yday=33, tm_isdst=-1)",2022-02-02,2022,2,33,2,51,23,BUS01
2022-02-02 23:56:20,40.765648,-111.909752,1289.7,-9999.0,-9999.0,-9999.0,13.35,8.02,-0.06,39.6,3.0,2.0,4.39,18.0,877.2,0.0,31.3,2.05,23.2,824.4,0.2,5.1,5.3,15.6,802.4,1.91,108.3,0.0,0,1,"time.struct_time(tm_year=2022, tm_mon=2, tm_mday=2, tm_hour=23, tm_min=56, tm_sec=20, tm_wday=2, tm_yday=33, tm_isdst=-1)",2022-02-02,2022,2,33,2,56,23,BUS01
2022-02-02 23:58:50,40.765656,-111.909744,1288.8,-9999.0,-9999.0,-9999.0,13.35,7.97,-0.03,39.6,3.0,2.0,4.5,18.0,877.2,0.0,29.5,2.04,23.1,824.5,1.0,4.2,5.2,15.5,802.4,1.91,108.3,0.0,0,1,"time.struct_time(tm_year=2022, tm_mon=2, tm_mday=2, tm_hour=23, tm_min=58, tm_sec=50, tm_wday=2, tm_yday=33, tm_isdst=-1)",2022-02-02,2022,2,33,2,58,23,BUS01
2022-02-03 00:01:20,40.765652,-111.909737,1289.4,-9999.0,-9999.0,-9999.0,13.35,7.93,0.14,39.46,2.0,2.0,4.5,18.0,877.1,0.0,25.5,2.05,23.1,824.4,5.9,7.6,13.5,15.5,802.4,1.91,108.3,0.0,0,1,"time.struct_time(tm_year=2022, tm_mon=2, tm_mday=3, tm_hour=0, tm_min=1, tm_sec=20, tm_wday=3, tm_yday=34, tm_isdst=-1)",2022-02-03,2022,2,34,3,1,0,BUS01
2022-02-03 00:03:50,40.765663,-111.909737,1288.2,-9999.0,-9999.0,-9999.0,13.35,7.93,0.72,38.28,4.0,2.0,4.39,18.0,877.2,0.0,17.6,2.05,23.0,824.4,26.7,21.9,48.6,15.4,802.5,1.91,108.4,0.0,0,1,"time.struct_time(tm_year=2022, tm_mon=2, tm_mday=3, tm_hour=0, tm_min=3, tm_sec=50, tm_wday=3, tm_yday=34, tm_isdst=-1)",2022-02-03,2022,2,34,3,3,0,BUS01
2022-02-03 00:06:20,40.765675,-111.909729,1287.2,-9999.0,-9999.0,-9999.0,13.35,7.88,1.09,36.78,2.0,2.0,4.5,18.0,877.3,0.0,27.3,2.05,23.0,824.4,5.5,7.6,13.1,15.4,802.4,1.91,108.3,0.0,0,1,"time.struct_time(tm_year=2022, tm_mon=2, tm_mday=3, tm_hour=0, tm_min=6, tm_sec=20, tm_wday=3, tm_yday=34, tm_isdst=-1)",2022-02-03,2022,2,34,3,6,0,BUS01
2022-02-03 00:08:50,40.765678,-111.909729,1286.7,-9999.0,-9999.0,-9999.0,13.35,7.88,1.19,36.38,3.0,2.0,4.5,18.0,877.2,0.0,21.0,2.06,23.0,824.3,10.3,15.5,25.8,15.3,802.4,1.91,108.3,0.0,0,1,"time.struct_time(tm_year=2022, tm_mon=2, tm_mday=3, tm_hour=0, tm_min=8, tm_sec=50, tm_wday=3, tm_yday=34, tm_isdst=-1)",2022-02-03,2022,2,34,3,8,0,BUS01
2022-02-03 00:11:20,40.765697,-111.909737,1286.7,-9999.0,-9999.0,-9999.0,13.35,7.86,1.33,36.04,2.0,2.0,4.5,18.0,877.3,0.0,23.4,2.06,22.9,824.4,11.3,7.4,18.7,15.2,802.6,1.91,108.1,0.0,0,1,"time.struct_time(tm_year=2022, tm_mon=2, tm_mday=3, tm_hour=0, tm_min=11, tm_sec=20, tm_wday=3, tm_yday=34, tm_isdst=-1)",2022-02-03,2022,2,34,3,11,0,BUS01
2022-02-03 00:14:55,40.766193,-111.909309,1281.4,-9999.0,-9999.0,-9999.0,13.35,7.84,0.79,37.12,2.0,2.0,4.5,19.0,877.3,0.0,31.2,2.05,22.9,824.3,42.5,6.5,49.0,15.2,802.4,1.96,108.0,0.0,0,1,"time.struct_time(tm_year=2022, tm_mon=2, tm_mday=3, tm_hour=0, tm_min=14, tm_sec=55, tm_wday=3, tm_yday=34, tm_isdst=-1)",2022-02-03,2022,2,34,3,14,0,BUS01
2022-02-03 00:17:25,40.766499,-111.909119,1282.6,-9999.0,-9999.0,-9999.0,13.31,7.82,0.65,37.53,2.0,2.0,4.39,19.0,877.3,0.0,30.1,2.04,22.9,824.5,-3.2,2.8,-0.4,15.1,802.6,1.96,107.8,0.0,0,1,"time.struct_time(tm_year=2022, tm_mon=2, tm_mday=3, tm_hour=0, tm_min=17, tm_sec=25, tm_wday=3, tm_yday=34, tm_isdst=-1)",2022-02-03,2022,2,34,3,17,0,BUS01
2022-02-03 00:19:55,40.766499,-111.909119,1282.9,-9999.0,-9999.0,-9999.0,13.35,7.77,0.62,37.73,2.0,2.0,4.11,19.0,877.4,0.0,24.9,2.04,22.9,824.6,1.6,7.0,8.6,15.1,802.7,1.96,107.8,0.0,0,1,"time.struct_time(tm_year=2022, tm_mon=2, tm_mday=3, tm_hour=0, tm_min=19, tm_sec=55, tm_wday=3, tm_yday=34, tm_isdst=-1)",2022-02-03,2022,2,34,3,19,0,BUS01
2022-02-03 00:22:25,40.766495,-111.909119,1283.7,-9999.0,-9999.0,-9999.0,13.35,7.73,0.45,36.04,1.0,2.0,3.78,18.0,877.6,0.0,31.7,2.05,22.9,824.7,-1.1,3.4,2.3,15.0,802.6,1.96,107.8,0.0,0,1,"time.struct_time(tm_year=2022, tm_mon=2, tm_mday=3, tm_hour=0, tm_min=22, tm_sec=25, tm_wday=3, tm_yday=34, tm_isdst=-1)",2022-02-03,2022,2,34,3,22,0,BUS01
2022-02-03 00:24:55,40.766499,-111.909111,1284.1,-9999.0,-9999.0,-9999.0,13.33,7.64,0.04,36.07,1.0,2.0,3.5,18.0,877.5,0.0,33.6,2.06,22.8,824.8,8.7,1.8,10.5,15.0,802.7,1.96,107.8,0.0,0,1,"time.struct_time(tm_year=2022, tm_mon=2, tm_mday=3, tm_hour=0, tm_min=24, tm_sec=55, tm_wday=3, tm_yday=34, tm_isdst=-1)",2022-02-03,2022,2,34,3,24,0,BUS01
2022-02-03 00:27:25,40.766495,-111.909103,1284.6,-9999.0,-9999.0,-9999.0,13.34,7.55,-0.16,36.85,2.0,2.0,3.28,18.0,877.6,0.0,35.7,2.05,22.8,824.8,3.4,1.3,4.7,15.0,802.8,1.96,107.5,0.0,0,1,"time.struct_time(tm_year=2022, tm_mon=2, tm_mday=3, tm_hour=0, tm_min=27, tm_sec=25, tm_wday=3, tm_yday=34, tm_isdst=-1)",2022-02-03,2022,2,34,3,27,0,BUS01
2022-02-03 00:29:55,40.766491,-111.909103,1285.1,-9999.0,-9999.0,-9999.0,13.35,7.46,-0.1,36.58,2.0,2.0,3.0,18.0,877.5,0.0,31.6,2.05,22.8,824.7,9.8,-3.0,6.8,14.9,802.8,1.96,107.6,0.0,0,1,"time.struct_time(tm_year=2022, tm_mon=2, tm_mday=3, tm_hour=0, tm_min=29, tm_sec=55, tm_wday=3, tm_yday=34, tm_isdst=-1)",2022-02-03,2022,2,34,3,29,0,BUS01
2022-02-03 00:32:25,40.765697,-111.909782,1292.9,-9999.0,-9999.0,-9999.0,13.36,7.36,-0.03,36.65,3.0,2.0,2.78,18.0,877.7,0.0,33.2,2.05,22.7,824.9,8.0,4.3,12.3,14.9,802.8,1.96,107.8,0.0,0,1,"time.struct_time(tm_year=2022, tm_mon=2, tm_mday=3, tm_hour=0, tm_min=32, tm_sec=25, tm_wday=3, tm_yday=34, tm_isdst=-1)",2022-02-03,2022,2,34,3,32,0,BUS01
2022-02-03 00:34:55,40.765697,-111.909782,1292.9,-9999.0,-9999.0,-9999.0,13.36,7.27,-0.47,37.33,2.0,2.0,2.72,18.0,877.5,0.0,36.4,2.06,22.6,824.9,5.5,8.3,13.8,14.8,803.0,1.96,107.5,0.0,0,1,"time.struct_time(tm_year=2022, tm_mon=2, tm_mday=3, tm_hour=0, tm_min=34, tm_sec=55, tm_wday=3, tm_yday=34, tm_isdst=-1)",2022-02-03,2022,2,34,3,34,0,BUS01
2022-02-03 00:37:25,40.765694,-111.909782,1292.7,-9999.0,-9999.0,-9999.0,13.37,7.2,-0.97,38.28,2.0,2.0,2.72,18.0,877.6,0.0,28.2,2.05,22.6,824.9,0.6,4.3,4.9,14.7,803.0,1.96,107.5,0.0,0,1,"time.struct_time(tm_year=2022, tm_mon=2, tm_mday=3, tm_hour=0, tm_min=37, tm_sec=25, tm_wday=3, tm_yday=34, tm_isdst=-1)",2022-02-03,2022,2,34,3,37,0,BUS01
2022-02-03 00:39:55,40.765697,-111.909775,1292.4,-9999.0,-9999.0,-9999.0,13.37,7.14,-1.04,38.89,4.0,2.0,2.72,18.0,877.4,0.0,12.9,2.06,22.5,825.1,14.4,18.3,32.7,14.7,803.0,1.96,107.6,0.0,0,1,"time.struct_time(tm_year=2022, tm_mon=2, tm_mday=3, tm_hour=0, tm_min=39, tm_sec=55, tm_wday=3, tm_yday=34, tm_isdst=-1)",2022-02-03,2022,2,34,3,39,0,BUS01
2022-02-03 00:42:25,40.765701,-111.909767,1290.7,-9999.0,-9999.0,-9999.0,13.34,7.09,-1.08,39.02,3.0,2.0,2.72,18.0,877.7,0.0,27.8,2.05,22.5,824.8,9.6,15.6,25.2,14.6,802.9,1.96,107.7,0.0,0,1,"time.struct_time(tm_year=2022, tm_mon=2, tm_mday=3, tm_hour=0, tm_min=42, tm_sec=25, tm_wday=3, tm_yday=34, tm_isdst=-1)",2022-02-03,2022,2,34,3,42,0,BUS01
2022-02-03 00:46:00,40.765717,-111.909767,1288.5,-9999.0,-9999.0,-9999.0,13.38,7.03,-1.18,38.79,3.0,2.0,2.78,18.0,877.6,0.0,31.8,2.06,22.4,824.9,1.7,0.0,1.7,14.5,802.9,1.9,107.3,0.0,0,1,"time.struct_time(tm_year=2022, tm_mon=2, tm_mday=3, tm_hour=0, tm_min=46, tm_sec=0, tm_wday=3, tm_yday=34, tm_isdst=-1)",2022-02-03,2022,2,34,3,46,0,BUS01
2022-02-03 00:48:30,40.765713,-111.909744,1287.9,-9999.0,-9999.0,-9999.0,13.38,7.01,-1.25,39.36,3.0,2.0,2.89,18.0,877.5,0.0,28.2,2.05,22.3,824.9,4.5,8.2,12.7,14.5,802.9,1.9,107.1,0.0,0,1,"time.struct_time(tm_year=2022, tm_mon=2, tm_mday=3, tm_hour=0, tm_min=48, tm_sec=30, tm_wday=3, tm_yday=34, tm_isdst=-1)",2022-02-03,2022,2,34,3,48,0,BUS01
2022-02-03 00:51:00,40.765724,-111.909744,1287.5,-9999.0,-9999.0,-9999.0,13.37,6.98,-1.25,39.33,2.0,2.0,2.89,18.0,877.5,0.0,36.7,2.05,22.3,824.8,1.5,-0.1,1.4,14.4,802.9,1.9,107.0,0.0,0,1,"time.struct_time(tm_year=2022, tm_mon=2, tm_mday=3, tm_hour=0, tm_min=51, tm_sec=0, tm_wday=3, tm_yday=34, tm_isdst=-1)",2022-02-03,2022,2,34,3,51,0,BUS01
2022-02-03 00:53:30,40.76572,-111.909752,1286.5,-9999.0,-9999.0,-9999.0,13.39,6.94,-1.52,39.91,2.0,2.0,3.0,18.0,877.8,0.0,30.3,2.05,22.2,824.8,6.6,7.1,13.7,14.4,802.9,1.9,107.2,0.0,0,1,"time.struct_time(tm_year=2022, tm_mon=2, tm_mday=3, tm_hour=0, tm_min=53, tm_sec=30, tm_wday=3, tm_yday=34, tm_isdst=-1)",2022-02-03,2022,2,34,3,53,0,BUS01
2022-02-03 00:56:00,40.765717,-111.90976,1286.0,-9999.0,-9999.0,-9999.0,13.39,6.92,-1.52,40.32,2.0,2.0,3.11,18.0,877.8,0.0,28.3,2.05,22.2,825.0,-0.4,5.7,5.3,14.3,802.9,1.9,107.2,0.0,0,1,"time.struct_time(tm_year=2022, tm_mon=2, tm_mday=3, tm_hour=0, tm_min=56, tm_sec=0, tm_wday=3, tm_yday=34, tm_isdst=-1)",2022-02-03,2022,2,34,3,56,0,BUS01
2022-02-03 00:58:30,40.765717,-111.909752,1285.8,-9999.0,-9999.0,-9999.0,13.38,6.9,-1.38,40.32,2.0,2.0,3.11,19.0,877.7,0.0,25.9,2.04,22.2,824.8,2.4,5.5,7.9,14.3,802.9,1.9,107.0,0.0,0,1,"time.struct_time(tm_year=2022, tm_mon=2, tm_mday=3, tm_hour=0, tm_min=58, tm_sec=30, tm_wday=3, tm_yday=34, tm_isdst=-1)",2022-02-03,2022,2,34,3,58,0,BUS01
2022-02-03 01:01:00,40.765709,-111.90976,1285.2,-9999.0,-9999.0,-9999.0,13.39,6.88,-1.11,39.5,2.0,2.0,3.11,19.0,877.6,0.0,1.9,2.06,22.1,824.9,10.9,10.3,21.2,14.2,802.9,1.9,106.9,0.0,0,1,"time.struct_time(tm_year=2022, tm_mon=2, tm_mday=3, tm_hour=1, tm_min=1, tm_sec=0, tm_wday=3, tm_yday=34, tm_isdst=-1)",2022-02-03,2022,2,34,3,1,1,BUS01
2022-02-03 01:04:35,40.765732,-111.909752,1283.8,-9999.0,-9999.0,-9999.0,13.39,6.85,-0.77,38.76,4.0,2.0,3.11,19.0,877.6,0.0,-0.6,2.05,22.1,825.1,249.4,49.7,299.1,14.2,802.8,1.91,108.0,0.0,0,1,"time.struct_time(tm_year=2022, tm_mon=2, tm_mday=3, tm_hour=1, tm_min=4, tm_sec=35, tm_wday=3, tm_yday=34, tm_isdst=-1)",2022-02-03,2022,2,34,3,4,1,BUS01
2022-02-03 01:07:05,40.765739,-111.909752,1283.2,-9999.0,-9999.0,-9999.0,13.39,6.85,-0.63,37.94,2.0,2.0,3.22,19.0,877.6,0.0,11.1,2.04,22.1,824.9,97.5,27.9,125.4,14.1,802.9,1.91,108.1,0.0,0,1,"time.struct_time(tm_year=2022, tm_mon=2, tm_mday=3, tm_hour=1, tm_min=7, tm_sec=5, tm_wday=3, tm_yday=34, tm_isdst=-1)",2022-02-03,2022,2,34,3,7,1,BUS01
2022-02-03 01:09:35,40.765743,-111.909744,1281.8,-9999.0,-9999.0,-9999.0,13.39,6.85,-0.53,37.88,3.0,2.0,3.22,19.0,877.7,0.0,18.5,2.06,22.1,825.1,54.8,20.1,74.9,14.1,802.9,1.9,108.1,0.0,0,1,"time.struct_time(tm_year=2022, tm_mon=2, tm_mday=3, tm_hour=1, tm_min=9, tm_sec=35, tm_wday=3, tm_yday=34, tm_isdst=-1)",2022-02-03,2022,2,34,3,9,1,BUS01
2022-02-03 01:12:05,40.765602,-111.909393,1286.5,-9999.0,-9999.0,-9999.0,13.38,6.83,-0.63,37.94,3.0,2.0,3.22,19.0,877.5,0.0,21.5,2.05,22.1,824.9,18.5,42.0,60.5,14.1,802.8,1.9,108.3,0.0,0,1,"time.struct_time(tm_year=2022, tm_mon=2, tm_mday=3, tm_hour=1, tm_min=12, tm_sec=5, tm_wday=3, tm_yday=34, tm_isdst=-1)",2022-02-03,2022,2,34,3,12,1,BUS01
2022-02-03 01:14:35,40.765686,-111.90963,1284.1,-9999.0,-9999.0,-9999.0,13.38,6.83,-0.63,38.62,7.0,2.0,3.22,19.0,877.8,0.0,1.8,2.04,22.1,825.2,396.4,53.0,449.4,14.0,803.1,1.9,107.8,0.0,0,1,"time.struct_time(tm_year=2022, tm_mon=2, tm_mday=3, tm_hour=1, tm_min=14, tm_sec=35, tm_wday=3, tm_yday=34, tm_isdst=-1)",2022-02-03,2022,2,34,3,14,1,BUS01
2022-02-03 01:18:10,40.765697,-111.90966,1284.0,-9999.0,-9999.0,-9999.0,13.38,6.83,-0.49,38.9,6.0,2.0,3.22,19.0,877.6,0.0,7.5,2.05,22.1,825.1,72.1,38.0,110.1,14.0,803.0,1.96,107.6,0.0,0,1,"time.struct_time(tm_year=2022, tm_mon=2, tm_mday=3, tm_hour=1, tm_min=18, tm_sec=10, tm_wday=3, tm_yday=34, tm_isdst=-1)",2022-02-03,2022,2,34,3,18,1,BUS01
2022-02-03 01:20:40,40.765675,-111.909729,1284.1,-9999.0,-9999.0,-9999.0,13.38,6.83,-0.29,38.49,14.0,2.0,3.22,19.0,877.7,0.0,5.7,2.06,22.1,825.0,54.3,31.8,86.1,13.9,803.2,1.96,107.4,0.0,0,1,"time.struct_time(tm_year=2022, tm_mon=2, tm_mday=3, tm_hour=1, tm_min=20, tm_sec=40, tm_wday=3, tm_yday=34, tm_isdst=-1)",2022-02-03,2022,2,34,3,20,1,BUS01
2022-02-03 01:23:10,40.765678,-111.909714,1283.9,-9999.0,-9999.0,-9999.0,13.34,6.83,-0.22,38.35,5.0,2.0,3.22,19.0,877.6,0.0,-0.2,2.04,22.1,824.9,76.5,36.5,113.0,13.9,803.0,1.96,107.4,0.0,0,1,"time.struct_time(tm_year=2022, tm_mon=2, tm_mday=3, tm_hour=1, tm_min=23, tm_sec=10, tm_wday=3, tm_yday=34, tm_isdst=-1)",2022-02-03,2022,2,34,3,23,1,BUS01
2022-02-03 01:25:40,40.765694,-111.909714,1283.8,-9999.0,-9999.0,-9999.0,13.38,6.85,-0.29,38.29,4.0,2.0,3.28,19.0,877.6,0.0,5.6,2.05,22.1,825.0,50.2,34.9,85.1,13.9,803.1,1.96,107.6,0.0,0,1,"time.struct_time(tm_year=2022, tm_mon=2, tm_mday=3, tm_hour=1, tm_min=25, tm_sec=40, tm_wday=3, tm_yday=34, tm_isdst=-1)",2022-02-03,2022,2,34,3,25,1,BUS01
2022-02-03 01:28:10,40.765705,-111.909714,1282.5,-9999.0,-9999.0,-9999.0,13.38,6.85,-0.49,38.35,4.0,2.0,3.39,19.0,877.9,0.0,5.1,2.05,22.1,825.0,44.4,31.2,75.6,13.8,803.1,1.96,107.5,0.0,0,1,"time.struct_time(tm_year=2022, tm_mon=2, tm_mday=3, tm_hour=1, tm_min=28, tm_sec=10, tm_wday=3, tm_yday=34, tm_isdst=-1)",2022-02-03,2022,2,34,3,28,1,BUS01
2022-02-03 01:30:40,40.765705,-111.909698,1281.5,-9999.0,-9999.0,-9999.0,13.38,6.85,-0.56,38.42,3.0,2.0,3.39,19.0,877.9,0.0,11.3,2.05,22.1,825.0,32.1,30.5,62.6,13.8,803.1,1.96,107.4,0.0,0,1,"time.struct_time(tm_year=2022, tm_mon=2, tm_mday=3, tm_hour=1, tm_min=30, tm_sec=40, tm_wday=3, tm_yday=34, tm_isdst=-1)",2022-02-03,2022,2,34,3,30,1,BUS01
2022-02-03 01:33:10,40.765709,-111.909698,1282.1,-9999.0,-9999.0,-9999.0,13.34,6.85,-0.63,38.42,3.0,2.0,3.5,19.0,877.5,0.0,14.2,2.04,22.1,824.9,18.8,20.4,39.2,13.8,803.1,1.96,107.5,0.0,0,1,"time.struct_time(tm_year=2022, tm_mon=2, tm_mday=3, tm_hour=1, tm_min=33, tm_sec=10, tm_wday=3, tm_yday=34, tm_isdst=-1)",2022-02-03,2022,2,34,3,33,1,BUS01
2022-02-03 01:35:40,40.765724,-111.909698,1280.9,-9999.0,-9999.0,-9999.0,13.38,6.88,-0.49,38.35,5.0,2.0,3.5,19.0,877.7,0.0,12.1,2.04,22.1,825.0,38.6,33.5,72.1,13.8,803.1,1.96,107.4,0.0,0,1,"time.struct_time(tm_year=2022, tm_mon=2, tm_mday=3, tm_hour=1, tm_min=35, tm_sec=40, tm_wday=3, tm_yday=34, tm_isdst=-1)",2022-02-03,2022,2,34,3,35,1,BUS01
2022-02-03 01:38:10,40.765728,-111.909691,1280.5,-9999.0,-9999.0,-9999.0,13.34,6.88,-0.42,38.39,5.0,2.0,3.5,19.0,877.9,0.0,8.9,2.04,22.1,825.0,32.7,34.8,67.5,13.7,803.1,1.96,107.5,0.0,0,1,"time.struct_time(tm_year=2022, tm_mon=2, tm_mday=3, tm_hour=1, tm_min=38, tm_sec=10, tm_wday=3, tm_yday=34, tm_isdst=-1)",2022-02-03,2022,2,34,3,38,1,BUS01
2022-02-03 01:40:40,40.765728,-111.909683,1279.9,-9999.0,-9999.0,-9999.0,13.34,6.88,-0.36,37.95,3.0,2.0,3.5,19.0,878.0,0.0,13.4,2.05,22.2,825.1,9.5,18.4,27.9,13.7,803.2,1.96,107.4,0.0,0,1,"time.struct_time(tm_year=2022, tm_mon=2, tm_mday=3, tm_hour=1, tm_min=40, tm_sec=40, tm_wday=3, tm_yday=34, tm_isdst=-1)",2022-02-03,2022,2,34,3,40,1,BUS01
2022-02-03 01:43:10,40.765732,-111.909676,1279.9,-9999.0,-9999.0,-9999.0,13.37,6.9,-0.59,38.49,3.0,2.0,3.5,19.0,877.8,0.0,8.0,2.04,22.2,825.1,15.5,24.9,40.4,13.7,803.1,1.96,107.6,0.0,0,1,"time.struct_time(tm_year=2022, tm_mon=2, tm_mday=3, tm_hour=1, tm_min=43, tm_sec=10, tm_wday=3, tm_yday=34, tm_isdst=-1)",2022-02-03,2022,2,34,3,43,1,BUS01
2022-02-03 01:45:40,40.765739,-111.909676,1280.2,-9999.0,-9999.0,-9999.0,13.38,6.9,-0.63,38.76,3.0,2.0,3.5,19.0,877.9,0.0,9.7,2.05,22.2,825.2,12.4,27.9,40.3,13.7,803.3,1.96,107.1,0.0,0,1,"time.struct_time(tm_year=2022, tm_mon=2, tm_mday=3, tm_hour=1, tm_min=45, tm_sec=40, tm_wday=3, tm_yday=34, tm_isdst=-1)",2022-02-03,2022,2,34,3,45,1,BUS01
2022-02-03 01:48:10,40.765732,-111.909676,1280.9,-9999.0,-9999.0,-9999.0,13.37,6.9,-0.8,38.97,2.0,2.0,3.61,19.0,877.8,0.0,16.2,2.05,22.2,825.1,3.6,18.9,22.5,13.7,803.2,1.96,107.3,0.0,0,1,"time.struct_time(tm_year=2022, tm_mon=2, tm_mday=3, tm_hour=1, tm_min=48, tm_sec=10, tm_wday=3, tm_yday=34, tm_isdst=-1)",2022-02-03,2022,2,34,3,48,1,BUS01
2022-02-03 01:50:40,40.765732,-111.909668,1281.5,-9999.0,-9999.0,-9999.0,13.37,6.92,-0.77,39.3,3.0,2.0,3.61,19.0,878.1,0.0,15.9,2.04,22.2,825.1,10.9,23.9,34.8,13.6,803.1,1.96,107.7,0.0,0,1,"time.struct_time(tm_year=2022, tm_mon=2, tm_mday=3, tm_hour=1, tm_min=50, tm_sec=40, tm_wday=3, tm_yday=34, tm_isdst=-1)",2022-02-03,2022,2,34,3,50,1,BUS01
2022-02-03 01:53:10,40.765732,-111.90966,1281.7,-9999.0,-9999.0,-9999.0,13.37,6.92,-0.9,39.91,3.0,2.0,3.5,19.0,877.9,0.0,8.5,2.04,22.2,825.2,7.1,14.7,21.8,13.6,803.3,1.96,107.6,0.0,0,1,"time.struct_time(tm_year=2022, tm_mon=2, tm_mday=3, tm_hour=1, tm_min=53, tm_sec=10, tm_wday=3, tm_yday=34, tm_isdst=-1)",2022-02-03,2022,2,34,3,53,1,BUS01
2022-02-03 01:55:40,40.765739,-111.90966,1282.0,-9999.0,-9999.0,-9999.0,13.34,6.92,-0.97,40.05,5.0,2.0,3.61,19.0,878.1,0.0,12.8,2.04,22.3,825.3,4.8,13.8,18.6,13.6,803.3,1.96,107.6,0.0,0,1,"time.struct_time(tm_year=2022, tm_mon=2, tm_mday=3, tm_hour=1, tm_min=55, tm_sec=40, tm_wday=3, tm_yday=34, tm_isdst=-1)",2022-02-03,2022,2,34,3,55,1,BUS01
2022-02-03 01:58:10,40.765732,-111.90966,1281.3,-9999.0,-9999.0,-9999.0,13.37,6.94,-0.9,39.91,3.0,2.0,3.61,19.0,878.0,0.0,19.6,2.05,22.3,825.3,8.1,17.4,25.5,13.6,803.2,1.96,107.6,0.0,0,1,"time.struct_time(tm_year=2022, tm_mon=2, tm_mday=3, tm_hour=1, tm_min=58, tm_sec=10, tm_wday=3, tm_yday=34, tm_isdst=-1)",2022-02-03,2022,2,34,3,58,1,BUS01
2022-02-03 02:00:40,40.765007,-111.910141,1284.3,-9999.0,-9999.0,-9999.0,13.34,6.94,-1.0,40.12,9.0,2.0,3.61,19.0,878.0,0.0,13.0,2.05,22.3,825.2,154.9,-65.7,89.2,13.6,803.3,1.96,107.8,0.0,0,1,"time.struct_time(tm_year=2022, tm_mon=2, tm_mday=3, tm_hour=2, tm_min=0, tm_sec=40, tm_wday=3, tm_yday=34, tm_isdst=-1)",2022-02-03,2022,2,34,3,0,2,BUS01
2022-02-03 02:03:10,40.764954,-111.916428,1290.8,-9999.0,-9999.0,-9999.0,13.37,6.9,-1.37,41.61,4.0,2.0,3.22,20.0,878.4,0.0,18.1,2.04,22.3,825.5,2.9,14.3,17.2,13.6,803.6,1.96,107.4,0.0,0,1,"time.struct_time(tm_year=2022, tm_mon=2, tm_mday=3, tm_hour=2, tm_min=3, tm_sec=10, tm_wday=3, tm_yday=34, tm_isdst=-1)",2022-02-03,2022,2,34,3,3,2,BUS01
2022-02-03 02:05:40,40.760597,-111.91555,1290.2,-9999.0,-9999.0,-9999.0,13.37,6.83,-1.68,42.29,6.0,2.0,3.0,20.0,878.1,0.0,19.9,2.05,22.3,825.6,14.2,136.3,150.5,13.6,803.3,1.96,107.1,0.0,0,1,"time.struct_time(tm_year=2022, tm_mon=2, tm_mday=3, tm_hour=2, tm_min=5, tm_sec=40, tm_wday=3, tm_yday=34, tm_isdst=-1)",2022-02-03,2022,2,34,3,5,2,BUS01
2022-02-03 02:08:10,40.760277,-111.909866,1303.0,-9999.0,-9999.0,-9999.0,13.38,6.74,0.19,42.9,4.0,2.0,2.61,20.0,878.0,0.0,4.2,2.04,22.3,825.3,182.3,42.9,225.2,13.5,803.3,1.96,107.4,0.0,0,1,"time.struct_time(tm_year=2022, tm_mon=2, tm_mday=3, tm_hour=2, tm_min=8, tm_sec=10, tm_wday=3, tm_yday=34, tm_isdst=-1)",2022-02-03,2022,2,34,3,8,2,BUS01
2022-02-03 02:10:40,40.760326,-111.90992,1302.3,-9999.0,-9999.0,-9999.0,13.37,6.74,7.52,23.83,4.0,2.0,2.89,20.0,878.0,0.0,-0.5,2.04,22.3,825.4,143.7,43.1,186.8,13.5,803.3,1.96,107.7,0.0,0,1,"time.struct_time(tm_year=2022, tm_mon=2, tm_mday=3, tm_hour=2, tm_min=10, tm_sec=40, tm_wday=3, tm_yday=34, tm_isdst=-1)",2022-02-03,2022,2,34,3,10,2,BUS01
2022-02-03 02:13:10,40.760239,-111.90995,1299.7,-9999.0,-9999.0,-9999.0,13.37,6.85,11.25,18.53,4.0,2.0,4.0,21.0,878.2,0.0,1.2,2.04,22.3,825.2,112.0,42.9,154.9,13.5,803.2,1.96,107.3,0.0,0,1,"time.struct_time(tm_year=2022, tm_mon=2, tm_mday=3, tm_hour=2, tm_min=13, tm_sec=10, tm_wday=3, tm_yday=34, tm_isdst=-1)",2022-02-03,2022,2,34,3,13,2,BUS01
2022-02-03 02:15:40,40.760406,-111.910454,1294.2,-9999.0,-9999.0,-9999.0,13.32,7.07,12.74,15.65,4.0,2.0,5.11,21.0,878.0,0.0,18.8,2.05,22.3,825.3,190.0,-14.2,175.8,13.5,803.3,1.96,106.9,0.0,0,1,"time.struct_time(tm_year=2022, tm_mon=2, tm_mday=3, tm_hour=2, tm_min=15, tm_sec=40, tm_wday=3, tm_yday=34, tm_isdst=-1)",2022-02-03,2022,2,34,3,15,2,BUS01
2022-02-03 02:19:15,40.763111,-111.905128,1300.2,-9999.0,-9999.0,-9999.0,13.33,7.38,2.56,30.75,3.0,2.0,5.28,20.0,877.7,0.0,28.9,2.05,22.4,824.7,-3.4,-367.7,-371.1,13.5,802.3,1.9,111.0,0.0,0,1,"time.struct_time(tm_year=2022, tm_mon=2, tm_mday=3, tm_hour=2, tm_min=19, tm_sec=15, tm_wday=3, tm_yday=34, tm_isdst=-1)",2022-02-03,2022,2,34,3,19,2,BUS01
2022-02-03 02:21:45,40.765846,-111.909744,1285.3,-9999.0,-9999.0,-9999.0,13.34,7.42,-0.02,36.92,3.0,2.0,4.78,20.0,878.0,0.0,17.5,2.06,22.4,825.4,0.2,17.2,17.4,13.5,803.2,1.89,107.0,0.0,0,1,"time.struct_time(tm_year=2022, tm_mon=2, tm_mday=3, tm_hour=2, tm_min=21, tm_sec=45, tm_wday=3, tm_yday=34, tm_isdst=-1)",2022-02-03,2022,2,34,3,21,2,BUS01
2022-02-03 02:24:15,40.765858,-111.909653,1281.4,-9999.0,-9999.0,-9999.0,13.34,7.4,-0.36,37.67,2.0,2.0,4.22,20.0,878.2,0.0,25.4,2.04,22.4,825.5,5.9,6.4,12.3,13.5,803.1,1.9,107.0,0.0,0,1,"time.struct_time(tm_year=2022, tm_mon=2, tm_mday=3, tm_hour=2, tm_min=24, tm_sec=15, tm_wday=3, tm_yday=34, tm_isdst=-1)",2022-02-03,2022,2,34,3,24,2,BUS01
2022-02-03 02:26:45,40.765842,-111.909645,1279.1,-9999.0,-9999.0,-9999.0,13.34,7.38,-0.97,38.69,2.0,2.0,3.89,19.0,878.1,0.0,23.2,2.06,22.5,825.5,12.6,11.0,23.6,13.5,803.2,1.9,106.9,0.0,0,1,"time.struct_time(tm_year=2022, tm_mon=2, tm_mday=3, tm_hour=2, tm_min=26, tm_sec=45, tm_wday=3, tm_yday=34, tm_isdst=-1)",2022-02-03,2022,2,34,3,26,2,BUS01
2022-02-03 02:29:15,40.765961,-111.90976,1282.9,-9999.0,-9999.0,-9999.0,13.35,7.38,-1.31,40.42,2.0,2.0,3.78,19.0,878.1,0.0,19.1,2.04,22.5,825.5,0.2,14.5,14.7,13.5,803.2,1.9,106.9,0.0,0,1,"time.struct_time(tm_year=2022, tm_mon=2, tm_mday=3, tm_hour=2, tm_min=29, tm_sec=15, tm_wday=3, tm_yday=34, tm_isdst=-1)",2022-02-03,2022,2,34,3,29,2,BUS01
2022-02-03 02:31:45,40.765598,-111.909554,1282.7,-9999.0,-9999.0,-9999.0,13.35,7.38,-1.25,41.2,2.0,2.0,3.78,19.0,878.0,0.0,24.9,2.05,22.5,825.5,9.4,1.9,11.3,13.5,803.1,1.9,107.0,0.0,0,1,"time.struct_time(tm_year=2022, tm_mon=2, tm_mday=3, tm_hour=2, tm_min=31, tm_sec=45, tm_wday=3, tm_yday=34, tm_isdst=-1)",2022-02-03,2022,2,34,3,31,2,BUS01
2022-02-03 02:34:15,40.76572,-111.9095,1276.7,-9999.0,-9999.0,-9999.0,13.35,7.38,-1.11,40.89,1.0,2.0,3.72,19.0,878.3,0.0,19.7,2.04,22.5,825.5,0.3,11.4,11.7,13.5,803.2,1.9,107.1,0.0,0,1,"time.struct_time(tm_year=2022, tm_mon=2, tm_mday=3, tm_hour=2, tm_min=34, tm_sec=15, tm_wday=3, tm_yday=34, tm_isdst=-1)",2022-02-03,2022,2,34,3,34,2,BUS01
2022-02-03 02:36:45,40.76572,-111.909546,1276.8,-9999.0,-9999.0,-9999.0,13.36,7.36,-1.31,40.79,2.0,2.0,3.72,19.0,878.0,0.0,24.9,2.05,22.5,825.5,6.6,11.8,18.4,13.5,803.2,1.9,106.9,0.0,0,1,"time.struct_time(tm_year=2022, tm_mon=2, tm_mday=3, tm_hour=2, tm_min=36, tm_sec=45, tm_wday=3, tm_yday=34, tm_isdst=-1)",2022-02-03,2022,2,34,3,36,2,BUS01
2022-02-03 02:39:15,40.765717,-111.909607,1275.1,-9999.0,-9999.0,-9999.0,13.34,7.36,-1.52,42.05,2.0,2.0,3.61,19.0,878.2,0.0,20.9,2.05,22.5,825.5,2.5,10.9,13.4,13.4,803.2,1.9,107.1,0.0,0,1,"time.struct_time(tm_year=2022, tm_mon=2, tm_mday=3, tm_hour=2, tm_min=39, tm_sec=15, tm_wday=3, tm_yday=34, tm_isdst=-1)",2022-02-03,2022,2,34,3,39,2,BUS01
2022-02-03 02:41:45,40.765766,-111.909683,1277.0,-9999.0,-9999.0,-9999.0,13.32,7.33,-1.45,42.15,2.0,2.0,3.61,19.0,878.3,0.0,20.8,2.06,22.5,825.6,5.5,12.4,17.9,13.4,803.3,1.9,106.9,0.0,0,1,"time.struct_time(tm_year=2022, tm_mon=2, tm_mday=3, tm_hour=2, tm_min=41, tm_sec=45, tm_wday=3, tm_yday=34, tm_isdst=-1)",2022-02-03,2022,2,34,3,41,2,BUS01
2022-02-03 02:44:15,40.765755,-111.909691,1274.9,-9999.0,-9999.0,-9999.0,13.35,7.33,-1.31,41.87,2.0,2.0,3.61,20.0,878.1,0.0,21.6,2.06,22.5,825.5,8.4,5.5,13.9,13.4,803.3,1.9,107.2,0.0,0,1,"time.struct_time(tm_year=2022, tm_mon=2, tm_mday=3, tm_hour=2, tm_min=44, tm_sec=15, tm_wday=3, tm_yday=34, tm_isdst=-1)",2022-02-03,2022,2,34,3,44,2,BUS01
2022-02-03 02:46:45,40.765743,-111.909683,1273.5,-9999.0,-9999.0,-9999.0,13.36,7.33,-1.04,41.03,2.0,2.0,3.61,20.0,878.2,0.0,22.2,2.06,22.5,825.6,2.3,9.6,11.9,13.4,803.3,1.9,107.2,0.0,0,1,"time.struct_time(tm_year=2022, tm_mon=2, tm_mday=3, tm_hour=2, tm_min=46, tm_sec=45, tm_wday=3, tm_yday=34, tm_isdst=-1)",2022-02-03,2022,2,34,3,46,2,BUS01
2022-02-03 02:49:15,40.765743,-111.909683,1272.9,-9999.0,-9999.0,-9999.0,13.36,7.31,-0.98,40.45,4.0,2.0,3.5,20.0,878.2,0.0,20.5,2.05,22.5,825.7,7.8,9.2,17.0,13.4,803.4,1.89,106.9,0.0,0,1,"time.struct_time(tm_year=2022, tm_mon=2, tm_mday=3, tm_hour=2, tm_min=49, tm_sec=15, tm_wday=3, tm_yday=34, tm_isdst=-1)",2022-02-03,2022,2,34,3,49,2,BUS01
2022-02-03 02:51:45,40.765747,-111.909683,1273.6,-9999.0,-9999.0,-9999.0,13.36,7.29,-0.84,40.52,3.0,2.0,3.5,20.0,878.2,0.0,22.9,2.05,22.5,825.7,3.3,5.4,8.7,13.4,803.3,1.89,106.9,0.0,0,1,"time.struct_time(tm_year=2022, tm_mon=2, tm_mday=3, tm_hour=2, tm_min=51, tm_sec=45, tm_wday=3, tm_yday=34, tm_isdst=-1)",2022-02-03,2022,2,34,3,51,2,BUS01
2022-02-03 02:54:15,40.765739,-111.909676,1273.2,-9999.0,-9999.0,-9999.0,13.35,7.29,-0.77,40.18,3.0,2.0,3.5,20.0,878.4,0.0,21.0,2.05,22.5,825.8,0.2,12.4,12.6,13.4,803.4,1.9,107.1,0.0,0,1,"time.struct_time(tm_year=2022, tm_mon=2, tm_mday=3, tm_hour=2, tm_min=54, tm_sec=15, tm_wday=3, tm_yday=34, tm_isdst=-1)",2022-02-03,2022,2,34,3,54,2,BUS01
2022-02-03 02:56:45,40.765743,-111.909676,1272.5,-9999.0,-9999.0,-9999.0,13.36,7.27,-0.7,39.67,2.0,2.0,3.5,20.0,878.5,0.0,24.5,2.05,22.5,825.7,4.9,9.1,14.0,13.4,803.4,1.89,107.2,0.0,0,1,"time.struct_time(tm_year=2022, tm_mon=2, tm_mday=3, tm_hour=2, tm_min=56, tm_sec=45, tm_wday=3, tm_yday=34, tm_isdst=-1)",2022-02-03,2022,2,34,3,56,2,BUS01
2022-02-03 02:59:15,40.765743,-111.909676,1273.3,-9999.0,-9999.0,-9999.0,13.35,7.25,-0.57,39.64,3.0,2.0,3.5,20.0,878.5,0.0,21.2,2.06,22.5,825.7,4.0,2.5,6.5,13.4,803.4,1.89,107.2,0.0,0,1,"time.struct_time(tm_year=2022, tm_mon=2, tm_mday=3, tm_hour=2, tm_min=59, tm_sec=15, tm_wday=3, tm_yday=34, tm_isdst=-1)",2022-02-03,2022,2,34,3,59,2,BUS01
2022-02-03 03:01:45,40.765732,-111.90966,1273.5,-9999.0,-9999.0,-9999.0,13.36,7.25,-0.53,39.13,3.0,2.0,3.39,19.0,878.5,0.0,14.4,2.06,22.5,825.6,6.5,19.4,25.9,13.4,803.5,1.9,106.9,0.0,0,1,"time.struct_time(tm_year=2022, tm_mon=2, tm_mday=3, tm_hour=3, tm_min=1, tm_sec=45, tm_wday=3, tm_yday=34, tm_isdst=-1)",2022-02-03,2022,2,34,3,1,3,BUS01
2022-02-03 03:04:15,40.765724,-111.909653,1273.9,-9999.0,-9999.0,-9999.0,13.36,7.22,-0.64,39.5,3.0,2.0,3.39,19.0,878.5,0.0,20.9,2.05,22.5,825.7,0.0,10.0,10.0,13.4,803.5,1.89,107.1,0.0,0,1,"time.struct_time(tm_year=2022, tm_mon=2, tm_mday=3, tm_hour=3, tm_min=4, tm_sec=15, tm_wday=3, tm_yday=34, tm_isdst=-1)",2022-02-03,2022,2,34,3,4,3,BUS01
2022-02-03 03:06:45,40.765728,-111.909668,1273.3,-9999.0,-9999.0,-9999.0,13.33,7.2,-0.64,39.57,2.0,2.0,3.28,20.0,878.5,0.0,16.7,2.06,22.5,825.6,-0.9,18.0,17.1,13.4,803.5,1.89,106.9,0.0,0,1,"time.struct_time(tm_year=2022, tm_mon=2, tm_mday=3, tm_hour=3, tm_min=6, tm_sec=45, tm_wday=3, tm_yday=34, tm_isdst=-1)",2022-02-03,2022,2,34,3,6,3,BUS01
2022-02-03 03:09:15,40.765728,-111.909668,1273.3,-9999.0,-9999.0,-9999.0,13.34,7.18,-0.63,39.74,2.0,2.0,3.28,20.0,878.4,0.0,16.4,2.05,22.5,825.9,2.9,16.5,19.4,13.3,803.6,1.89,106.8,0.0,0,1,"time.struct_time(tm_year=2022, tm_mon=2, tm_mday=3, tm_hour=3, tm_min=9, tm_sec=15, tm_wday=3, tm_yday=34, tm_isdst=-1)",2022-02-03,2022,2,34,3,9,3,BUS01
2022-02-03 03:11:45,40.76572,-111.909676,1273.2,-9999.0,-9999.0,-9999.0,13.36,7.16,-0.57,39.64,3.0,2.0,3.22,20.0,878.2,0.0,13.1,2.06,22.5,825.7,-0.7,12.8,12.1,13.3,803.6,1.89,107.1,0.0,0,1,"time.struct_time(tm_year=2022, tm_mon=2, tm_mday=3, tm_hour=3, tm_min=11, tm_sec=45, tm_wday=3, tm_yday=34, tm_isdst=-1)",2022-02-03,2022,2,34,3,11,3,BUS01
2022-02-03 03:14:15,40.765728,-111.909676,1272.7,-9999.0,-9999.0,-9999.0,13.36,7.14,-0.43,39.7,2.0,2.0,3.22,20.0,878.5,0.0,7.7,2.05,22.5,825.8,5.0,24.3,29.3,13.3,803.6,1.9,107.2,0.0,0,1,"time.struct_time(tm_year=2022, tm_mon=2, tm_mday=3, tm_hour=3, tm_min=14, tm_sec=15, tm_wday=3, tm_yday=34, tm_isdst=-1)",2022-02-03,2022,2,34,3,14,3,BUS01
2022-02-03 03:16:45,40.765732,-111.909676,1273.1,-9999.0,-9999.0,-9999.0,13.37,7.11,-0.57,39.77,3.0,2.0,3.28,20.0,878.3,0.0,7.3,2.05,22.5,825.8,15.5,29.9,45.4,13.3,803.6,1.9,107.2,0.0,0,1,"time.struct_time(tm_year=2022, tm_mon=2, tm_mday=3, tm_hour=3, tm_min=16, tm_sec=45, tm_wday=3, tm_yday=34, tm_isdst=-1)",2022-02-03,2022,2,34,3,16,3,BUS01
2022-02-03 03:20:20,40.765717,-111.909676,1273.6,-9999.0,-9999.0,-9999.0,13.36,7.07,-0.57,39.43,3.0,2.0,3.22,20.0,878.3,0.0,7.7,2.05,22.5,825.6,5.5,27.1,32.6,13.3,803.6,1.9,108.2,0.0,0,1,"time.struct_time(tm_year=2022, tm_mon=2, tm_mday=3, tm_hour=3, tm_min=20, tm_sec=20, tm_wday=3, tm_yday=34, tm_isdst=-1)",2022-02-03,2022,2,34,3,20,3,BUS01
2022-02-03 03:22:50,40.76572,-111.909668,1274.1,-9999.0,-9999.0,-9999.0,13.37,7.07,-0.43,38.96,4.0,2.0,3.22,20.0,878.4,0.0,8.6,2.05,22.5,825.9,-1.4,32.7,31.3,13.3,803.6,1.9,108.0,0.0,0,1,"time.struct_time(tm_year=2022, tm_mon=2, tm_mday=3, tm_hour=3, tm_min=22, tm_sec=50, tm_wday=3, tm_yday=34, tm_isdst=-1)",2022-02-03,2022,2,34,3,22,3,BUS01
2022-02-03 03:25:20,40.765713,-111.909676,1274.0,-9999.0,-9999.0,-9999.0,13.37,7.05,-0.5,38.89,4.0,2.0,3.11,20.0,878.4,0.0,6.9,2.05,22.5,825.8,6.4,19.7,26.1,13.3,803.7,1.9,108.1,0.0,0,1,"time.struct_time(tm_year=2022, tm_mon=2, tm_mday=3, tm_hour=3, tm_min=25, tm_sec=20, tm_wday=3, tm_yday=34, tm_isdst=-1)",2022-02-03,2022,2,34,3,25,3,BUS01
2022-02-03 03:27:50,40.765701,-111.909683,1273.6,-9999.0,-9999.0,-9999.0,13.36,7.03,-0.97,40.05,4.0,2.0,3.22,20.0,878.6,0.0,5.2,2.04,22.5,826.0,8.3,33.3,41.6,13.2,803.6,1.91,108.3,0.0,0,1,"time.struct_time(tm_year=2022, tm_mon=2, tm_mday=3, tm_hour=3, tm_min=27, tm_sec=50, tm_wday=3, tm_yday=34, tm_isdst=-1)",2022-02-03,2022,2,34,3,27,3,BUS01
2022-02-03 03:30:20,40.765701,-111.909676,1273.6,-9999.0,-9999.0,-9999.0,13.34,7.03,-1.25,41.06,4.0,2.0,3.11,20.0,878.5,0.0,10.1,2.04,22.5,825.8,19.6,21.1,40.7,13.2,803.6,1.9,107.9,0.0,0,1,"time.struct_time(tm_year=2022, tm_mon=2, tm_mday=3, tm_hour=3, tm_min=30, tm_sec=20, tm_wday=3, tm_yday=34, tm_isdst=-1)",2022-02-03,2022,2,34,3,30,3,BUS01
2022-02-03 03:32:50,40.765701,-111.909668,1272.2,-9999.0,-9999.0,-9999.0,13.37,7.01,-1.45,41.95,5.0,2.0,3.11,20.0,878.6,0.0,4.5,2.05,22.5,826.0,26.9,32.1,59.0,13.2,803.7,1.9,108.1,0.0,0,1,"time.struct_time(tm_year=2022, tm_mon=2, tm_mday=3, tm_hour=3, tm_min=32, tm_sec=50, tm_wday=3, tm_yday=34, tm_isdst=-1)",2022-02-03,2022,2,34,3,32,3,BUS01
2022-02-03 03:35:20,40.765705,-111.909668,1272.2,-9999.0,-9999.0,-9999.0,13.37,6.98,-1.65,42.08,6.0,2.0,3.22,20.0,878.4,0.0,13.2,2.05,22.5,825.9,7.0,24.8,31.8,13.2,803.7,1.9,107.8,0.0,0,1,"time.struct_time(tm_year=2022, tm_mon=2, tm_mday=3, tm_hour=3, tm_min=35, tm_sec=20, tm_wday=3, tm_yday=34, tm_isdst=-1)",2022-02-03,2022,2,34,3,35,3,BUS01
2022-02-03 03:37:50,40.765701,-111.909676,1271.8,-9999.0,-9999.0,-9999.0,13.38,6.96,-1.92,42.49,5.0,2.0,3.11,19.0,878.5,0.0,11.8,2.04,22.5,826.0,12.9,28.1,41.0,13.2,803.7,1.91,108.1,0.0,0,1,"time.struct_time(tm_year=2022, tm_mon=2, tm_mday=3, tm_hour=3, tm_min=37, tm_sec=50, tm_wday=3, tm_yday=34, tm_isdst=-1)",2022-02-03,2022,2,34,3,37,3,BUS01
2022-02-03 03:40:20,40.765697,-111.909683,1271.3,-9999.0,-9999.0,-9999.0,13.38,6.94,-2.06,42.83,3.0,2.0,3.11,19.0,878.6,0.0,12.4,2.04,22.5,825.7,5.2,28.7,33.9,13.2,803.7,1.9,108.0,0.0,0,1,"time.struct_time(tm_year=2022, tm_mon=2, tm_mday=3, tm_hour=3, tm_min=40, tm_sec=20, tm_wday=3, tm_yday=34, tm_isdst=-1)",2022-02-03,2022,2,34,3,40,3,BUS01
2022-02-03 03:42:50,40.765694,-111.909691,1271.3,-9999.0,-9999.0,-9999.0,13.38,6.92,-2.33,43.58,4.0,2.0,3.22,19.0,878.4,0.0,19.2,2.05,22.5,826.0,6.4,15.4,21.8,13.2,803.7,1.9,108.0,0.0,0,1,"time.struct_time(tm_year=2022, tm_mon=2, tm_mday=3, tm_hour=3, tm_min=42, tm_sec=50, tm_wday=3, tm_yday=34, tm_isdst=-1)",2022-02-03,2022,2,34,3,42,3,BUS01
2022-02-03 03:45:20,40.765694,-111.909698,1271.6,-9999.0,-9999.0,-9999.0,13.38,6.88,-2.53,44.46,3.0,2.0,3.11,19.0,878.6,0.0,20.1,2.05,22.4,826.0,0.8,19.4,20.2,13.1,803.7,1.9,108.1,0.0,0,1,"time.struct_time(tm_year=2022, tm_mon=2, tm_mday=3, tm_hour=3, tm_min=45, tm_sec=20, tm_wday=3, tm_yday=34, tm_isdst=-1)",2022-02-03,2022,2,34,3,45,3,BUS01
2022-02-03 03:47:50,40.76569,-111.909706,1272.4,-9999.0,-9999.0,-9999.0,13.37,6.85,-2.53,45.07,4.0,2.0,3.11,20.0,878.7,0.0,12.3,2.05,22.4,826.1,6.1,15.8,21.9,13.1,803.8,1.9,108.1,0.0,0,1,"time.struct_time(tm_year=2022, tm_mon=2, tm_mday=3, tm_hour=3, tm_min=47, tm_sec=50, tm_wday=3, tm_yday=34, tm_isdst=-1)",2022-02-03,2022,2,34,3,47,3,BUS01
2022-02-03 03:50:20,40.76569,-111.909721,1272.5,-9999.0,-9999.0,-9999.0,13.35,6.81,-2.39,43.85,6.0,2.0,3.0,19.0,878.5,0.0,18.9,2.05,22.4,826.0,4.7,13.7,18.4,13.1,803.9,1.9,108.2,0.0,0,1,"time.struct_time(tm_year=2022, tm_mon=2, tm_mday=3, tm_hour=3, tm_min=50, tm_sec=20, tm_wday=3, tm_yday=34, tm_isdst=-1)",2022-02-03,2022,2,34,3,50,3,BUS01
2022-02-03 03:52:50,40.765694,-111.909714,1272.1,-9999.0,-9999.0,-9999.0,13.39,6.79,-2.09,41.75,3.0,2.0,2.89,19.0,878.5,0.0,19.4,2.06,22.4,826.1,2.2,16.9,19.1,13.1,803.9,1.9,108.1,0.0,0,1,"time.struct_time(tm_year=2022, tm_mon=2, tm_mday=3, tm_hour=3, tm_min=52, tm_sec=50, tm_wday=3, tm_yday=34, tm_isdst=-1)",2022-02-03,2022,2,34,3,52,3,BUS01
2022-02-03 03:55:20,40.765682,-111.909714,1272.3,-9999.0,-9999.0,-9999.0,13.35,6.74,-1.78,41.2,4.0,2.0,2.89,19.0,878.6,0.0,12.9,2.05,22.4,826.0,41.2,23.8,65.0,13.1,804.0,1.9,107.8,0.0,0,1,"time.struct_time(tm_year=2022, tm_mon=2, tm_mday=3, tm_hour=3, tm_min=55, tm_sec=20, tm_wday=3, tm_yday=34, tm_isdst=-1)",2022-02-03,2022,2,34,3,55,3,BUS01
2022-02-03 03:57:50,40.765675,-111.909714,1271.8,-9999.0,-9999.0,-9999.0,13.39,6.7,-1.65,40.93,3.0,2.0,2.78,19.0,878.6,0.0,16.6,2.05,22.3,826.2,6.1,15.5,21.6,13.1,804.0,1.9,108.0,0.0,0,1,"time.struct_time(tm_year=2022, tm_mon=2, tm_mday=3, tm_hour=3, tm_min=57, tm_sec=50, tm_wday=3, tm_yday=34, tm_isdst=-1)",2022-02-03,2022,2,34,3,57,3,BUS01
2022-02-03 04:00:20,40.765686,-111.909714,1271.7,-9999.0,-9999.0,-9999.0,13.38,6.68,-1.65,40.93,4.0,2.0,2.78,19.0,878.6,0.0,15.8,2.05,22.3,826.1,4.6,13.8,18.4,13.0,803.9,1.9,107.9,0.0,0,1,"time.struct_time(tm_year=2022, tm_mon=2, tm_mday=3, tm_hour=4, tm_min=0, tm_sec=20, tm_wday=3, tm_yday=34, tm_isdst=-1)",2022-02-03,2022,2,34,3,0,4,BUS01
2022-02-03 04:02:50,40.765682,-111.909714,1271.9,-9999.0,-9999.0,-9999.0,13.39,6.63,-1.95,41.21,3.0,2.0,2.78,19.0,878.8,0.0,14.5,2.05,22.3,826.3,2.1,16.4,18.5,13.0,804.1,1.9,107.9,0.0,0,1,"time.struct_time(tm_year=2022, tm_mon=2, tm_mday=3, tm_hour=4, tm_min=2, tm_sec=50, tm_wday=3, tm_yday=34, tm_isdst=-1)",2022-02-03,2022,2,34,3,2,4,BUS01
2022-02-03 04:05:20,40.765678,-111.909714,1271.3,-9999.0,-9999.0,-9999.0,13.38,6.61,-2.05,41.61,3.0,2.0,2.72,19.0,878.9,0.0,14.5,2.04,22.2,825.9,2.4,16.4,18.8,13.0,804.0,1.9,108.1,0.0,0,1,"time.struct_time(tm_year=2022, tm_mon=2, tm_mday=3, tm_hour=4, tm_min=5, tm_sec=20, tm_wday=3, tm_yday=34, tm_isdst=-1)",2022-02-03,2022,2,34,3,5,4,BUS01
2022-02-03 04:07:50,40.765682,-111.909721,1270.0,-9999.0,-9999.0,-9999.0,13.39,6.59,-2.05,42.06,3.0,2.0,2.72,19.0,878.9,0.0,9.7,2.05,22.2,826.2,8.1,13.8,21.9,13.0,804.0,1.91,108.2,0.0,0,1,"time.struct_time(tm_year=2022, tm_mon=2, tm_mday=3, tm_hour=4, tm_min=7, tm_sec=50, tm_wday=3, tm_yday=34, tm_isdst=-1)",2022-02-03,2022,2,34,3,7,4,BUS01
2022-02-03 04:10:20,40.765678,-111.909737,1270.0,-9999.0,-9999.0,-9999.0,13.39,6.57,-1.98,42.09,4.0,2.0,2.78,19.0,878.6,0.0,9.7,2.05,22.2,826.0,3.3,28.5,31.8,13.0,804.0,1.9,108.1,0.0,0,1,"time.struct_time(tm_year=2022, tm_mon=2, tm_mday=3, tm_hour=4, tm_min=10, tm_sec=20, tm_wday=3, tm_yday=34, tm_isdst=-1)",2022-02-03,2022,2,34,3,10,4,BUS01
2022-02-03 04:12:50,40.765671,-111.909737,1269.8,-9999.0,-9999.0,-9999.0,13.39,6.55,-2.12,42.63,3.0,2.0,2.78,19.0,878.8,0.0,5.7,2.05,22.2,826.3,8.5,18.6,27.1,13.0,804.1,1.9,108.0,0.0,0,1,"time.struct_time(tm_year=2022, tm_mon=2, tm_mday=3, tm_hour=4, tm_min=12, tm_sec=50, tm_wday=3, tm_yday=34, tm_isdst=-1)",2022-02-03,2022,2,34,3,12,4,BUS01
2022-02-03 04:15:20,40.765663,-111.909721,1269.9,-9999.0,-9999.0,-9999.0,13.38,6.52,-2.25,43.21,4.0,2.0,2.78,19.0,878.7,0.0,4.2,2.02,22.1,826.1,4.6,27.0,31.6,12.9,804.2,1.9,107.9,0.0,0,1,"time.struct_time(tm_year=2022, tm_mon=2, tm_mday=3, tm_hour=4, tm_min=15, tm_sec=20, tm_wday=3, tm_yday=34, tm_isdst=-1)",2022-02-03,2022,2,34,3,15,4,BUS01
2022-02-03 04:17:50,40.765648,-111.909714,1269.9,-9999.0,-9999.0,-9999.0,13.38,6.5,-2.25,43.41,5.0,2.0,2.78,19.0,878.6,0.0,7.0,2.04,22.1,826.4,9.4,21.0,30.4,12.9,804.2,1.9,108.1,0.0,0,1,"time.struct_time(tm_year=2022, tm_mon=2, tm_mday=3, tm_hour=4, tm_min=17, tm_sec=50, tm_wday=3, tm_yday=34, tm_isdst=-1)",2022-02-03,2022,2,34,3,17,4,BUS01
2022-02-03 04:21:25,40.765636,-111.909683,1270.0,-9999.0,-9999.0,-9999.0,13.39,6.46,-2.12,42.16,4.0,2.0,2.72,19.0,879.0,0.0,13.8,2.06,22.1,826.1,4.0,23.1,27.1,12.9,804.2,1.96,107.6,0.0,0,1,"time.struct_time(tm_year=2022, tm_mon=2, tm_mday=3, tm_hour=4, tm_min=21, tm_sec=25, tm_wday=3, tm_yday=34, tm_isdst=-1)",2022-02-03,2022,2,34,3,21,4,BUS01
2022-02-03 04:23:55,40.765629,-111.909683,1269.9,-9999.0,-9999.0,-9999.0,13.33,6.44,-2.05,41.62,3.0,2.0,2.72,19.0,878.9,0.0,12.7,2.03,22.1,826.3,4.0,17.7,21.7,12.9,804.2,1.96,107.5,0.0,0,1,"time.struct_time(tm_year=2022, tm_mon=2, tm_mday=3, tm_hour=4, tm_min=23, tm_sec=55, tm_wday=3, tm_yday=34, tm_isdst=-1)",2022-02-03,2022,2,34,3,23,4,BUS01
2022-02-03 04:26:25,40.765629,-111.909683,1270.4,-9999.0,-9999.0,-9999.0,13.39,6.42,-2.08,41.24,4.0,2.0,2.61,19.0,878.9,0.0,19.1,2.04,22.0,826.3,1.2,11.1,12.3,12.9,804.4,1.96,107.5,0.0,0,1,"time.struct_time(tm_year=2022, tm_mon=2, tm_mday=3, tm_hour=4, tm_min=26, tm_sec=25, tm_wday=3, tm_yday=34, tm_isdst=-1)",2022-02-03,2022,2,34,3,26,4,BUS01
2022-02-03 04:28:55,40.765629,-111.909676,1270.4,-9999.0,-9999.0,-9999.0,13.36,6.4,-2.02,39.92,2.0,2.0,2.61,19.0,879.2,0.0,22.1,2.04,22.0,826.5,1.2,12.9,14.1,12.8,804.3,1.96,107.6,0.0,0,1,"time.struct_time(tm_year=2022, tm_mon=2, tm_mday=3, tm_hour=4, tm_min=28, tm_sec=55, tm_wday=3, tm_yday=34, tm_isdst=-1)",2022-02-03,2022,2,34,3,28,4,BUS01
2022-02-03 04:31:25,40.765614,-111.909668,1270.1,-9999.0,-9999.0,-9999.0,13.39,6.37,-2.05,39.65,2.0,2.0,2.61,19.0,878.9,0.0,21.5,2.04,22.0,826.2,8.9,3.0,11.9,12.8,804.4,1.96,107.6,0.0,0,1,"time.struct_time(tm_year=2022, tm_mon=2, tm_mday=3, tm_hour=4, tm_min=31, tm_sec=25, tm_wday=3, tm_yday=34, tm_isdst=-1)",2022-02-03,2022,2,34,3,31,4,BUS01
2022-02-03 04:33:55,40.76561,-111.90966,1270.9,-9999.0,-9999.0,-9999.0,13.36,6.33,-2.19,39.51,2.0,2.0,2.5,19.0,879.2,0.0,20.8,2.04,22.0,826.5,-0.7,7.4,6.7,12.8,804.4,1.95,107.4,0.0,0,1,"time.struct_time(tm_year=2022, tm_mon=2, tm_mday=3, tm_hour=4, tm_min=33, tm_sec=55, tm_wday=3, tm_yday=34, tm_isdst=-1)",2022-02-03,2022,2,34,3,33,4,BUS01
2022-02-03 04:36:25,40.765625,-111.909676,1270.5,-9999.0,-9999.0,-9999.0,13.39,6.31,-2.08,38.97,2.0,2.0,2.39,19.0,879.0,0.0,20.6,2.06,21.9,826.4,2.7,9.7,12.4,12.8,804.4,1.96,107.5,0.0,0,1,"time.struct_time(tm_year=2022, tm_mon=2, tm_mday=3, tm_hour=4, tm_min=36, tm_sec=25, tm_wday=3, tm_yday=34, tm_isdst=-1)",2022-02-03,2022,2,34,3,36,4,BUS01
2022-02-03 04:38:55,40.765625,-111.909683,1271.1,-9999.0,-9999.0,-9999.0,13.36,6.26,-2.05,38.56,2.0,2.0,2.28,19.0,879.1,0.0,18.1,2.04,21.9,826.5,1.7,7.8,9.5,12.8,804.5,1.96,107.3,0.0,0,1,"time.struct_time(tm_year=2022, tm_mon=2, tm_mday=3, tm_hour=4, tm_min=38, tm_sec=55, tm_wday=3, tm_yday=34, tm_isdst=-1)",2022-02-03,2022,2,34,3,38,4,BUS01
2022-02-03 04:41:25,40.765629,-111.909691,1270.9,-9999.0,-9999.0,-9999.0,13.37,6.24,-2.05,38.39,3.0,2.0,2.28,19.0,879.1,0.0,24.5,2.04,21.9,826.4,5.5,0.9,6.4,12.7,804.5,1.95,107.5,0.0,0,1,"time.struct_time(tm_year=2022, tm_mon=2, tm_mday=3, tm_hour=4, tm_min=41, tm_sec=25, tm_wday=3, tm_yday=34, tm_isdst=-1)",2022-02-03,2022,2,34,3,41,4,BUS01
2022-02-03 04:43:55,40.765629,-111.909683,1270.2,-9999.0,-9999.0,-9999.0,13.36,6.2,-2.12,38.22,2.0,2.0,2.22,19.0,879.1,0.0,26.8,2.04,21.9,826.8,-0.2,7.7,7.5,12.7,804.4,1.96,107.5,0.0,0,1,"time.struct_time(tm_year=2022, tm_mon=2, tm_mday=3, tm_hour=4, tm_min=43, tm_sec=55, tm_wday=3, tm_yday=34, tm_isdst=-1)",2022-02-03,2022,2,34,3,43,4,BUS01
2022-02-03 04:46:25,40.765633,-111.909683,1270.0,-9999.0,-9999.0,-9999.0,13.4,6.16,-2.12,37.88,2.0,2.0,2.22,18.0,879.4,0.0,22.9,2.03,21.8,826.5,2.8,5.6,8.4,12.7,804.5,1.96,107.7,0.0,0,1,"time.struct_time(tm_year=2022, tm_mon=2, tm_mday=3, tm_hour=4, tm_min=46, tm_sec=25, tm_wday=3, tm_yday=34, tm_isdst=-1)",2022-02-03,2022,2,34,3,46,4,BUS01
2022-02-03 04:48:55,40.76564,-111.909676,1269.3,-9999.0,-9999.0,-9999.0,13.37,6.11,-2.32,38.02,2.0,2.0,2.11,18.0,879.2,0.0,25.0,2.05,21.8,826.7,4.4,4.2,8.6,12.7,804.6,1.96,107.6,0.0,0,1,"time.struct_time(tm_year=2022, tm_mon=2, tm_mday=3, tm_hour=4, tm_min=48, tm_sec=55, tm_wday=3, tm_yday=34, tm_isdst=-1)",2022-02-03,2022,2,34,3,48,4,BUS01
2022-02-03 04:51:25,40.765652,-111.909676,1269.0,-9999.0,-9999.0,-9999.0,13.4,6.09,-2.25,38.22,3.0,2.0,2.11,18.0,879.2,0.0,21.3,2.04,21.8,826.4,6.9,6.4,13.3,12.6,804.5,1.96,107.5,0.0,0,1,"time.struct_time(tm_year=2022, tm_mon=2, tm_mday=3, tm_hour=4, tm_min=51, tm_sec=25, tm_wday=3, tm_yday=34, tm_isdst=-1)",2022-02-03,2022,2,34,3,51,4,BUS01
2022-02-03 04:53:55,40.765652,-111.909676,1268.2,-9999.0,-9999.0,-9999.0,13.37,6.05,-2.19,38.09,2.0,2.0,2.0,18.0,879.2,0.0,20.0,2.04,21.7,826.8,-0.1,12.2,12.1,12.6,804.7,1.96,107.5,0.0,0,1,"time.struct_time(tm_year=2022, tm_mon=2, tm_mday=3, tm_hour=4, tm_min=53, tm_sec=55, tm_wday=3, tm_yday=34, tm_isdst=-1)",2022-02-03,2022,2,34,3,53,4,BUS01
2022-02-03 04:56:25,40.765659,-111.909668,1267.4,-9999.0,-9999.0,-9999.0,13.4,6.0,-2.15,37.75,2.0,2.0,1.89,18.0,879.3,0.0,21.1,2.03,21.7,826.5,-0.5,7.3,6.8,12.6,804.7,1.95,107.5,0.0,0,1,"time.struct_time(tm_year=2022, tm_mon=2, tm_mday=3, tm_hour=4, tm_min=56, tm_sec=25, tm_wday=3, tm_yday=34, tm_isdst=-1)",2022-02-03,2022,2,34,3,56,4,BUS01
2022-02-03 04:58:55,40.765667,-111.909668,1267.2,-9999.0,-9999.0,-9999.0,13.36,5.98,-2.25,37.75,2.0,2.0,1.89,18.0,879.3,0.0,19.3,2.05,21.7,826.7,6.2,13.2,19.4,12.6,804.7,1.96,107.5,0.0,0,1,"time.struct_time(tm_year=2022, tm_mon=2, tm_mday=3, tm_hour=4, tm_min=58, tm_sec=55, tm_wday=3, tm_yday=34, tm_isdst=-1)",2022-02-03,2022,2,34,3,58,4,BUS01
2022-02-03 05:01:25,40.765663,-111.909683,1266.9,-9999.0,-9999.0,-9999.0,13.41,5.94,-2.32,38.15,2.0,2.0,1.78,18.0,879.3,0.0,21.9,2.04,21.6,826.3,-0.6,9.9,9.3,12.6,804.7,1.95,107.4,0.0,0,1,"time.struct_time(tm_year=2022, tm_mon=2, tm_mday=3, tm_hour=5, tm_min=1, tm_sec=25, tm_wday=3, tm_yday=34, tm_isdst=-1)",2022-02-03,2022,2,34,3,1,5,BUS01
2022-02-03 05:03:55,40.765663,-111.909668,1266.2,-9999.0,-9999.0,-9999.0,13.36,5.9,-2.32,38.02,2.0,2.0,1.78,18.0,879.2,0.0,24.4,2.04,21.6,826.8,5.2,7.6,12.8,12.5,804.7,1.96,107.5,0.0,0,1,"time.struct_time(tm_year=2022, tm_mon=2, tm_mday=3, tm_hour=5, tm_min=3, tm_sec=55, tm_wday=3, tm_yday=34, tm_isdst=-1)",2022-02-03,2022,2,34,3,3,5,BUS01
2022-02-03 05:06:25,40.765678,-111.909622,1257.7,-9999.0,-9999.0,-9999.0,13.41,5.85,-2.39,38.29,2.0,2.0,1.72,18.0,879.4,0.0,21.9,2.04,21.6,826.6,-1.3,7.9,6.6,12.5,804.7,1.96,107.5,0.0,0,1,"time.struct_time(tm_year=2022, tm_mon=2, tm_mday=3, tm_hour=5, tm_min=6, tm_sec=25, tm_wday=3, tm_yday=34, tm_isdst=-1)",2022-02-03,2022,2,34,3,6,5,BUS01
2022-02-03 05:08:55,40.765503,-111.909554,1256.9,-9999.0,-9999.0,-9999.0,13.37,5.81,-2.32,38.83,2.0,2.0,1.61,19.0,879.2,0.0,20.9,2.05,21.6,826.7,2.3,8.3,10.6,12.5,804.7,1.96,107.4,0.0,0,1,"time.struct_time(tm_year=2022, tm_mon=2, tm_mday=3, tm_hour=5, tm_min=8, tm_sec=55, tm_wday=3, tm_yday=34, tm_isdst=-1)",2022-02-03,2022,2,34,3,8,5,BUS01
2022-02-03 05:11:25,40.765533,-111.90966,1256.1,-9999.0,-9999.0,-9999.0,13.41,5.76,-2.25,39.17,2.0,2.0,1.61,19.0,879.2,0.0,20.9,2.03,21.5,826.5,2.1,8.2,10.3,12.4,804.8,1.96,107.5,0.0,0,1,"time.struct_time(tm_year=2022, tm_mon=2, tm_mday=3, tm_hour=5, tm_min=11, tm_sec=25, tm_wday=3, tm_yday=34, tm_isdst=-1)",2022-02-03,2022,2,34,3,11,5,BUS01
2022-02-03 05:13:55,40.765499,-111.909447,1262.0,-9999.0,-9999.0,-9999.0,13.38,5.74,-2.32,39.24,2.0,2.0,1.5,19.0,879.5,0.0,13.0,2.03,21.5,826.8,3.6,12.1,15.7,12.4,804.8,1.96,107.6,0.0,0,1,"time.struct_time(tm_year=2022, tm_mon=2, tm_mday=3, tm_hour=5, tm_min=13, tm_sec=55, tm_wday=3, tm_yday=34, tm_isdst=-1)",2022-02-03,2022,2,34,3,13,5,BUS01
2022-02-03 05:16:25,40.765331,-111.90947,1265.1,-9999.0,-9999.0,-9999.0,13.41,5.7,-2.52,39.44,3.0,2.0,1.5,19.0,879.3,0.0,14.3,2.04,21.5,826.6,-3.7,18.6,14.9,12.4,804.8,1.96,107.6,0.0,0,1,"time.struct_time(tm_year=2022, tm_mon=2, tm_mday=3, tm_hour=5, tm_min=16, tm_sec=25, tm_wday=3, tm_yday=34, tm_isdst=-1)",2022-02-03,2022,2,34,3,16,5,BUS01
2022-02-03 05:18:55,40.765343,-111.909508,1269.9,-9999.0,-9999.0,-9999.0,13.37,5.66,-2.87,40.46,2.0,2.0,1.61,19.0,879.5,0.0,14.6,2.04,21.4,826.8,1.8,15.9,17.7,12.3,804.7,1.96,107.6,0.0,0,1,"time.struct_time(tm_year=2022, tm_mon=2, tm_mday=3, tm_hour=5, tm_min=18, tm_sec=55, tm_wday=3, tm_yday=34, tm_isdst=-1)",2022-02-03,2022,2,34,3,18,5,BUS01
2022-02-03 05:22:30,40.765358,-111.9095,1272.0,-9999.0,-9999.0,-9999.0,13.41,5.61,-2.93,41.21,3.0,2.0,1.61,19.0,879.3,0.0,11.6,2.04,21.4,827.0,5.3,15.3,20.6,12.3,804.7,1.89,107.0,0.0,0,1,"time.struct_time(tm_year=2022, tm_mon=2, tm_mday=3, tm_hour=5, tm_min=22, tm_sec=30, tm_wday=3, tm_yday=34, tm_isdst=-1)",2022-02-03,2022,2,34,3,22,5,BUS01
2022-02-03 05:25:00,40.765362,-111.909492,1272.6,-9999.0,-9999.0,-9999.0,13.39,5.59,-3.07,43.38,6.0,2.0,1.61,19.0,879.4,0.0,5.0,2.03,21.3,826.5,2.8,30.7,33.5,12.3,804.7,1.89,106.8,0.0,0,1,"time.struct_time(tm_year=2022, tm_mon=2, tm_mday=3, tm_hour=5, tm_min=25, tm_sec=0, tm_wday=3, tm_yday=34, tm_isdst=-1)",2022-02-03,2022,2,34,3,25,5,BUS01
2022-02-03 05:27:30,40.765373,-111.9095,1273.4,-9999.0,-9999.0,-9999.0,13.41,5.57,-3.07,44.6,6.0,2.0,1.61,19.0,879.4,0.0,3.9,2.02,21.3,826.9,11.8,24.0,35.8,12.2,804.9,1.89,106.9,0.0,0,1,"time.struct_time(tm_year=2022, tm_mon=2, tm_mday=3, tm_hour=5, tm_min=27, tm_sec=30, tm_wday=3, tm_yday=34, tm_isdst=-1)",2022-02-03,2022,2,34,3,27,5,BUS01
2022-02-03 05:30:00,40.765377,-111.909515,1274.8,-9999.0,-9999.0,-9999.0,13.41,5.55,-3.04,44.81,7.0,2.0,1.61,20.0,879.3,0.0,-1.3,2.03,21.3,826.5,8.6,35.4,44.0,12.2,804.8,1.89,106.9,0.0,0,1,"time.struct_time(tm_year=2022, tm_mon=2, tm_mday=3, tm_hour=5, tm_min=30, tm_sec=0, tm_wday=3, tm_yday=34, tm_isdst=-1)",2022-02-03,2022,2,34,3,30,5,BUS01
2022-02-03 05:32:30,40.765388,-111.909523,1274.7,-9999.0,-9999.0,-9999.0,13.42,5.53,-3.0,44.53,7.0,2.0,1.61,20.0,879.3,0.0,1.3,2.03,21.3,827.0,5.9,32.4,38.3,12.2,804.9,1.89,106.7,0.0,0,1,"time.struct_time(tm_year=2022, tm_mon=2, tm_mday=3, tm_hour=5, tm_min=32, tm_sec=30, tm_wday=3, tm_yday=34, tm_isdst=-1)",2022-02-03,2022,2,34,3,32,5,BUS01
2022-02-03 05:35:00,40.765396,-111.909523,1275.1,-9999.0,-9999.0,-9999.0,13.41,5.51,-3.0,44.47,6.0,2.0,1.61,20.0,879.3,0.0,0.2,2.03,21.2,826.5,18.9,29.6,48.5,12.2,804.9,1.89,106.7,0.0,0,1,"time.struct_time(tm_year=2022, tm_mon=2, tm_mday=3, tm_hour=5, tm_min=35, tm_sec=0, tm_wday=3, tm_yday=34, tm_isdst=-1)",2022-02-03,2022,2,34,3,35,5,BUS01
2022-02-03 05:37:30,40.765404,-111.909531,1275.0,-9999.0,-9999.0,-9999.0,13.41,5.49,-3.0,44.81,6.0,2.0,1.72,20.0,879.3,0.0,1.4,2.03,21.2,826.9,14.9,40.6,55.5,12.1,804.8,1.89,107.0,0.0,0,1,"time.struct_time(tm_year=2022, tm_mon=2, tm_mday=3, tm_hour=5, tm_min=37, tm_sec=30, tm_wday=3, tm_yday=34, tm_isdst=-1)",2022-02-03,2022,2,34,3,37,5,BUS01
2022-02-03 05:40:00,40.765411,-111.909554,1275.5,-9999.0,-9999.0,-9999.0,13.41,5.46,-3.0,45.15,8.0,2.0,1.72,20.0,879.5,0.0,5.0,2.04,21.2,826.6,15.8,43.6,59.4,12.1,804.9,1.89,107.0,0.0,0,1,"time.struct_time(tm_year=2022, tm_mon=2, tm_mday=3, tm_hour=5, tm_min=40, tm_sec=0, tm_wday=3, tm_yday=34, tm_isdst=-1)",2022-02-03,2022,2,34,3,40,5,BUS01
2022-02-03 05:42:30,40.765423,-111.909554,1275.7,-9999.0,-9999.0,-9999.0,13.42,5.44,-3.0,45.21,6.0,2.0,1.72,20.0,879.5,0.0,3.4,2.02,21.1,827.0,21.3,34.7,56.0,12.1,804.8,1.9,107.1,0.0,0,1,"time.struct_time(tm_year=2022, tm_mon=2, tm_mday=3, tm_hour=5, tm_min=42, tm_sec=30, tm_wday=3, tm_yday=34, tm_isdst=-1)",2022-02-03,2022,2,34,3,42,5,BUS01
2022-02-03 05:45:00,40.765434,-111.909569,1276.7,-9999.0,-9999.0,-9999.0,13.41,5.44,-2.87,44.87,6.0,2.0,1.72,20.0,879.2,0.0,0.3,2.03,21.1,826.5,46.0,42.5,88.5,12.1,804.8,1.89,106.8,0.0,0,1,"time.struct_time(tm_year=2022, tm_mon=2, tm_mday=3, tm_hour=5, tm_min=45, tm_sec=0, tm_wday=3, tm_yday=34, tm_isdst=-1)",2022-02-03,2022,2,34,3,45,5,BUS01
2022-02-03 05:47:30,40.765446,-111.909576,1277.2,-9999.0,-9999.0,-9999.0,13.42,5.42,-2.73,44.67,7.0,2.0,1.72,20.0,879.3,0.0,1.3,2.04,21.1,826.8,47.6,36.5,84.1,12.0,804.9,1.89,106.7,0.0,0,1,"time.struct_time(tm_year=2022, tm_mon=2, tm_mday=3, tm_hour=5, tm_min=47, tm_sec=30, tm_wday=3, tm_yday=34, tm_isdst=-1)",2022-02-03,2022,2,34,3,47,5,BUS01
2022-02-03 05:50:00,40.765461,-111.909576,1277.3,-9999.0,-9999.0,-9999.0,13.38,5.42,-2.63,43.65,7.0,2.0,1.78,20.0,879.3,0.0,-0.5,2.02,21.1,826.6,31.4,34.5,65.9,12.0,804.9,1.89,106.8,0.0,0,1,"time.struct_time(tm_year=2022, tm_mon=2, tm_mday=3, tm_hour=5, tm_min=50, tm_sec=0, tm_wday=3, tm_yday=34, tm_isdst=-1)",2022-02-03,2022,2,34,3,50,5,BUS01
2022-02-03 05:52:30,40.765476,-111.909576,1277.2,-9999.0,-9999.0,-9999.0,13.41,5.4,-2.59,43.69,5.0,2.0,1.78,20.0,879.5,0.0,2.0,2.04,21.0,827.0,13.3,40.3,53.6,12.0,805.0,1.89,106.9,0.0,0,1,"time.struct_time(tm_year=2022, tm_mon=2, tm_mday=3, tm_hour=5, tm_min=52, tm_sec=30, tm_wday=3, tm_yday=34, tm_isdst=-1)",2022-02-03,2022,2,34,3,52,5,BUS01
2022-02-03 05:55:00,40.765491,-111.909599,1277.8,-9999.0,-9999.0,-9999.0,13.39,5.4,-2.59,42.97,4.0,2.0,1.78,20.0,879.6,0.0,0.2,2.03,21.0,826.5,188.9,96.0,284.9,12.0,805.0,1.89,106.7,0.0,0,1,"time.struct_time(tm_year=2022, tm_mon=2, tm_mday=3, tm_hour=5, tm_min=55, tm_sec=0, tm_wday=3, tm_yday=34, tm_isdst=-1)",2022-02-03,2022,2,34,3,55,5,BUS01
2022-02-03 05:57:30,40.765507,-111.909607,1277.4,-9999.0,-9999.0,-9999.0,13.4,5.38,-2.87,43.52,5.0,2.0,1.78,20.0,879.7,0.0,-2.8,2.02,21.0,826.9,72.9,48.6,121.5,11.9,805.0,1.89,106.7,0.0,0,1,"time.struct_time(tm_year=2022, tm_mon=2, tm_mday=3, tm_hour=5, tm_min=57, tm_sec=30, tm_wday=3, tm_yday=34, tm_isdst=-1)",2022-02-03,2022,2,34,3,57,5,BUS01
2022-02-03 06:00:00,40.765518,-111.909607,1278.2,-9999.0,-9999.0,-9999.0,13.37,5.38,-2.83,43.38,5.0,2.0,1.78,20.0,879.5,0.0,-0.1,2.04,21.0,826.7,42.0,40.9,82.9,11.9,805.0,1.89,106.7,0.0,0,1,"time.struct_time(tm_year=2022, tm_mon=2, tm_mday=3, tm_hour=6, tm_min=0, tm_sec=0, tm_wday=3, tm_yday=34, tm_isdst=-1)",2022-02-03,2022,2,34,3,0,6,BUS01
2022-02-03 06:02:30,40.765533,-111.909607,1278.8,-9999.0,-9999.0,-9999.0,13.4,5.35,-2.87,42.97,4.0,2.0,1.78,20.0,879.6,0.0,1.0,2.04,21.0,827.1,42.4,33.9,76.3,11.9,805.1,1.89,106.7,0.0,0,1,"time.struct_time(tm_year=2022, tm_mon=2, tm_mday=3, tm_hour=6, tm_min=2, tm_sec=30, tm_wday=3, tm_yday=34, tm_isdst=-1)",2022-02-03,2022,2,34,3,2,6,BUS01
2022-02-03 06:05:00,40.765549,-111.909615,1279.6,-9999.0,-9999.0,-9999.0,13.4,5.35,-2.87,42.5,4.0,2.0,1.78,20.0,879.5,0.0,3.6,2.05,21.0,826.6,48.3,38.2,86.5,11.9,805.1,1.89,107.0,0.0,0,1,"time.struct_time(tm_year=2022, tm_mon=2, tm_mday=3, tm_hour=6, tm_min=5, tm_sec=0, tm_wday=3, tm_yday=34, tm_isdst=-1)",2022-02-03,2022,2,34,3,5,6,BUS01
2022-02-03 06:07:30,40.765564,-111.909615,1279.8,-9999.0,-9999.0,-9999.0,13.4,5.35,-2.87,41.96,4.0,2.0,1.78,20.0,879.6,0.0,1.0,2.02,20.9,827.0,51.1,26.6,77.7,11.9,805.1,1.89,106.9,0.0,0,1,"time.struct_time(tm_year=2022, tm_mon=2, tm_mday=3, tm_hour=6, tm_min=7, tm_sec=30, tm_wday=3, tm_yday=34, tm_isdst=-1)",2022-02-03,2022,2,34,3,7,6,BUS01
2022-02-03 06:10:00,40.765579,-111.909615,1279.8,-9999.0,-9999.0,-9999.0,13.39,5.33,-2.8,41.96,5.0,2.0,1.78,20.0,879.4,0.0,-0.5,2.02,20.9,826.6,75.3,34.0,109.3,11.8,805.0,1.89,106.7,0.0,0,1,"time.struct_time(tm_year=2022, tm_mon=2, tm_mday=3, tm_hour=6, tm_min=10, tm_sec=0, tm_wday=3, tm_yday=34, tm_isdst=-1)",2022-02-03,2022,2,34,3,10,6,BUS01
2022-02-03 06:12:30,40.765587,-111.909615,1280.4,-9999.0,-9999.0,-9999.0,13.39,5.33,-2.73,42.16,4.0,2.0,1.78,20.0,879.7,0.0,0.6,2.04,20.9,827.0,78.8,41.8,120.6,11.8,805.1,1.89,106.6,0.0,0,1,"time.struct_time(tm_year=2022, tm_mon=2, tm_mday=3, tm_hour=6, tm_min=12, tm_sec=30, tm_wday=3, tm_yday=34, tm_isdst=-1)",2022-02-03,2022,2,34,3,12,6,BUS01
2022-02-03 06:15:00,40.76561,-111.909615,1280.8,-9999.0,-9999.0,-9999.0,13.39,5.33,-2.59,40.46,6.0,2.0,1.78,20.0,879.5,0.0,6.8,2.03,20.9,826.9,35.4,35.9,71.3,11.8,805.2,1.89,106.6,0.0,0,1,"time.struct_time(tm_year=2022, tm_mon=2, tm_mday=3, tm_hour=6, tm_min=15, tm_sec=0, tm_wday=3, tm_yday=34, tm_isdst=-1)",2022-02-03,2022,2,34,3,15,6,BUS01
2022-02-03 06:17:30,40.765633,-111.909622,1282.4,-9999.0,-9999.0,-9999.0,13.39,5.31,-2.8,40.73,5.0,2.0,1.78,19.0,879.7,0.0,1.0,2.02,20.9,827.2,61.9,40.5,102.4,11.8,805.2,1.89,106.4,0.0,0,1,"time.struct_time(tm_year=2022, tm_mon=2, tm_mday=3, tm_hour=6, tm_min=17, tm_sec=30, tm_wday=3, tm_yday=34, tm_isdst=-1)",2022-02-03,2022,2,34,3,17,6,BUS01
2022-02-03 06:20:00,40.76564,-111.909622,1282.9,-9999.0,-9999.0,-9999.0,13.39,5.31,-2.9,41.04,4.0,2.0,1.78,19.0,879.8,0.0,-0.5,2.04,20.9,826.7,81.1,34.5,115.6,11.8,805.2,1.89,106.8,0.0,0,1,"time.struct_time(tm_year=2022, tm_mon=2, tm_mday=3, tm_hour=6, tm_min=20, tm_sec=0, tm_wday=3, tm_yday=34, tm_isdst=-1)",2022-02-03,2022,2,34,3,20,6,BUS01
2022-02-03 06:23:35,40.765659,-111.909622,1282.7,-9999.0,-9999.0,-9999.0,13.36,5.31,-2.73,40.26,5.0,2.0,1.78,19.0,879.6,0.0,-3.6,2.04,20.9,827.3,56.6,35.3,91.9,11.8,805.2,1.9,107.6,0.0,0,1,"time.struct_time(tm_year=2022, tm_mon=2, tm_mday=3, tm_hour=6, tm_min=23, tm_sec=35, tm_wday=3, tm_yday=34, tm_isdst=-1)",2022-02-03,2022,2,34,3,23,6,BUS01
2022-02-03 06:26:05,40.765671,-111.909622,1282.1,-9999.0,-9999.0,-9999.0,13.39,5.33,-2.66,40.33,5.0,2.0,1.78,19.0,879.6,0.0,-0.7,2.03,20.9,826.8,39.6,32.8,72.4,11.7,805.2,1.9,107.6,0.0,0,1,"time.struct_time(tm_year=2022, tm_mon=2, tm_mday=3, tm_hour=6, tm_min=26, tm_sec=5, tm_wday=3, tm_yday=34, tm_isdst=-1)",2022-02-03,2022,2,34,3,26,6,BUS01
2022-02-03 06:28:35,40.765667,-111.909615,1282.8,-9999.0,-9999.0,-9999.0,13.34,5.33,-2.59,40.73,5.0,2.0,1.89,19.0,879.8,0.0,-1.6,2.04,20.9,827.2,50.8,30.8,81.6,11.7,805.1,1.9,107.7,0.0,0,1,"time.struct_time(tm_year=2022, tm_mon=2, tm_mday=3, tm_hour=6, tm_min=28, tm_sec=35, tm_wday=3, tm_yday=34, tm_isdst=-1)",2022-02-03,2022,2,34,3,28,6,BUS01
2022-02-03 06:31:05,40.765678,-111.909622,1282.6,-9999.0,-9999.0,-9999.0,13.39,5.35,-2.59,40.33,5.0,2.0,1.89,19.0,879.6,0.0,3.0,2.04,20.9,826.8,36.7,44.2,80.9,11.7,805.1,1.9,107.8,0.0,0,1,"time.struct_time(tm_year=2022, tm_mon=2, tm_mday=3, tm_hour=6, tm_min=31, tm_sec=5, tm_wday=3, tm_yday=34, tm_isdst=-1)",2022-02-03,2022,2,34,3,31,6,BUS01
2022-02-03 06:33:35,40.76569,-111.909607,1282.3,-9999.0,-9999.0,-9999.0,13.36,5.35,-2.73,40.36,10.0,2.0,1.89,19.0,879.7,0.0,-0.3,2.02,20.9,827.1,523.9,152.2,676.1,11.7,805.1,1.9,107.6,0.0,0,1,"time.struct_time(tm_year=2022, tm_mon=2, tm_mday=3, tm_hour=6, tm_min=33, tm_sec=35, tm_wday=3, tm_yday=34, tm_isdst=-1)",2022-02-03,2022,2,34,3,33,6,BUS01
2022-02-03 06:36:05,40.765697,-111.909607,1282.4,-9999.0,-9999.0,-9999.0,13.39,5.38,-2.8,41.14,10.0,2.0,1.89,20.0,879.5,0.0,0.6,2.04,20.9,826.7,513.3,110.7,624.0,11.7,805.1,1.9,107.5,0.0,0,1,"time.struct_time(tm_year=2022, tm_mon=2, tm_mday=3, tm_hour=6, tm_min=36, tm_sec=5, tm_wday=3, tm_yday=34, tm_isdst=-1)",2022-02-03,2022,2,34,3,36,6,BUS01
2022-02-03 06:38:35,40.765705,-111.909607,1281.6,-9999.0,-9999.0,-9999.0,13.35,5.38,-2.59,40.39,5.0,2.0,2.0,19.0,879.5,0.0,-0.3,2.04,20.9,827.1,176.0,51.6,227.6,11.7,805.1,1.9,107.9,0.0,0,1,"time.struct_time(tm_year=2022, tm_mon=2, tm_mday=3, tm_hour=6, tm_min=38, tm_sec=35, tm_wday=3, tm_yday=34, tm_isdst=-1)",2022-02-03,2022,2,34,3,38,6,BUS01
2022-02-03 06:41:05,40.765694,-111.909599,1282.1,-9999.0,-9999.0,-9999.0,13.36,5.4,-2.66,39.71,5.0,2.0,2.0,19.0,879.6,0.0,0.5,2.06,20.9,826.8,104.8,47.1,151.9,11.7,805.2,1.9,107.4,0.0,0,1,"time.struct_time(tm_year=2022, tm_mon=2, tm_mday=3, tm_hour=6, tm_min=41, tm_sec=5, tm_wday=3, tm_yday=34, tm_isdst=-1)",2022-02-03,2022,2,34,3,41,6,BUS01
2022-02-03 06:43:35,40.765705,-111.909615,1282.6,-9999.0,-9999.0,-9999.0,13.36,5.4,-2.59,39.99,5.0,2.0,2.11,19.0,879.6,0.0,0.5,2.04,20.9,827.2,55.8,31.7,87.5,11.7,805.1,1.9,107.8,0.0,0,1,"time.struct_time(tm_year=2022, tm_mon=2, tm_mday=3, tm_hour=6, tm_min=43, tm_sec=35, tm_wday=3, tm_yday=34, tm_isdst=-1)",2022-02-03,2022,2,34,3,43,6,BUS01
2022-02-03 06:46:05,40.765705,-111.909615,1282.6,-9999.0,-9999.0,-9999.0,13.39,5.4,-2.46,39.92,4.0,2.0,2.11,19.0,879.7,0.0,0.1,2.04,20.9,826.6,59.6,38.3,97.9,11.7,805.1,1.9,107.8,0.0,0,1,"time.struct_time(tm_year=2022, tm_mon=2, tm_mday=3, tm_hour=6, tm_min=46, tm_sec=5, tm_wday=3, tm_yday=34, tm_isdst=-1)",2022-02-03,2022,2,34,3,46,6,BUS01
2022-02-03 06:48:35,40.765701,-111.90963,1282.7,-9999.0,-9999.0,-9999.0,13.35,5.42,-2.46,39.85,4.0,2.0,2.11,19.0,879.7,0.0,2.7,2.02,20.9,827.0,37.8,40.0,77.8,11.7,805.1,1.9,107.7,0.0,0,1,"time.struct_time(tm_year=2022, tm_mon=2, tm_mday=3, tm_hour=6, tm_min=48, tm_sec=35, tm_wday=3, tm_yday=34, tm_isdst=-1)",2022-02-03,2022,2,34,3,48,6,BUS01
2022-02-03 06:51:05,40.765713,-111.90963,1283.5,-9999.0,-9999.0,-9999.0,13.38,5.44,-2.36,38.83,4.0,2.0,2.11,19.0,879.7,0.0,0.9,2.03,21.0,826.7,23.8,38.3,62.1,11.6,805.0,1.9,107.9,0.0,0,1,"time.struct_time(tm_year=2022, tm_mon=2, tm_mday=3, tm_hour=6, tm_min=51, tm_sec=5, tm_wday=3, tm_yday=34, tm_isdst=-1)",2022-02-03,2022,2,34,3,51,6,BUS01
2022-02-03 06:53:35,40.765717,-111.90963,1282.9,-9999.0,-9999.0,-9999.0,13.35,5.44,-2.59,39.85,4.0,2.0,2.22,19.0,879.6,0.0,2.7,2.03,21.0,827.2,44.5,39.1,83.6,11.6,805.1,1.9,107.6,0.0,0,1,"time.struct_time(tm_year=2022, tm_mon=2, tm_mday=3, tm_hour=6, tm_min=53, tm_sec=35, tm_wday=3, tm_yday=34, tm_isdst=-1)",2022-02-03,2022,2,34,3,53,6,BUS01
2022-02-03 06:56:05,40.765713,-111.90963,1282.8,-9999.0,-9999.0,-9999.0,13.38,5.46,-2.49,39.27,4.0,2.0,2.22,19.0,879.6,0.0,2.9,2.03,21.0,826.7,59.2,34.2,93.4,11.6,805.1,1.9,107.8,0.0,0,1,"time.struct_time(tm_year=2022, tm_mon=2, tm_mday=3, tm_hour=6, tm_min=56, tm_sec=5, tm_wday=3, tm_yday=34, tm_isdst=-1)",2022-02-03,2022,2,34,3,56,6,BUS01
2022-02-03 06:58:35,40.765717,-111.909645,1282.3,-9999.0,-9999.0,-9999.0,13.35,5.49,-2.39,38.29,4.0,2.0,2.28,19.0,879.9,0.0,2.5,2.04,21.0,827.3,51.4,25.4,76.8,11.6,805.2,1.9,107.5,0.0,0,1,"time.struct_time(tm_year=2022, tm_mon=2, tm_mday=3, tm_hour=6, tm_min=58, tm_sec=35, tm_wday=3, tm_yday=34, tm_isdst=-1)",2022-02-03,2022,2,34,3,58,6,BUS01
2022-02-03 07:01:05,40.76572,-111.909637,1280.9,-9999.0,-9999.0,-9999.0,13.38,5.51,-2.32,37.81,7.0,2.0,2.28,19.0,879.8,0.0,4.6,2.02,21.0,826.8,64.7,28.3,93.0,11.6,805.2,1.9,107.6,0.0,0,1,"time.struct_time(tm_year=2022, tm_mon=2, tm_mday=3, tm_hour=7, tm_min=1, tm_sec=5, tm_wday=3, tm_yday=34, tm_isdst=-1)",2022-02-03,2022,2,34,3,1,7,BUS01
2022-02-03 07:03:35,40.765732,-111.909653,1281.4,-9999.0,-9999.0,-9999.0,13.34,5.53,-2.46,38.09,5.0,2.0,2.28,19.0,879.8,0.0,2.6,2.05,21.0,827.2,42.9,31.8,74.7,11.6,805.2,1.9,107.7,0.0,0,1,"time.struct_time(tm_year=2022, tm_mon=2, tm_mday=3, tm_hour=7, tm_min=3, tm_sec=35, tm_wday=3, tm_yday=34, tm_isdst=-1)",2022-02-03,2022,2,34,3,3,7,BUS01
2022-02-03 07:06:05,40.765736,-111.909668,1281.6,-9999.0,-9999.0,-9999.0,13.38,5.55,-2.46,38.15,4.0,2.0,2.39,19.0,879.9,0.0,2.3,2.05,21.1,826.9,25.9,33.2,59.1,11.6,805.2,1.9,107.3,0.0,0,1,"time.struct_time(tm_year=2022, tm_mon=2, tm_mday=3, tm_hour=7, tm_min=6, tm_sec=5, tm_wday=3, tm_yday=34, tm_isdst=-1)",2022-02-03,2022,2,34,3,6,7,BUS01
2022-02-03 07:08:35,40.765747,-111.909683,1281.5,-9999.0,-9999.0,-9999.0,13.3,5.57,-2.49,38.97,3.0,2.0,2.39,19.0,879.7,0.0,5.3,2.03,21.1,827.3,20.4,32.2,52.6,11.6,805.2,1.9,107.8,0.0,0,1,"time.struct_time(tm_year=2022, tm_mon=2, tm_mday=3, tm_hour=7, tm_min=8, tm_sec=35, tm_wday=3, tm_yday=34, tm_isdst=-1)",2022-02-03,2022,2,34,3,8,7,BUS01
2022-02-03 07:11:05,40.765743,-111.909683,1283.1,-9999.0,-9999.0,-9999.0,13.38,5.59,-2.73,39.38,4.0,2.0,2.5,19.0,879.9,0.0,4.9,2.03,21.1,826.9,14.4,31.6,46.0,11.6,805.2,1.9,107.6,0.0,0,1,"time.struct_time(tm_year=2022, tm_mon=2, tm_mday=3, tm_hour=7, tm_min=11, tm_sec=5, tm_wday=3, tm_yday=34, tm_isdst=-1)",2022-02-03,2022,2,34,3,11,7,BUS01
2022-02-03 07:13:35,40.765743,-111.909698,1283.9,-9999.0,-9999.0,-9999.0,13.33,5.61,-2.59,39.04,3.0,2.0,2.5,19.0,879.8,0.0,2.0,2.03,21.1,827.3,26.6,32.2,58.8,11.6,805.3,1.9,107.7,0.0,0,1,"time.struct_time(tm_year=2022, tm_mon=2, tm_mday=3, tm_hour=7, tm_min=13, tm_sec=35, tm_wday=3, tm_yday=34, tm_isdst=-1)",2022-02-03,2022,2,34,3,13,7,BUS01
2022-02-03 07:16:05,40.765747,-111.909691,1283.1,-9999.0,-9999.0,-9999.0,13.38,5.66,-2.32,38.15,3.0,2.0,2.61,19.0,879.8,0.0,4.9,2.02,21.2,827.0,17.4,34.3,51.7,11.7,805.2,1.9,107.7,0.0,0,1,"time.struct_time(tm_year=2022, tm_mon=2, tm_mday=3, tm_hour=7, tm_min=16, tm_sec=5, tm_wday=3, tm_yday=34, tm_isdst=-1)",2022-02-03,2022,2,34,3,16,7,BUS01
2022-02-03 07:18:35,40.765751,-111.909683,1283.1,-9999.0,-9999.0,-9999.0,13.33,5.72,-2.05,37.14,4.0,2.0,2.72,19.0,879.8,0.0,2.8,2.04,21.2,827.5,30.1,25.9,56.0,11.7,805.3,1.9,107.8,0.0,0,1,"time.struct_time(tm_year=2022, tm_mon=2, tm_mday=3, tm_hour=7, tm_min=18, tm_sec=35, tm_wday=3, tm_yday=34, tm_isdst=-1)",2022-02-03,2022,2,34,3,18,7,BUS01
2022-02-03 07:21:05,40.765755,-111.909683,1282.8,-9999.0,-9999.0,-9999.0,13.38,5.74,-2.12,36.39,3.0,2.0,2.78,19.0,879.7,0.0,7.4,2.04,21.3,827.1,7.0,30.5,37.5,11.7,805.3,1.9,107.7,0.0,0,1,"time.struct_time(tm_year=2022, tm_mon=2, tm_mday=3, tm_hour=7, tm_min=21, tm_sec=5, tm_wday=3, tm_yday=34, tm_isdst=-1)",2022-02-03,2022,2,34,3,21,7,BUS01
2022-02-03 07:24:40,40.765747,-111.909676,1282.1,-9999.0,-9999.0,-9999.0,13.38,5.81,-1.61,35.51,4.0,2.0,2.78,19.0,880.0,0.0,3.0,2.03,21.3,827.1,17.2,28.1,45.3,11.7,805.2,1.95,107.3,0.0,0,1,"time.struct_time(tm_year=2022, tm_mon=2, tm_mday=3, tm_hour=7, tm_min=24, tm_sec=40, tm_wday=3, tm_yday=34, tm_isdst=-1)",2022-02-03,2022,2,34,3,24,7,BUS01
2022-02-03 07:27:10,40.765751,-111.909683,1281.6,-9999.0,-9999.0,-9999.0,13.37,5.85,-1.3,34.42,3.0,2.0,2.78,19.0,879.7,0.0,5.6,2.04,21.3,827.3,8.5,33.3,41.8,11.7,805.2,1.96,107.5,0.0,0,1,"time.struct_time(tm_year=2022, tm_mon=2, tm_mday=3, tm_hour=7, tm_min=27, tm_sec=10, tm_wday=3, tm_yday=34, tm_isdst=-1)",2022-02-03,2022,2,34,3,27,7,BUS01
2022-02-03 07:29:40,40.765747,-111.909683,1280.9,-9999.0,-9999.0,-9999.0,13.37,5.9,-1.24,34.32,4.0,2.0,2.89,19.0,880.0,0.0,4.3,2.04,21.4,827.0,17.3,37.4,54.7,11.7,805.2,1.96,107.2,0.0,0,1,"time.struct_time(tm_year=2022, tm_mon=2, tm_mday=3, tm_hour=7, tm_min=29, tm_sec=40, tm_wday=3, tm_yday=34, tm_isdst=-1)",2022-02-03,2022,2,34,3,29,7,BUS01
2022-02-03 07:32:10,40.765751,-111.909691,1280.7,-9999.0,-9999.0,-9999.0,13.35,5.94,-1.17,33.91,4.0,2.0,2.89,19.0,879.6,0.0,6.4,2.04,21.4,827.3,18.3,29.0,47.3,11.7,805.1,1.96,107.2,0.0,0,1,"time.struct_time(tm_year=2022, tm_mon=2, tm_mday=3, tm_hour=7, tm_min=32, tm_sec=10, tm_wday=3, tm_yday=34, tm_isdst=-1)",2022-02-03,2022,2,34,3,32,7,BUS01
2022-02-03 07:34:40,40.765747,-111.909683,1280.7,-9999.0,-9999.0,-9999.0,13.37,5.98,-1.1,34.08,12.0,2.0,3.0,19.0,879.9,0.0,-3.5,2.03,21.5,827.0,166.5,70.7,237.2,11.7,805.1,1.96,107.1,0.0,0,1,"time.struct_time(tm_year=2022, tm_mon=2, tm_mday=3, tm_hour=7, tm_min=34, tm_sec=40, tm_wday=3, tm_yday=34, tm_isdst=-1)",2022-02-03,2022,2,34,3,34,7,BUS01
2022-02-03 07:37:10,40.765736,-111.909683,1280.4,-9999.0,-9999.0,-9999.0,13.37,6.05,-1.24,34.59,6.0,2.0,3.0,19.0,879.8,0.0,0.6,2.04,21.5,827.1,106.6,71.6,178.2,11.7,805.0,1.96,107.7,0.0,0,1,"time.struct_time(tm_year=2022, tm_mon=2, tm_mday=3, tm_hour=7, tm_min=37, tm_sec=10, tm_wday=3, tm_yday=34, tm_isdst=-1)",2022-02-03,2022,2,34,3,37,7,BUS01
2022-02-03 07:39:40,40.765743,-111.909683,1278.9,-9999.0,-9999.0,-9999.0,13.36,6.07,-1.3,34.69,4.0,2.0,3.0,18.0,879.9,0.0,6.2,2.03,21.5,827.1,31.2,36.5,67.7,11.8,805.1,1.96,107.1,0.0,0,1,"time.struct_time(tm_year=2022, tm_mon=2, tm_mday=3, tm_hour=7, tm_min=39, tm_sec=40, tm_wday=3, tm_yday=34, tm_isdst=-1)",2022-02-03,2022,2,34,3,39,7,BUS01
2022-02-03 07:42:10,40.765739,-111.909683,1278.2,-9999.0,-9999.0,-9999.0,13.37,6.11,-1.44,34.62,4.0,2.0,3.11,18.0,879.7,0.0,3.1,2.03,21.6,827.1,17.9,28.8,46.7,11.8,805.0,1.95,107.2,0.0,0,1,"time.struct_time(tm_year=2022, tm_mon=2, tm_mday=3, tm_hour=7, tm_min=42, tm_sec=10, tm_wday=3, tm_yday=34, tm_isdst=-1)",2022-02-03,2022,2,34,3,42,7,BUS01
2022-02-03 07:44:40,40.765743,-111.909691,1277.6,-9999.0,-9999.0,-9999.0,13.37,6.16,-1.71,35.37,9.0,2.0,3.11,18.0,879.7,0.0,-1.4,2.04,21.6,826.7,230.0,71.0,301.0,11.8,805.0,1.95,107.3,0.0,0,1,"time.struct_time(tm_year=2022, tm_mon=2, tm_mday=3, tm_hour=7, tm_min=44, tm_sec=40, tm_wday=3, tm_yday=34, tm_isdst=-1)",2022-02-03,2022,2,34,3,44,7,BUS01
2022-02-03 07:47:10,40.765732,-111.909691,1277.1,-9999.0,-9999.0,-9999.0,13.37,6.2,-1.85,36.39,5.0,2.0,3.22,18.0,879.7,0.0,0.8,2.03,21.7,827.1,117.4,55.5,172.9,11.8,805.0,1.96,107.1,0.0,0,1,"time.struct_time(tm_year=2022, tm_mon=2, tm_mday=3, tm_hour=7, tm_min=47, tm_sec=10, tm_wday=3, tm_yday=34, tm_isdst=-1)",2022-02-03,2022,2,34,3,47,7,BUS01
2022-02-03 07:49:40,40.765739,-111.909691,1277.2,-9999.0,-9999.0,-9999.0,13.37,6.24,-1.64,35.17,4.0,2.0,3.28,18.0,879.7,0.0,-1.6,2.03,21.7,826.8,39.7,36.2,75.9,11.8,804.9,1.96,107.3,0.0,0,1,"time.struct_time(tm_year=2022, tm_mon=2, tm_mday=3, tm_hour=7, tm_min=49, tm_sec=40, tm_wday=3, tm_yday=34, tm_isdst=-1)",2022-02-03,2022,2,34,3,49,7,BUS01
2022-02-03 07:52:10,40.765751,-111.909698,1278.3,-9999.0,-9999.0,-9999.0,13.37,6.29,-1.51,34.69,3.0,2.0,3.28,18.0,879.6,0.0,2.4,2.03,21.8,827.1,27.3,25.7,53.0,11.9,805.0,1.96,107.3,0.0,0,1,"time.struct_time(tm_year=2022, tm_mon=2, tm_mday=3, tm_hour=7, tm_min=52, tm_sec=10, tm_wday=3, tm_yday=34, tm_isdst=-1)",2022-02-03,2022,2,34,3,52,7,BUS01
2022-02-03 07:54:40,40.765743,-111.909683,1278.7,-9999.0,-9999.0,-9999.0,13.36,6.33,-1.57,34.62,4.0,2.0,3.28,18.0,879.6,0.0,4.2,2.04,21.8,826.7,17.5,26.2,43.7,11.9,804.8,1.96,107.2,0.0,0,1,"time.struct_time(tm_year=2022, tm_mon=2, tm_mday=3, tm_hour=7, tm_min=54, tm_sec=40, tm_wday=3, tm_yday=34, tm_isdst=-1)",2022-02-03,2022,2,34,3,54,7,BUS01
2022-02-03 07:57:10,40.765743,-111.909683,1278.2,-9999.0,-9999.0,-9999.0,13.36,6.4,-1.64,34.83,3.0,2.0,3.39,18.0,879.8,0.0,1.8,2.05,21.9,827.1,20.8,35.4,56.2,11.9,804.9,1.95,106.9,0.0,0,1,"time.struct_time(tm_year=2022, tm_mon=2, tm_mday=3, tm_hour=7, tm_min=57, tm_sec=10, tm_wday=3, tm_yday=34, tm_isdst=-1)",2022-02-03,2022,2,34,3,57,7,BUS01
2022-02-03 07:59:40,40.765743,-111.909691,1277.4,-9999.0,-9999.0,-9999.0,13.36,6.44,-1.57,34.62,3.0,2.0,3.39,18.0,879.5,0.0,4.2,2.04,21.9,826.8,14.0,30.9,44.9,11.9,804.9,1.95,107.1,0.0,0,1,"time.struct_time(tm_year=2022, tm_mon=2, tm_mday=3, tm_hour=7, tm_min=59, tm_sec=40, tm_wday=3, tm_yday=34, tm_isdst=-1)",2022-02-03,2022,2,34,3,59,7,BUS01
2022-02-03 08:02:10,40.765759,-111.909698,1279.6,-9999.0,-9999.0,-9999.0,13.35,6.48,-1.57,34.76,4.0,2.0,3.39,18.0,879.5,0.0,4.7,2.04,21.9,827.1,14.9,31.8,46.7,12.0,804.9,1.95,107.1,0.0,0,1,"time.struct_time(tm_year=2022, tm_mon=2, tm_mday=3, tm_hour=8, tm_min=2, tm_sec=10, tm_wday=3, tm_yday=34, tm_isdst=-1)",2022-02-03,2022,2,34,3,2,8,BUS01
2022-02-03 08:04:40,40.765759,-111.909698,1279.5,-9999.0,-9999.0,-9999.0,13.35,6.52,-1.51,34.56,2.0,2.0,3.5,18.0,879.7,0.0,1.0,2.05,22.0,826.8,12.7,28.3,41.0,12.0,804.8,1.95,107.2,0.0,0,1,"time.struct_time(tm_year=2022, tm_mon=2, tm_mday=3, tm_hour=8, tm_min=4, tm_sec=40, tm_wday=3, tm_yday=34, tm_isdst=-1)",2022-02-03,2022,2,34,3,4,8,BUS01
2022-02-03 08:07:10,40.765755,-111.909691,1278.9,-9999.0,-9999.0,-9999.0,13.36,6.57,-1.51,33.98,3.0,2.0,3.5,18.0,879.5,0.0,1.7,2.05,22.0,827.0,6.9,32.4,39.3,12.0,804.8,1.95,107.2,0.0,0,1,"time.struct_time(tm_year=2022, tm_mon=2, tm_mday=3, tm_hour=8, tm_min=7, tm_sec=10, tm_wday=3, tm_yday=34, tm_isdst=-1)",2022-02-03,2022,2,34,3,7,8,BUS01
2022-02-03 08:09:40,40.765762,-111.909683,1279.4,-9999.0,-9999.0,-9999.0,13.36,6.59,-1.51,34.45,3.0,2.0,3.5,18.0,879.4,0.0,1.0,2.04,22.1,826.5,3.1,33.6,36.7,12.0,804.9,1.95,107.0,0.0,0,1,"time.struct_time(tm_year=2022, tm_mon=2, tm_mday=3, tm_hour=8, tm_min=9, tm_sec=40, tm_wday=3, tm_yday=34, tm_isdst=-1)",2022-02-03,2022,2,34,3,9,8,BUS01
2022-02-03 08:12:10,40.765778,-111.909683,1279.7,-9999.0,-9999.0,-9999.0,13.35,6.63,-1.57,34.28,3.0,2.0,3.5,18.0,879.5,0.0,-1.4,2.03,22.1,827.0,-0.7,29.2,28.5,12.1,804.8,1.95,107.2,0.0,0,1,"time.struct_time(tm_year=2022, tm_mon=2, tm_mday=3, tm_hour=8, tm_min=12, tm_sec=10, tm_wday=3, tm_yday=34, tm_isdst=-1)",2022-02-03,2022,2,34,3,12,8,BUS01
2022-02-03 08:14:40,40.765774,-111.909691,1280.0,-9999.0,-9999.0,-9999.0,13.36,6.68,-1.51,34.22,3.0,2.0,3.61,18.0,879.7,0.0,5.0,2.04,22.2,826.8,4.8,29.4,34.2,12.1,804.8,1.95,107.2,0.0,0,1,"time.struct_time(tm_year=2022, tm_mon=2, tm_mday=3, tm_hour=8, tm_min=14, tm_sec=40, tm_wday=3, tm_yday=34, tm_isdst=-1)",2022-02-03,2022,2,34,3,14,8,BUS01
2022-02-03 08:17:10,40.765789,-111.909698,1281.0,-9999.0,-9999.0,-9999.0,13.35,6.72,-1.64,34.55,4.0,2.0,3.61,18.0,879.4,0.0,2.9,2.04,22.2,827.0,15.1,42.8,57.9,12.1,804.8,1.95,107.3,0.0,0,1,"time.struct_time(tm_year=2022, tm_mon=2, tm_mday=3, tm_hour=8, tm_min=17, tm_sec=10, tm_wday=3, tm_yday=34, tm_isdst=-1)",2022-02-03,2022,2,34,3,17,8,BUS01
2022-02-03 08:19:40,40.765789,-111.909698,1282.6,-9999.0,-9999.0,-9999.0,13.32,6.74,-1.85,35.0,3.0,2.0,3.72,18.0,879.5,0.0,2.0,2.04,22.2,826.7,15.4,29.7,45.1,12.2,804.8,1.95,107.2,0.0,0,1,"time.struct_time(tm_year=2022, tm_mon=2, tm_mday=3, tm_hour=8, tm_min=19, tm_sec=40, tm_wday=3, tm_yday=34, tm_isdst=-1)",2022-02-03,2022,2,34,3,19,8,BUS01
2022-02-03 08:22:10,40.765781,-111.909698,1282.6,-9999.0,-9999.0,-9999.0,13.35,6.77,-2.08,35.03,2.0,2.0,3.72,18.0,879.7,0.0,0.4,2.04,22.3,827.1,8.6,25.4,34.0,12.2,804.9,1.95,106.9,0.0,0,1,"time.struct_time(tm_year=2022, tm_mon=2, tm_mday=3, tm_hour=8, tm_min=22, tm_sec=10, tm_wday=3, tm_yday=34, tm_isdst=-1)",2022-02-03,2022,2,34,3,22,8,BUS01
2022-02-03 08:25:45,40.765785,-111.909691,1282.7,-9999.0,-9999.0,-9999.0,13.35,6.81,-2.66,35.84,2.0,2.0,3.72,17.0,879.6,0.0,2.1,2.03,22.3,826.7,9.1,26.5,35.6,12.2,804.8,1.88,106.5,0.0,0,1,"time.struct_time(tm_year=2022, tm_mon=2, tm_mday=3, tm_hour=8, tm_min=25, tm_sec=45, tm_wday=3, tm_yday=34, tm_isdst=-1)",2022-02-03,2022,2,34,3,25,8,BUS01
2022-02-03 08:28:15,40.765781,-111.909706,1282.9,-9999.0,-9999.0,-9999.0,13.35,6.83,-2.77,36.86,2.0,2.0,3.61,17.0,879.7,0.0,1.9,2.03,22.4,827.0,8.4,27.7,36.1,12.2,804.8,1.88,106.3,0.0,0,1,"time.struct_time(tm_year=2022, tm_mon=2, tm_mday=3, tm_hour=8, tm_min=28, tm_sec=15, tm_wday=3, tm_yday=34, tm_isdst=-1)",2022-02-03,2022,2,34,3,28,8,BUS01
2022-02-03 08:30:45,40.765797,-111.909721,1283.4,-9999.0,-9999.0,-9999.0,13.35,6.85,-2.39,35.91,2.0,2.0,3.61,17.0,879.5,0.0,5.9,2.05,22.4,826.7,8.9,20.5,29.4,12.3,804.8,1.88,106.6,0.0,0,1,"time.struct_time(tm_year=2022, tm_mon=2, tm_mday=3, tm_hour=8, tm_min=30, tm_sec=45, tm_wday=3, tm_yday=34, tm_isdst=-1)",2022-02-03,2022,2,34,3,30,8,BUS01
2022-02-03 08:33:15,40.7658,-111.909721,1283.8,-9999.0,-9999.0,-9999.0,13.35,6.88,-2.19,34.08,2.0,2.0,3.61,17.0,879.7,0.0,3.5,2.04,22.4,826.9,3.4,25.6,29.0,12.3,804.8,1.88,106.4,0.0,0,1,"time.struct_time(tm_year=2022, tm_mon=2, tm_mday=3, tm_hour=8, tm_min=33, tm_sec=15, tm_wday=3, tm_yday=34, tm_isdst=-1)",2022-02-03,2022,2,34,3,33,8,BUS01
2022-02-03 08:35:45,40.765793,-111.909706,1284.7,-9999.0,-9999.0,-9999.0,13.35,6.92,-2.06,33.4,2.0,2.0,3.61,17.0,879.6,0.0,6.6,2.06,22.5,827.2,11.2,26.5,37.7,12.3,804.8,1.88,106.4,0.0,0,1,"time.struct_time(tm_year=2022, tm_mon=2, tm_mday=3, tm_hour=8, tm_min=35, tm_sec=45, tm_wday=3, tm_yday=34, tm_isdst=-1)",2022-02-03,2022,2,34,3,35,8,BUS01
2022-02-03 08:38:15,40.765808,-111.909714,1284.6,-9999.0,-9999.0,-9999.0,13.35,6.94,-1.78,32.58,2.0,2.0,3.72,17.0,879.7,0.0,7.4,2.07,22.5,827.5,8.7,22.1,30.8,12.4,804.8,1.88,106.6,0.0,0,1,"time.struct_time(tm_year=2022, tm_mon=2, tm_mday=3, tm_hour=8, tm_min=38, tm_sec=15, tm_wday=3, tm_yday=34, tm_isdst=-1)",2022-02-03,2022,2,34,3,38,8,BUS01
2022-02-03 08:40:45,40.765812,-111.909721,1284.5,-9999.0,-9999.0,-9999.0,13.35,6.98,-1.78,32.0,2.0,2.0,3.72,17.0,879.5,0.0,10.1,2.06,22.5,827.4,3.2,19.9,23.1,12.4,804.7,1.88,106.7,0.0,0,1,"time.struct_time(tm_year=2022, tm_mon=2, tm_mday=3, tm_hour=8, tm_min=40, tm_sec=45, tm_wday=3, tm_yday=34, tm_isdst=-1)",2022-02-03,2022,2,34,3,40,8,BUS01
2022-02-03 08:43:15,40.765816,-111.909729,1284.4,-9999.0,-9999.0,-9999.0,13.35,7.03,-1.72,31.7,2.0,2.0,3.72,17.0,879.7,0.0,8.4,2.06,22.6,827.5,1.3,16.8,18.1,12.4,804.7,1.88,106.5,0.0,0,1,"time.struct_time(tm_year=2022, tm_mon=2, tm_mday=3, tm_hour=8, tm_min=43, tm_sec=15, tm_wday=3, tm_yday=34, tm_isdst=-1)",2022-02-03,2022,2,34,3,43,8,BUS01
2022-02-03 08:45:45,40.765816,-111.909729,1285.3,-9999.0,-9999.0,-9999.0,13.31,7.05,-1.72,31.56,2.0,2.0,3.72,16.0,879.5,0.0,7.4,2.06,22.6,827.4,7.8,18.8,26.6,12.4,804.8,1.88,106.5,0.0,0,1,"time.struct_time(tm_year=2022, tm_mon=2, tm_mday=3, tm_hour=8, tm_min=45, tm_sec=45, tm_wday=3, tm_yday=34, tm_isdst=-1)",2022-02-03,2022,2,34,3,45,8,BUS01
2022-02-03 08:48:15,40.76582,-111.909721,1284.5,-9999.0,-9999.0,-9999.0,13.34,7.09,-1.58,31.49,2.0,2.0,3.78,17.0,879.5,0.0,5.6,2.07,22.6,827.5,3.4,29.7,33.1,12.5,804.7,1.89,106.4,0.0,0,1,"time.struct_time(tm_year=2022, tm_mon=2, tm_mday=3, tm_hour=8, tm_min=48, tm_sec=15, tm_wday=3, tm_yday=34, tm_isdst=-1)",2022-02-03,2022,2,34,3,48,8,BUS01
2022-02-03 08:50:45,40.765823,-111.909721,1284.8,-9999.0,-9999.0,-9999.0,13.34,7.11,-1.65,31.22,2.0,2.0,3.89,16.0,879.6,0.0,8.5,2.06,22.6,827.2,4.1,22.2,26.3,12.5,804.7,1.88,106.4,0.0,0,1,"time.struct_time(tm_year=2022, tm_mon=2, tm_mday=3, tm_hour=8, tm_min=50, tm_sec=45, tm_wday=3, tm_yday=34, tm_isdst=-1)",2022-02-03,2022,2,34,3,50,8,BUS01
2022-02-03 08:53:15,40.765823,-111.909729,1285.2,-9999.0,-9999.0,-9999.0,13.34,7.14,-1.72,31.02,2.0,2.0,3.89,16.0,879.5,0.0,9.2,2.06,22.7,827.5,2.6,16.2,18.8,12.5,804.7,1.88,106.6,0.0,0,1,"time.struct_time(tm_year=2022, tm_mon=2, tm_mday=3, tm_hour=8, tm_min=53, tm_sec=15, tm_wday=3, tm_yday=34, tm_isdst=-1)",2022-02-03,2022,2,34,3,53,8,BUS01
2022-02-03 08:55:45,40.76582,-111.909721,1285.4,-9999.0,-9999.0,-9999.0,13.34,7.18,-1.62,30.88,2.0,2.0,3.89,16.0,879.4,0.0,7.8,2.07,22.7,827.2,1.5,26.5,28.0,12.5,804.6,1.89,106.5,0.0,0,1,"time.struct_time(tm_year=2022, tm_mon=2, tm_mday=3, tm_hour=8, tm_min=55, tm_sec=45, tm_wday=3, tm_yday=34, tm_isdst=-1)",2022-02-03,2022,2,34,3,55,8,BUS01
2022-02-03 08:58:15,40.765816,-111.909721,1285.5,-9999.0,-9999.0,-9999.0,13.34,7.2,-1.48,30.27,1.0,2.0,4.0,16.0,879.4,0.0,9.9,2.05,22.7,827.4,7.2,22.2,29.4,12.6,804.6,1.89,106.5,0.0,0,1,"time.struct_time(tm_year=2022, tm_mon=2, tm_mday=3, tm_hour=8, tm_min=58, tm_sec=15, tm_wday=3, tm_yday=34, tm_isdst=-1)",2022-02-03,2022,2,34,3,58,8,BUS01
2022-02-03 09:00:45,40.765816,-111.909721,1285.9,-9999.0,-9999.0,-9999.0,13.34,7.22,-1.72,30.81,2.0,2.0,4.0,16.0,879.4,0.0,10.8,2.06,22.8,827.2,7.8,20.1,27.9,12.6,804.5,1.89,106.7,0.0,0,1,"time.struct_time(tm_year=2022, tm_mon=2, tm_mday=3, tm_hour=9, tm_min=0, tm_sec=45, tm_wday=3, tm_yday=34, tm_isdst=-1)",2022-02-03,2022,2,34,3,0,9,BUS01
2022-02-03 09:03:15,40.765816,-111.909737,1286.3,-9999.0,-9999.0,-9999.0,13.34,7.25,-1.99,31.56,1.0,2.0,3.89,16.0,879.6,0.0,8.7,2.05,22.8,827.5,4.7,19.8,24.5,12.6,804.6,1.89,106.6,0.0,0,1,"time.struct_time(tm_year=2022, tm_mon=2, tm_mday=3, tm_hour=9, tm_min=3, tm_sec=15, tm_wday=3, tm_yday=34, tm_isdst=-1)",2022-02-03,2022,2,34,3,3,9,BUS01
2022-02-03 09:05:45,40.76582,-111.909729,1286.8,-9999.0,-9999.0,-9999.0,13.31,7.25,-1.93,31.02,2.0,2.0,3.89,16.0,879.4,0.0,10.6,2.07,22.8,827.3,1.5,20.0,21.5,12.7,804.6,1.89,106.6,0.0,0,1,"time.struct_time(tm_year=2022, tm_mon=2, tm_mday=3, tm_hour=9, tm_min=5, tm_sec=45, tm_wday=3, tm_yday=34, tm_isdst=-1)",2022-02-03,2022,2,34,3,5,9,BUS01
2022-02-03 09:08:15,40.765793,-111.909729,1288.6,-9999.0,-9999.0,-9999.0,13.33,7.29,-1.66,30.07,2.0,2.0,4.0,16.0,879.6,0.0,12.8,2.07,22.8,827.5,-0.4,13.3,12.9,12.7,804.6,1.88,106.5,0.0,0,1,"time.struct_time(tm_year=2022, tm_mon=2, tm_mday=3, tm_hour=9, tm_min=8, tm_sec=15, tm_wday=3, tm_yday=34, tm_isdst=-1)",2022-02-03,2022,2,34,3,8,9,BUS01
2022-02-03 09:10:45,40.765781,-111.909729,1288.0,-9999.0,-9999.0,-9999.0,13.34,7.31,-1.65,29.66,1.0,2.0,4.0,16.0,879.5,0.0,13.2,2.07,22.9,827.4,4.7,13.2,17.9,12.7,804.5,1.88,106.4,0.0,0,1,"time.struct_time(tm_year=2022, tm_mon=2, tm_mday=3, tm_hour=9, tm_min=10, tm_sec=45, tm_wday=3, tm_yday=34, tm_isdst=-1)",2022-02-03,2022,2,34,3,10,9,BUS01
2022-02-03 09:13:15,40.765785,-111.909721,1287.0,-9999.0,-9999.0,-9999.0,13.34,7.33,-1.45,29.42,2.0,2.0,4.0,16.0,879.5,0.0,12.7,2.08,22.9,827.5,2.9,16.7,19.6,12.7,804.5,1.89,106.4,0.0,0,1,"time.struct_time(tm_year=2022, tm_mon=2, tm_mday=3, tm_hour=9, tm_min=13, tm_sec=15, tm_wday=3, tm_yday=34, tm_isdst=-1)",2022-02-03,2022,2,34,3,13,9,BUS01
2022-02-03 09:15:45,40.765778,-111.909721,1287.4,-9999.0,-9999.0,-9999.0,13.31,7.36,-1.25,29.45,2.0,2.0,4.0,16.0,879.4,0.0,12.2,2.07,22.9,827.4,4.4,17.3,21.7,12.8,804.6,1.89,106.4,0.0,0,1,"time.struct_time(tm_year=2022, tm_mon=2, tm_mday=3, tm_hour=9, tm_min=15, tm_sec=45, tm_wday=3, tm_yday=34, tm_isdst=-1)",2022-02-03,2022,2,34,3,15,9,BUS01
2022-02-03 09:18:15,40.765785,-111.909721,1286.9,-9999.0,-9999.0,-9999.0,13.34,7.38,-1.04,29.45,2.0,2.0,4.0,16.0,879.4,0.0,8.6,2.06,22.9,827.3,4.6,17.8,22.4,12.8,804.5,1.89,106.6,0.0,0,1,"time.struct_time(tm_year=2022, tm_mon=2, tm_mday=3, tm_hour=9, tm_min=18, tm_sec=15, tm_wday=3, tm_yday=34, tm_isdst=-1)",2022-02-03,2022,2,34,3,18,9,BUS01
2022-02-03 09:20:45,40.765793,-111.909721,1287.6,-9999.0,-9999.0,-9999.0,13.35,7.4,-0.84,29.49,4.0,2.0,4.0,16.0,879.3,0.0,8.3,2.08,22.9,827.2,-4.5,23.7,19.2,12.8,804.5,1.88,106.6,0.0,0,1,"time.struct_time(tm_year=2022, tm_mon=2, tm_mday=3, tm_hour=9, tm_min=20, tm_sec=45, tm_wday=3, tm_yday=34, tm_isdst=-1)",2022-02-03,2022,2,34,3,20,9,BUS01
2022-02-03 09:23:15,40.765797,-111.909714,1286.9,-9999.0,-9999.0,-9999.0,13.34,7.42,-0.74,29.69,3.0,2.0,4.0,16.0,879.4,0.0,10.9,2.07,23.0,827.5,11.2,28.3,39.5,12.8,804.5,1.89,106.6,0.0,0,1,"time.struct_time(tm_year=2022, tm_mon=2, tm_mday=3, tm_hour=9, tm_min=23, tm_sec=15, tm_wday=3, tm_yday=34, tm_isdst=-1)",2022-02-03,2022,2,34,3,23,9,BUS01
2022-02-03 09:26:50,40.765778,-111.909691,1286.5,-9999.0,-9999.0,-9999.0,13.35,7.44,-0.81,29.93,2.0,2.0,3.89,16.0,879.4,0.0,10.6,2.07,23.0,827.5,6.8,23.9,30.7,12.9,804.5,1.89,107.7,0.0,0,1,"time.struct_time(tm_year=2022, tm_mon=2, tm_mday=3, tm_hour=9, tm_min=26, tm_sec=50, tm_wday=3, tm_yday=34, tm_isdst=-1)",2022-02-03,2022,2,34,3,26,9,BUS01
2022-02-03 09:29:20,40.765766,-111.909676,1286.3,-9999.0,-9999.0,-9999.0,13.35,7.44,-1.21,30.95,2.0,2.0,3.72,16.0,879.6,0.0,13.3,2.07,23.0,827.5,5.5,28.1,33.6,12.9,804.6,1.89,107.6,0.0,0,1,"time.struct_time(tm_year=2022, tm_mon=2, tm_mday=3, tm_hour=9, tm_min=29, tm_sec=20, tm_wday=3, tm_yday=34, tm_isdst=-1)",2022-02-03,2022,2,34,3,29,9,BUS01
2022-02-03 09:31:50,40.765759,-111.909668,1285.4,-9999.0,-9999.0,-9999.0,13.35,7.44,-1.32,31.08,2.0,2.0,3.72,16.0,879.6,0.0,8.2,2.07,23.0,827.5,5.6,19.3,24.9,12.9,804.5,1.89,107.6,0.0,0,1,"time.struct_time(tm_year=2022, tm_mon=2, tm_mday=3, tm_hour=9, tm_min=31, tm_sec=50, tm_wday=3, tm_yday=34, tm_isdst=-1)",2022-02-03,2022,2,34,3,31,9,BUS01
2022-02-03 09:34:20,40.765743,-111.90966,1284.6,-9999.0,-9999.0,-9999.0,13.35,7.44,-1.11,31.08,3.0,2.0,3.72,16.0,879.6,0.0,4.8,2.07,23.0,827.3,5.2,23.2,28.4,12.9,804.6,1.89,107.4,0.0,0,1,"time.struct_time(tm_year=2022, tm_mon=2, tm_mday=3, tm_hour=9, tm_min=34, tm_sec=20, tm_wday=3, tm_yday=34, tm_isdst=-1)",2022-02-03,2022,2,34,3,34,9,BUS01
2022-02-03 09:36:50,40.765743,-111.90966,1284.9,-9999.0,-9999.0,-9999.0,13.35,7.44,-1.01,31.42,3.0,2.0,3.72,16.0,879.4,0.0,2.5,2.06,23.1,827.2,15.0,22.3,37.3,13.0,804.4,1.89,107.5,0.0,0,1,"time.struct_time(tm_year=2022, tm_mon=2, tm_mday=3, tm_hour=9, tm_min=36, tm_sec=50, tm_wday=3, tm_yday=34, tm_isdst=-1)",2022-02-03,2022,2,34,3,36,9,BUS01
2022-02-03 09:39:20,40.765732,-111.90966,1284.8,-9999.0,-9999.0,-9999.0,13.31,7.44,-0.91,31.08,3.0,2.0,3.61,16.0,879.5,0.0,4.1,2.04,23.1,827.4,2.2,28.2,30.4,13.0,804.7,1.89,107.5,0.0,0,1,"time.struct_time(tm_year=2022, tm_mon=2, tm_mday=3, tm_hour=9, tm_min=39, tm_sec=20, tm_wday=3, tm_yday=34, tm_isdst=-1)",2022-02-03,2022,2,34,3,39,9,BUS01
2022-02-03 09:41:50,40.765743,-111.909668,1283.7,-9999.0,-9999.0,-9999.0,13.35,7.46,-0.91,31.35,4.0,2.0,3.61,16.0,879.6,0.0,2.8,2.05,23.1,827.3,5.7,24.7,30.4,13.0,804.7,1.9,107.6,0.0,0,1,"time.struct_time(tm_year=2022, tm_mon=2, tm_mday=3, tm_hour=9, tm_min=41, tm_sec=50, tm_wday=3, tm_yday=34, tm_isdst=-1)",2022-02-03,2022,2,34,3,41,9,BUS01
2022-02-03 09:44:20,40.765755,-111.90966,1283.4,-9999.0,-9999.0,-9999.0,13.33,7.46,-0.98,32.03,4.0,2.0,3.61,16.0,879.5,0.0,3.8,2.08,23.1,827.5,123.1,47.9,171.0,13.0,804.7,1.89,107.4,0.0,0,1,"time.struct_time(tm_year=2022, tm_mon=2, tm_mday=3, tm_hour=9, tm_min=44, tm_sec=20, tm_wday=3, tm_yday=34, tm_isdst=-1)",2022-02-03,2022,2,34,3,44,9,BUS01
2022-02-03 09:46:50,40.765747,-111.909653,1283.5,-9999.0,-9999.0,-9999.0,13.36,7.46,-1.04,32.07,4.0,2.0,3.5,16.0,879.5,0.0,6.7,2.07,23.1,827.6,24.0,35.6,59.6,13.0,804.7,1.89,107.5,0.0,0,1,"time.struct_time(tm_year=2022, tm_mon=2, tm_mday=3, tm_hour=9, tm_min=46, tm_sec=50, tm_wday=3, tm_yday=34, tm_isdst=-1)",2022-02-03,2022,2,34,3,46,9,BUS01
2022-02-03 09:49:20,40.765747,-111.909653,1283.0,-9999.0,-9999.0,-9999.0,13.35,7.46,-1.32,32.78,4.0,2.0,3.61,16.0,879.6,0.0,-1.3,2.05,23.1,827.3,21.6,29.8,51.4,13.0,804.8,1.89,107.5,0.0,0,1,"time.struct_time(tm_year=2022, tm_mon=2, tm_mday=3, tm_hour=9, tm_min=49, tm_sec=20, tm_wday=3, tm_yday=34, tm_isdst=-1)",2022-02-03,2022,2,34,3,49,9,BUS01
2022-02-03 09:51:50,40.765743,-111.909645,1282.0,-9999.0,-9999.0,-9999.0,13.35,7.46,-1.42,33.73,3.0,2.0,3.61,17.0,879.8,0.0,0.3,2.06,23.1,827.6,12.3,37.4,49.7,13.1,804.7,1.9,107.5,0.0,0,1,"time.struct_time(tm_year=2022, tm_mon=2, tm_mday=3, tm_hour=9, tm_min=51, tm_sec=50, tm_wday=3, tm_yday=34, tm_isdst=-1)",2022-02-03,2022,2,34,3,51,9,BUS01
2022-02-03 09:54:20,40.765743,-111.909637,1281.8,-9999.0,-9999.0,-9999.0,13.31,7.46,-1.52,33.73,4.0,2.0,3.72,17.0,879.7,0.0,0.1,2.07,23.1,827.4,10.9,34.6,45.5,13.1,804.7,1.89,107.7,0.0,0,1,"time.struct_time(tm_year=2022, tm_mon=2, tm_mday=3, tm_hour=9, tm_min=54, tm_sec=20, tm_wday=3, tm_yday=34, tm_isdst=-1)",2022-02-03,2022,2,34,3,54,9,BUS01
2022-02-03 09:56:50,40.765743,-111.909637,1281.8,-9999.0,-9999.0,-9999.0,13.35,7.46,-1.52,33.93,4.0,2.0,3.61,17.0,879.5,0.0,-1.4,2.04,23.1,826.3,14.6,43.0,57.6,13.1,804.6,1.89,107.8,0.0,0,1,"time.struct_time(tm_year=2022, tm_mon=2, tm_mday=3, tm_hour=9, tm_min=56, tm_sec=50, tm_wday=3, tm_yday=34, tm_isdst=-1)",2022-02-03,2022,2,34,3,56,9,BUS01
2022-02-03 09:59:20,40.765743,-111.90963,1281.9,-9999.0,-9999.0,-9999.0,13.35,7.46,-1.52,33.73,4.0,2.0,3.72,17.0,879.4,0.0,-1.1,2.07,23.1,827.3,15.3,37.1,52.4,13.1,804.7,1.89,107.6,0.0,0,1,"time.struct_time(tm_year=2022, tm_mon=2, tm_mday=3, tm_hour=9, tm_min=59, tm_sec=20, tm_wday=3, tm_yday=34, tm_isdst=-1)",2022-02-03,2022,2,34,3,59,9,BUS01
2022-02-03 10:01:50,40.765728,-111.909622,1281.4,-9999.0,-9999.0,-9999.0,13.35,7.46,-1.59,34.27,4.0,2.0,3.72,17.0,879.5,0.0,0.3,2.08,23.1,827.6,16.2,42.2,58.4,13.1,804.7,1.89,107.8,0.0,0,1,"time.struct_time(tm_year=2022, tm_mon=2, tm_mday=3, tm_hour=10, tm_min=1, tm_sec=50, tm_wday=3, tm_yday=34, tm_isdst=-1)",2022-02-03,2022,2,34,3,1,10,BUS01
2022-02-03 10:04:20,40.765717,-111.90963,1281.1,-9999.0,-9999.0,-9999.0,13.35,7.49,-1.76,33.8,4.0,2.0,3.61,16.0,879.7,0.0,5.7,2.06,23.1,827.4,15.7,35.3,51.0,13.1,804.7,1.89,107.5,0.0,0,1,"time.struct_time(tm_year=2022, tm_mon=2, tm_mday=3, tm_hour=10, tm_min=4, tm_sec=20, tm_wday=3, tm_yday=34, tm_isdst=-1)",2022-02-03,2022,2,34,3,4,10,BUS01
2022-02-03 10:06:50,40.76572,-111.90963,1280.4,-9999.0,-9999.0,-9999.0,13.35,7.46,-1.96,33.9,4.0,2.0,3.72,16.0,879.7,0.0,-1.4,2.07,23.1,827.4,23.2,33.8,57.0,13.1,804.8,1.9,107.4,0.0,0,1,"time.struct_time(tm_year=2022, tm_mon=2, tm_mday=3, tm_hour=10, tm_min=6, tm_sec=50, tm_wday=3, tm_yday=34, tm_isdst=-1)",2022-02-03,2022,2,34,3,6,10,BUS01
2022-02-03 10:09:20,40.765728,-111.909645,1280.3,-9999.0,-9999.0,-9999.0,13.34,7.46,-2.13,34.48,4.0,2.0,3.61,16.0,879.6,0.0,1.6,2.07,23.1,827.5,22.9,30.9,53.8,13.1,804.8,1.89,107.5,0.0,0,1,"time.struct_time(tm_year=2022, tm_mon=2, tm_mday=3, tm_hour=10, tm_min=9, tm_sec=20, tm_wday=3, tm_yday=34, tm_isdst=-1)",2022-02-03,2022,2,34,3,9,10,BUS01
2022-02-03 10:11:50,40.765724,-111.909645,1279.6,-9999.0,-9999.0,-9999.0,13.36,7.46,-2.37,34.82,4.0,2.0,3.61,16.0,879.8,0.0,-2.6,2.07,23.1,827.6,16.1,38.0,54.1,13.1,804.7,1.89,107.7,0.0,0,1,"time.struct_time(tm_year=2022, tm_mon=2, tm_mday=3, tm_hour=10, tm_min=11, tm_sec=50, tm_wday=3, tm_yday=34, tm_isdst=-1)",2022-02-03,2022,2,34,3,11,10,BUS01
2022-02-03 10:14:20,40.76572,-111.909645,1279.4,-9999.0,-9999.0,-9999.0,13.35,7.44,-2.44,35.36,4.0,2.0,3.72,16.0,879.7,0.0,-1.4,2.07,23.1,827.4,23.5,36.4,59.9,13.2,804.8,1.89,107.6,0.0,0,1,"time.struct_time(tm_year=2022, tm_mon=2, tm_mday=3, tm_hour=10, tm_min=14, tm_sec=20, tm_wday=3, tm_yday=34, tm_isdst=-1)",2022-02-03,2022,2,34,3,14,10,BUS01
2022-02-03 10:16:50,40.765717,-111.909637,1279.2,-9999.0,-9999.0,-9999.0,13.35,7.44,-2.44,35.63,4.0,2.0,3.61,16.0,879.6,0.0,-1.5,2.06,23.1,827.7,21.4,37.1,58.5,13.2,804.8,1.9,107.6,0.0,0,1,"time.struct_time(tm_year=2022, tm_mon=2, tm_mday=3, tm_hour=10, tm_min=16, tm_sec=50, tm_wday=3, tm_yday=34, tm_isdst=-1)",2022-02-03,2022,2,34,3,16,10,BUS01
2022-02-03 10:19:20,40.76572,-111.909645,1278.8,-9999.0,-9999.0,-9999.0,13.35,7.44,-2.4,34.37,2.0,2.0,3.61,16.0,879.6,0.0,2.4,2.06,23.1,827.5,14.5,28.4,42.9,13.2,804.7,1.89,107.6,0.0,0,1,"time.struct_time(tm_year=2022, tm_mon=2, tm_mday=3, tm_hour=10, tm_min=19, tm_sec=20, tm_wday=3, tm_yday=34, tm_isdst=-1)",2022-02-03,2022,2,34,3,19,10,BUS01
2022-02-03 10:21:50,40.765724,-111.909653,1278.4,-9999.0,-9999.0,-9999.0,13.35,7.42,-2.47,33.53,2.0,2.0,3.61,16.0,879.5,0.0,4.1,2.06,23.1,827.8,19.1,30.3,49.4,13.2,804.8,1.9,107.7,0.0,0,1,"time.struct_time(tm_year=2022, tm_mon=2, tm_mday=3, tm_hour=10, tm_min=21, tm_sec=50, tm_wday=3, tm_yday=34, tm_isdst=-1)",2022-02-03,2022,2,34,3,21,10,BUS01
2022-02-03 10:24:20,40.765717,-111.909653,1278.0,-9999.0,-9999.0,-9999.0,13.35,7.4,-2.4,33.12,3.0,2.0,3.61,16.0,879.9,0.0,1.5,2.05,23.1,827.4,8.0,24.9,32.9,13.2,804.8,1.89,107.6,0.0,0,1,"time.struct_time(tm_year=2022, tm_mon=2, tm_mday=3, tm_hour=10, tm_min=24, tm_sec=20, tm_wday=3, tm_yday=34, tm_isdst=-1)",2022-02-03,2022,2,34,3,24,10,BUS01
2022-02-03 10:27:55,40.76572,-111.909653,1279.0,-9999.0,-9999.0,-9999.0,13.36,7.4,-2.33,32.64,2.0,2.0,3.61,16.0,879.8,0.0,6.9,2.07,23.0,827.8,5.6,20.1,25.7,13.2,804.9,1.95,107.3,0.0,0,1,"time.struct_time(tm_year=2022, tm_mon=2, tm_mday=3, tm_hour=10, tm_min=27, tm_sec=55, tm_wday=3, tm_yday=34, tm_isdst=-1)",2022-02-03,2022,2,34,3,27,10,BUS01
2022-02-03 10:30:25,40.765713,-111.909645,1279.6,-9999.0,-9999.0,-9999.0,13.36,7.38,-2.47,33.12,3.0,2.0,3.5,16.0,879.9,0.0,6.4,2.05,23.0,827.5,6.5,34.2,40.7,13.2,805.0,1.95,107.2,0.0,0,1,"time.struct_time(tm_year=2022, tm_mon=2, tm_mday=3, tm_hour=10, tm_min=30, tm_sec=25, tm_wday=3, tm_yday=34, tm_isdst=-1)",2022-02-03,2022,2,34,3,30,10,BUS01
2022-02-03 10:32:55,40.765713,-111.909645,1279.8,-9999.0,-9999.0,-9999.0,13.35,7.36,-2.67,34.2,4.0,2.0,3.5,16.0,879.7,0.0,-0.7,2.07,23.0,827.9,8.5,35.1,43.6,13.2,804.9,1.95,107.2,0.0,0,1,"time.struct_time(tm_year=2022, tm_mon=2, tm_mday=3, tm_hour=10, tm_min=32, tm_sec=55, tm_wday=3, tm_yday=34, tm_isdst=-1)",2022-02-03,2022,2,34,3,32,10,BUS01
2022-02-03 10:35:25,40.765713,-111.909645,1280.9,-9999.0,-9999.0,-9999.0,13.35,7.33,-2.64,34.51,3.0,2.0,3.39,16.0,879.6,0.0,-1.4,2.07,23.0,827.6,10.3,26.9,37.2,13.2,805.0,1.95,107.2,0.0,0,1,"time.struct_time(tm_year=2022, tm_mon=2, tm_mday=3, tm_hour=10, tm_min=35, tm_sec=25, tm_wday=3, tm_yday=34, tm_isdst=-1)",2022-02-03,2022,2,34,3,35,10,BUS01
