Timestamp_UTC,Latitude_ddeg,Longitude_ddeg,Elevation_m,GPS_Speed_m/s,GPS_Direction_deg,GPS_RMC_Valid_binary,Battery_Voltage_volts,Bus_Box_Temperature_degC,Bus_Top_Temperature_degC,Bus_Top_Relative_Humidity_%,ES642_PM2.5_Concentration_ug/m3,ES642_Air_Flow_Rate_L/min,ES642_Internal_Air_Temperature_degC,ES642_Internal_Relative_Humidity_%,ES642_Internal_Air_Pressure_hpa,ES642_Error_Code_code,2B_Ozone_Concentration_ppbv,2B_Air_Flow_Rate_L/min,2B_Internal_Air_Temperature_degC,2B_Internal_Air_Pressure_hpa,2B405_NO_Concentration_ppbv,2B405_NO2_Concentration_ppbv,2B405_NOX_Concentration_ppbv,2B405_Internal_Air_Temperature_degC,2B405_Internal_Air_Pressure_hpa,2B405_Air_Flow_Rate_L/min,2B405_Cell_O3_Flow_Rate_mL/min,PM2.5_Data_Flagged_binary,Ozone_Data_Flagged_binary,GPS_Data_Flagged_binary,Time_Tuple,Date,Year,Month,Day_of_Year,Day_of_Month,Minute,Hour,Transit_ID
2021-11-01 05:39:05,40.765797,-111.909698,1277.2,-9999.0,-9999.0,-9999.0,13.26,13.19,12.15,62.43,11.0,2.0,11.0,46.0,872.1,0.0,2.0,2.04,16.6,822.5,-9999.0,-9999.0,-9999.0,-9999.0,-9999.0,-9999.0,-9999.0,0.0,0,1,"time.struct_time(tm_year=2021, tm_mon=11, tm_mday=1, tm_hour=5, tm_min=39, tm_sec=5, tm_wday=0, tm_yday=305, tm_isdst=-1)",2021-11-01,2021,11,305,1,39,5,BUS01
2021-11-01 05:41:35,40.765736,-111.909782,1277.0,-9999.0,-9999.0,-9999.0,13.22,13.21,12.26,61.95,12.0,2.0,11.11,47.0,872.2,0.0,-0.4,2.06,17.9,823.7,-9999.0,-9999.0,-9999.0,-9999.0,-9999.0,-9999.0,-9999.0,0.0,0,1,"time.struct_time(tm_year=2021, tm_mon=11, tm_mday=1, tm_hour=5, tm_min=41, tm_sec=35, tm_wday=0, tm_yday=305, tm_isdst=-1)",2021-11-01,2021,11,305,1,41,5,BUS01
2021-11-01 05:44:05,40.765785,-111.909805,1290.8,-9999.0,-9999.0,-9999.0,13.23,13.26,12.36,61.44,12.0,2.0,11.11,46.0,872.2,0.0,3.4,2.07,19.0,822.7,-9999.0,-9999.0,-9999.0,-9999.0,-9999.0,-9999.0,-9999.0,0.0,0,1,"time.struct_time(tm_year=2021, tm_mon=11, tm_mday=1, tm_hour=5, tm_min=44, tm_sec=5, tm_wday=0, tm_yday=305, tm_isdst=-1)",2021-11-01,2021,11,305,1,44,5,BUS01
2021-11-01 05:46:35,40.765862,-111.90979,1300.9,-9999.0,-9999.0,-9999.0,13.19,13.33,12.49,61.21,12.0,2.0,11.28,45.0,872.4,0.0,2.5,2.08,19.9,823.7,-9999.0,-9999.0,-9999.0,-9999.0,-9999.0,-9999.0,-9999.0,0.0,0,1,"time.struct_time(tm_year=2021, tm_mon=11, tm_mday=1, tm_hour=5, tm_min=46, tm_sec=35, tm_wday=0, tm_yday=305, tm_isdst=-1)",2021-11-01,2021,11,305,1,46,5,BUS01
2021-11-01 05:49:05,40.76569,-111.909645,1260.0,-9999.0,-9999.0,-9999.0,13.2,13.42,12.49,60.9,10.0,2.0,11.39,44.0,872.4,0.0,0.5,2.08,20.8,823.0,8.2,15.8,24.0,14.0,817.7,1.5,74.7,0.0,0,1,"time.struct_time(tm_year=2021, tm_mon=11, tm_mday=1, tm_hour=5, tm_min=49, tm_sec=5, tm_wday=0, tm_yday=305, tm_isdst=-1)",2021-11-01,2021,11,305,1,49,5,BUS01
2021-11-01 05:51:35,40.765888,-111.909836,1267.0,-9999.0,-9999.0,-9999.0,13.19,13.56,12.53,60.83,10.0,2.0,11.61,43.0,872.3,0.0,-0.1,2.08,21.5,823.7,38.4,12.8,51.2,14.0,817.8,1.52,74.9,0.0,0,1,"time.struct_time(tm_year=2021, tm_mon=11, tm_mday=1, tm_hour=5, tm_min=51, tm_sec=35, tm_wday=0, tm_yday=305, tm_isdst=-1)",2021-11-01,2021,11,305,1,51,5,BUS01
2021-11-01 05:54:05,40.765781,-111.90966,1276.6,-9999.0,-9999.0,-9999.0,13.19,13.68,12.56,61.21,10.0,2.0,11.78,42.0,872.4,0.0,-2.3,2.08,22.2,823.1,20.6,18.8,39.4,14.1,818.0,1.52,75.0,0.0,0,1,"time.struct_time(tm_year=2021, tm_mon=11, tm_mday=1, tm_hour=5, tm_min=54, tm_sec=5, tm_wday=0, tm_yday=305, tm_isdst=-1)",2021-11-01,2021,11,305,1,54,5,BUS01
2021-11-01 05:56:35,40.765774,-111.909897,1263.0,-9999.0,-9999.0,-9999.0,13.19,13.8,12.56,61.21,10.0,2.0,12.0,40.0,872.8,0.0,0.1,2.09,22.8,823.9,35.0,25.8,60.8,14.1,818.1,1.52,75.4,0.0,0,1,"time.struct_time(tm_year=2021, tm_mon=11, tm_mday=1, tm_hour=5, tm_min=56, tm_sec=35, tm_wday=0, tm_yday=305, tm_isdst=-1)",2021-11-01,2021,11,305,1,56,5,BUS01
2021-11-01 05:59:05,40.765766,-111.909874,1275.7,-9999.0,-9999.0,-9999.0,13.18,13.92,12.49,61.51,11.0,2.0,12.22,39.0,872.8,0.0,-0.1,2.1,23.4,823.5,30.2,18.8,49.0,14.2,818.2,1.52,75.0,0.0,0,1,"time.struct_time(tm_year=2021, tm_mon=11, tm_mday=1, tm_hour=5, tm_min=59, tm_sec=5, tm_wday=0, tm_yday=305, tm_isdst=-1)",2021-11-01,2021,11,305,1,59,5,BUS01
2021-11-01 06:01:35,40.76556,-111.909515,1263.7,-9999.0,-9999.0,-9999.0,13.18,14.04,12.53,61.85,12.0,2.0,12.5,38.0,872.7,0.0,0.4,2.1,23.9,823.9,27.9,24.3,52.2,14.3,818.0,1.52,75.3,0.0,0,1,"time.struct_time(tm_year=2021, tm_mon=11, tm_mday=1, tm_hour=6, tm_min=1, tm_sec=35, tm_wday=0, tm_yday=305, tm_isdst=-1)",2021-11-01,2021,11,305,1,1,6,BUS01
2021-11-01 06:04:05,40.765602,-111.909554,1283.0,-9999.0,-9999.0,-9999.0,13.18,14.16,12.49,61.99,11.0,2.0,12.72,38.0,872.5,0.0,-3.0,2.12,24.4,823.4,21.3,22.0,43.3,14.4,817.9,1.51,75.1,0.0,0,1,"time.struct_time(tm_year=2021, tm_mon=11, tm_mday=1, tm_hour=6, tm_min=4, tm_sec=5, tm_wday=0, tm_yday=305, tm_isdst=-1)",2021-11-01,2021,11,305,1,4,6,BUS01
2021-11-01 06:06:35,40.765751,-111.90979,1280.2,-9999.0,-9999.0,-9999.0,13.18,14.3,12.53,61.85,11.0,2.0,12.89,37.0,872.5,0.0,-1.3,2.12,24.8,823.8,11.8,24.7,36.5,14.5,817.9,1.52,75.2,0.0,0,1,"time.struct_time(tm_year=2021, tm_mon=11, tm_mday=1, tm_hour=6, tm_min=6, tm_sec=35, tm_wday=0, tm_yday=305, tm_isdst=-1)",2021-11-01,2021,11,305,1,6,6,BUS01
2021-11-01 06:09:05,40.765617,-111.909668,1259.3,-9999.0,-9999.0,-9999.0,13.17,14.4,12.32,62.8,10.0,2.0,13.11,37.0,872.6,0.0,-0.2,2.11,25.2,823.5,9.9,25.8,35.7,14.6,817.8,1.52,75.3,0.0,0,1,"time.struct_time(tm_year=2021, tm_mon=11, tm_mday=1, tm_hour=6, tm_min=9, tm_sec=5, tm_wday=0, tm_yday=305, tm_isdst=-1)",2021-11-01,2021,11,305,1,9,6,BUS01
2021-11-01 06:11:35,40.765526,-111.909538,1285.3,-9999.0,-9999.0,-9999.0,13.17,14.52,12.32,63.0,11.0,2.0,13.28,37.0,872.3,0.0,-2.5,2.11,25.6,823.7,11.3,24.5,35.8,14.7,817.8,1.52,75.1,0.0,0,1,"time.struct_time(tm_year=2021, tm_mon=11, tm_mday=1, tm_hour=6, tm_min=11, tm_sec=35, tm_wday=0, tm_yday=305, tm_isdst=-1)",2021-11-01,2021,11,305,1,11,6,BUS01
2021-11-01 06:14:05,40.765675,-111.90947,1268.5,-9999.0,-9999.0,-9999.0,13.17,14.64,12.36,62.73,12.0,2.0,13.5,37.0,872.4,0.0,1.6,2.12,26.0,823.5,11.3,25.2,36.5,14.8,817.6,1.52,75.2,0.0,0,1,"time.struct_time(tm_year=2021, tm_mon=11, tm_mday=1, tm_hour=6, tm_min=14, tm_sec=5, tm_wday=0, tm_yday=305, tm_isdst=-1)",2021-11-01,2021,11,305,1,14,6,BUS01
2021-11-01 06:16:35,40.765686,-111.909798,1296.2,-9999.0,-9999.0,-9999.0,13.12,14.73,12.29,63.07,10.0,2.0,13.61,37.0,872.5,0.0,-1.7,2.12,26.3,823.6,15.5,20.5,36.0,14.9,817.6,1.52,75.3,0.0,0,1,"time.struct_time(tm_year=2021, tm_mon=11, tm_mday=1, tm_hour=6, tm_min=16, tm_sec=35, tm_wday=0, tm_yday=305, tm_isdst=-1)",2021-11-01,2021,11,305,1,16,6,BUS01
2021-11-01 06:19:05,40.765697,-111.909714,1260.5,-9999.0,-9999.0,-9999.0,13.16,14.85,12.29,63.55,12.0,2.0,13.78,37.0,872.6,0.0,0.1,2.12,26.6,823.5,14.5,25.2,39.7,15.0,817.6,1.51,75.1,0.0,0,1,"time.struct_time(tm_year=2021, tm_mon=11, tm_mday=1, tm_hour=6, tm_min=19, tm_sec=5, tm_wday=0, tm_yday=305, tm_isdst=-1)",2021-11-01,2021,11,305,1,19,6,BUS01
2021-11-01 06:21:35,40.765717,-111.90963,1252.6,-9999.0,-9999.0,-9999.0,13.16,14.97,12.32,63.85,12.0,2.0,13.89,37.0,872.4,0.0,0.8,2.12,26.9,823.6,18.1,26.3,44.4,15.2,817.5,1.52,75.3,0.0,0,1,"time.struct_time(tm_year=2021, tm_mon=11, tm_mday=1, tm_hour=6, tm_min=21, tm_sec=35, tm_wday=0, tm_yday=305, tm_isdst=-1)",2021-11-01,2021,11,305,1,21,6,BUS01
2021-11-01 06:24:05,40.765667,-111.909775,1272.4,-9999.0,-9999.0,-9999.0,13.16,15.07,12.29,63.85,12.0,2.0,14.0,37.0,872.2,0.0,0.2,2.13,27.2,823.5,68.1,28.0,96.1,15.3,817.4,1.52,75.4,0.0,0,1,"time.struct_time(tm_year=2021, tm_mon=11, tm_mday=1, tm_hour=6, tm_min=24, tm_sec=5, tm_wday=0, tm_yday=305, tm_isdst=-1)",2021-11-01,2021,11,305,1,24,6,BUS01
2021-11-01 06:26:35,40.765701,-111.909744,1248.3,-9999.0,-9999.0,-9999.0,13.14,15.17,12.22,63.75,15.0,2.0,14.0,38.0,872.3,0.0,-0.7,2.13,27.5,823.5,29.5,30.7,60.2,15.4,817.3,1.52,75.5,0.0,0,1,"time.struct_time(tm_year=2021, tm_mon=11, tm_mday=1, tm_hour=6, tm_min=26, tm_sec=35, tm_wday=0, tm_yday=305, tm_isdst=-1)",2021-11-01,2021,11,305,1,26,6,BUS01
2021-11-01 06:29:05,40.765755,-111.909721,1262.1,-9999.0,-9999.0,-9999.0,13.15,15.24,12.08,64.66,11.0,2.0,14.11,38.0,872.4,0.0,0.0,2.13,27.7,823.4,10.8,29.3,40.1,15.5,817.3,1.52,75.4,0.0,0,1,"time.struct_time(tm_year=2021, tm_mon=11, tm_mday=1, tm_hour=6, tm_min=29, tm_sec=5, tm_wday=0, tm_yday=305, tm_isdst=-1)",2021-11-01,2021,11,305,1,29,6,BUS01
2021-11-01 06:31:35,40.765644,-111.909607,1293.3,-9999.0,-9999.0,-9999.0,13.15,15.31,12.14,65.16,14.0,2.0,14.22,38.0,872.5,0.0,-2.9,2.14,28.0,823.4,18.9,27.8,46.7,15.7,817.1,1.52,75.5,0.0,0,1,"time.struct_time(tm_year=2021, tm_mon=11, tm_mday=1, tm_hour=6, tm_min=31, tm_sec=35, tm_wday=0, tm_yday=305, tm_isdst=-1)",2021-11-01,2021,11,305,1,31,6,BUS01
2021-11-01 06:34:05,40.765743,-111.9095,1295.4,-9999.0,-9999.0,-9999.0,13.14,15.41,12.35,64.69,14.0,2.0,14.28,38.0,872.2,0.0,-0.7,2.14,28.2,823.3,23.3,29.9,53.2,15.8,817.1,1.52,75.4,0.0,0,1,"time.struct_time(tm_year=2021, tm_mon=11, tm_mday=1, tm_hour=6, tm_min=34, tm_sec=5, tm_wday=0, tm_yday=305, tm_isdst=-1)",2021-11-01,2021,11,305,1,34,6,BUS01
2021-11-01 06:36:35,40.765514,-111.90947,1280.1,-9999.0,-9999.0,-9999.0,13.14,15.51,12.51,64.31,12.0,2.0,14.28,38.0,872.5,0.0,-1.3,2.13,28.4,823.5,22.0,30.0,52.0,15.9,817.1,1.52,75.8,0.0,0,1,"time.struct_time(tm_year=2021, tm_mon=11, tm_mday=1, tm_hour=6, tm_min=36, tm_sec=35, tm_wday=0, tm_yday=305, tm_isdst=-1)",2021-11-01,2021,11,305,1,36,6,BUS01
2021-11-01 06:40:15,40.765705,-111.909645,1273.1,-9999.0,-9999.0,-9999.0,13.14,15.63,12.78,63.9,13.0,2.0,14.39,39.0,872.5,0.0,-0.3,2.14,28.7,823.5,26.5,27.1,53.6,16.1,817.1,1.58,75.0,0.0,0,1,"time.struct_time(tm_year=2021, tm_mon=11, tm_mday=1, tm_hour=6, tm_min=40, tm_sec=15, tm_wday=0, tm_yday=305, tm_isdst=-1)",2021-11-01,2021,11,305,1,40,6,BUS01
2021-11-01 06:42:45,40.76548,-111.90937,1267.1,-9999.0,-9999.0,-9999.0,13.14,15.73,12.95,63.46,13.0,2.0,14.39,39.0,872.5,0.0,0.3,2.13,28.9,823.5,23.7,29.5,53.2,16.3,817.1,1.58,75.3,0.0,0,1,"time.struct_time(tm_year=2021, tm_mon=11, tm_mday=1, tm_hour=6, tm_min=42, tm_sec=45, tm_wday=0, tm_yday=305, tm_isdst=-1)",2021-11-01,2021,11,305,1,42,6,BUS01
2021-11-01 06:46:20,40.765663,-111.909637,1262.4,-9999.0,-9999.0,-9999.0,13.14,15.87,12.92,65.08,14.0,2.0,14.61,39.0,872.6,0.0,2.1,2.13,29.2,823.6,25.2,28.1,53.3,16.5,817.1,1.53,76.0,0.0,0,1,"time.struct_time(tm_year=2021, tm_mon=11, tm_mday=1, tm_hour=6, tm_min=46, tm_sec=20, tm_wday=0, tm_yday=305, tm_isdst=-1)",2021-11-01,2021,11,305,1,46,6,BUS01
2021-11-01 06:48:50,40.765717,-111.909576,1268.4,-9999.0,-9999.0,-9999.0,13.09,15.95,12.92,66.27,13.0,2.0,14.61,39.0,872.5,0.0,1.4,2.14,29.4,823.6,27.7,24.5,52.2,16.6,817.0,1.53,76.2,0.0,0,1,"time.struct_time(tm_year=2021, tm_mon=11, tm_mday=1, tm_hour=6, tm_min=48, tm_sec=50, tm_wday=0, tm_yday=305, tm_isdst=-1)",2021-11-01,2021,11,305,1,48,6,BUS01
2021-11-01 06:51:20,40.765686,-111.909607,1273.6,-9999.0,-9999.0,-9999.0,13.13,16.07,12.85,66.68,13.0,2.0,14.72,39.0,872.6,0.0,-0.7,2.13,29.5,823.6,17.3,27.6,44.9,16.7,816.9,1.53,76.1,0.0,0,1,"time.struct_time(tm_year=2021, tm_mon=11, tm_mday=1, tm_hour=6, tm_min=51, tm_sec=20, tm_wday=0, tm_yday=305, tm_isdst=-1)",2021-11-01,2021,11,305,1,51,6,BUS01
2021-11-01 06:53:50,40.765717,-111.909569,1283.9,-9999.0,-9999.0,-9999.0,13.12,16.17,12.81,66.31,12.0,2.0,14.78,40.0,872.6,0.0,0.1,2.15,29.7,823.6,23.0,26.7,49.7,16.9,816.8,1.53,76.4,0.0,0,1,"time.struct_time(tm_year=2021, tm_mon=11, tm_mday=1, tm_hour=6, tm_min=53, tm_sec=50, tm_wday=0, tm_yday=305, tm_isdst=-1)",2021-11-01,2021,11,305,1,53,6,BUS01
2021-11-01 06:56:20,40.765804,-111.909485,1289.4,-9999.0,-9999.0,-9999.0,13.12,16.27,12.88,66.1,12.0,2.0,14.89,40.0,872.5,0.0,-0.2,2.13,29.9,823.5,16.6,27.3,43.9,17.0,816.7,1.54,76.5,0.0,0,1,"time.struct_time(tm_year=2021, tm_mon=11, tm_mday=1, tm_hour=6, tm_min=56, tm_sec=20, tm_wday=0, tm_yday=305, tm_isdst=-1)",2021-11-01,2021,11,305,1,56,6,BUS01
2021-11-01 06:58:50,40.765804,-111.909492,1283.9,-9999.0,-9999.0,-9999.0,13.12,16.36,13.05,65.36,13.0,2.0,15.0,40.0,872.5,0.0,-0.2,2.15,30.0,823.5,22.3,22.6,44.9,17.1,816.7,1.53,76.4,0.0,0,1,"time.struct_time(tm_year=2021, tm_mon=11, tm_mday=1, tm_hour=6, tm_min=58, tm_sec=50, tm_wday=0, tm_yday=305, tm_isdst=-1)",2021-11-01,2021,11,305,1,58,6,BUS01
2021-11-01 07:01:20,40.765686,-111.90963,1286.0,-9999.0,-9999.0,-9999.0,13.12,16.46,13.12,64.95,11.0,2.0,15.11,40.0,872.5,0.0,-1.9,2.14,30.2,823.5,18.4,23.8,42.2,17.3,816.6,1.53,76.6,0.0,0,1,"time.struct_time(tm_year=2021, tm_mon=11, tm_mday=1, tm_hour=7, tm_min=1, tm_sec=20, tm_wday=0, tm_yday=305, tm_isdst=-1)",2021-11-01,2021,11,305,1,1,7,BUS01
2021-11-01 07:03:50,40.765789,-111.909744,1284.9,-9999.0,-9999.0,-9999.0,13.12,16.56,12.95,66.0,11.0,2.0,15.22,39.0,872.6,0.0,0.6,2.13,30.3,823.6,18.3,31.7,50.0,17.4,816.6,1.54,76.7,0.0,0,1,"time.struct_time(tm_year=2021, tm_mon=11, tm_mday=1, tm_hour=7, tm_min=3, tm_sec=50, tm_wday=0, tm_yday=305, tm_isdst=-1)",2021-11-01,2021,11,305,1,3,7,BUS01
2021-11-01 07:06:20,40.765629,-111.90947,1276.8,-9999.0,-9999.0,-9999.0,13.12,16.66,12.68,66.95,10.0,2.0,15.28,38.0,872.7,0.0,0.8,2.16,30.5,823.6,22.3,30.0,52.3,17.5,816.6,1.54,76.6,0.0,0,1,"time.struct_time(tm_year=2021, tm_mon=11, tm_mday=1, tm_hour=7, tm_min=6, tm_sec=20, tm_wday=0, tm_yday=305, tm_isdst=-1)",2021-11-01,2021,11,305,1,6,7,BUS01
2021-11-01 07:08:50,40.765682,-111.909828,1274.5,-9999.0,-9999.0,-9999.0,13.09,16.76,12.75,66.44,11.0,2.0,15.39,38.0,872.5,0.0,-1.2,2.16,30.6,823.6,16.7,29.4,46.1,17.7,816.7,1.54,76.7,0.0,0,1,"time.struct_time(tm_year=2021, tm_mon=11, tm_mday=1, tm_hour=7, tm_min=8, tm_sec=50, tm_wday=0, tm_yday=305, tm_isdst=-1)",2021-11-01,2021,11,305,1,8,7,BUS01
2021-11-01 07:11:20,40.765816,-111.909843,1277.4,-9999.0,-9999.0,-9999.0,13.11,16.86,12.75,66.51,11.0,2.0,15.5,38.0,872.7,0.0,-1.4,2.16,30.8,823.6,13.4,27.1,40.5,17.8,816.6,1.54,76.8,0.0,0,1,"time.struct_time(tm_year=2021, tm_mon=11, tm_mday=1, tm_hour=7, tm_min=11, tm_sec=20, tm_wday=0, tm_yday=305, tm_isdst=-1)",2021-11-01,2021,11,305,1,11,7,BUS01
2021-11-01 07:13:50,40.765732,-111.909782,1273.5,-9999.0,-9999.0,-9999.0,13.1,16.96,12.85,66.1,12.0,2.0,15.72,38.0,872.6,0.0,0.4,2.14,30.9,823.7,16.0,21.0,37.0,17.9,816.6,1.54,76.8,0.0,0,1,"time.struct_time(tm_year=2021, tm_mon=11, tm_mday=1, tm_hour=7, tm_min=13, tm_sec=50, tm_wday=0, tm_yday=305, tm_isdst=-1)",2021-11-01,2021,11,305,1,13,7,BUS01
2021-11-01 07:16:20,40.765633,-111.909821,1268.4,-9999.0,-9999.0,-9999.0,13.11,17.06,13.08,65.15,12.0,2.0,15.78,38.0,872.8,0.0,0.7,2.14,31.1,823.6,15.9,34.0,49.9,18.1,816.6,1.54,76.9,0.0,0,1,"time.struct_time(tm_year=2021, tm_mon=11, tm_mday=1, tm_hour=7, tm_min=16, tm_sec=20, tm_wday=0, tm_yday=305, tm_isdst=-1)",2021-11-01,2021,11,305,1,16,7,BUS01
2021-11-01 07:18:50,40.765629,-111.909828,1268.2,-9999.0,-9999.0,-9999.0,13.08,17.16,13.15,64.37,10.0,2.0,15.89,38.0,872.9,0.0,0.3,2.15,31.2,823.7,11.0,25.2,36.2,18.2,816.5,1.54,76.8,0.0,0,1,"time.struct_time(tm_year=2021, tm_mon=11, tm_mday=1, tm_hour=7, tm_min=18, tm_sec=50, tm_wday=0, tm_yday=305, tm_isdst=-1)",2021-11-01,2021,11,305,1,18,7,BUS01
2021-11-01 07:21:20,40.765621,-111.90976,1269.5,-9999.0,-9999.0,-9999.0,13.1,17.29,13.15,63.97,11.0,2.0,16.0,37.0,872.7,0.0,-2.3,2.15,31.3,823.7,21.1,24.6,45.7,18.3,816.5,1.54,77.0,0.0,0,1,"time.struct_time(tm_year=2021, tm_mon=11, tm_mday=1, tm_hour=7, tm_min=21, tm_sec=20, tm_wday=0, tm_yday=305, tm_isdst=-1)",2021-11-01,2021,11,305,1,21,7,BUS01
2021-11-01 07:23:50,40.765591,-111.90966,1279.2,-9999.0,-9999.0,-9999.0,13.11,17.39,13.08,64.68,11.0,2.0,16.11,38.0,872.8,0.0,-0.2,2.16,31.5,823.7,24.2,28.8,53.0,18.5,816.6,1.54,76.9,0.0,0,1,"time.struct_time(tm_year=2021, tm_mon=11, tm_mday=1, tm_hour=7, tm_min=23, tm_sec=50, tm_wday=0, tm_yday=305, tm_isdst=-1)",2021-11-01,2021,11,305,1,23,7,BUS01
2021-11-01 07:26:20,40.76564,-111.909569,1274.8,-9999.0,-9999.0,-9999.0,13.07,17.49,13.15,64.31,11.0,2.0,16.22,37.0,872.9,0.0,-1.4,2.15,31.6,823.6,30.4,28.5,58.9,18.6,816.6,1.54,76.8,0.0,0,1,"time.struct_time(tm_year=2021, tm_mon=11, tm_mday=1, tm_hour=7, tm_min=26, tm_sec=20, tm_wday=0, tm_yday=305, tm_isdst=-1)",2021-11-01,2021,11,305,1,26,7,BUS01
2021-11-01 07:28:50,40.765755,-111.90966,1268.4,-9999.0,-9999.0,-9999.0,13.11,17.59,13.39,63.42,13.0,2.0,16.22,37.0,872.7,0.0,1.3,2.15,31.7,823.7,32.4,27.1,59.5,18.7,816.5,1.54,76.9,0.0,0,1,"time.struct_time(tm_year=2021, tm_mon=11, tm_mday=1, tm_hour=7, tm_min=28, tm_sec=50, tm_wday=0, tm_yday=305, tm_isdst=-1)",2021-11-01,2021,11,305,1,28,7,BUS01
2021-11-01 07:31:20,40.765797,-111.90966,1266.3,-9999.0,-9999.0,-9999.0,13.11,17.69,13.49,62.64,12.0,2.0,16.28,37.0,872.8,0.0,3.1,2.15,31.8,823.7,25.6,25.8,51.4,18.8,816.5,1.54,77.3,0.0,0,1,"time.struct_time(tm_year=2021, tm_mon=11, tm_mday=1, tm_hour=7, tm_min=31, tm_sec=20, tm_wday=0, tm_yday=305, tm_isdst=-1)",2021-11-01,2021,11,305,1,31,7,BUS01
2021-11-01 07:33:50,40.765793,-111.909645,1266.2,-9999.0,-9999.0,-9999.0,13.1,17.74,13.49,62.37,13.0,2.0,16.28,37.0,872.8,0.0,-0.6,2.16,32.0,823.8,32.6,25.7,58.3,19.0,816.5,1.54,77.1,0.0,0,1,"time.struct_time(tm_year=2021, tm_mon=11, tm_mday=1, tm_hour=7, tm_min=33, tm_sec=50, tm_wday=0, tm_yday=305, tm_isdst=-1)",2021-11-01,2021,11,305,1,33,7,BUS01
2021-11-01 07:36:20,40.765797,-111.909668,1269.1,-9999.0,-9999.0,-9999.0,13.09,17.84,13.49,62.1,12.0,2.0,16.39,37.0,872.8,0.0,-1.4,2.15,32.1,823.7,30.2,27.9,58.1,19.1,816.5,1.54,77.2,0.0,0,1,"time.struct_time(tm_year=2021, tm_mon=11, tm_mday=1, tm_hour=7, tm_min=36, tm_sec=20, tm_wday=0, tm_yday=305, tm_isdst=-1)",2021-11-01,2021,11,305,1,36,7,BUS01
2021-11-01 07:40:00,40.765846,-111.909576,1264.4,-9999.0,-9999.0,-9999.0,13.1,17.95,13.51,61.88,14.0,2.0,16.39,37.0,872.8,0.0,1.5,2.15,32.2,823.7,29.1,24.5,53.6,19.3,816.5,1.59,76.7,0.0,0,1,"time.struct_time(tm_year=2021, tm_mon=11, tm_mday=1, tm_hour=7, tm_min=40, tm_sec=0, tm_wday=0, tm_yday=305, tm_isdst=-1)",2021-11-01,2021,11,305,1,40,7,BUS01
2021-11-01 07:42:30,40.765633,-111.909744,1264.3,-9999.0,-9999.0,-9999.0,13.1,18.02,13.61,61.41,13.0,2.0,16.39,37.0,872.8,0.0,-1.5,2.17,32.3,823.8,27.8,24.8,52.6,19.4,816.5,1.59,76.6,0.0,0,1,"time.struct_time(tm_year=2021, tm_mon=11, tm_mday=1, tm_hour=7, tm_min=42, tm_sec=30, tm_wday=0, tm_yday=305, tm_isdst=-1)",2021-11-01,2021,11,305,1,42,7,BUS01
2021-11-01 07:45:00,40.765591,-111.909622,1267.1,-9999.0,-9999.0,-9999.0,13.09,18.1,13.71,61.03,12.0,2.0,16.39,37.0,873.0,0.0,-3.9,2.15,32.5,823.6,31.7,27.0,58.7,19.5,816.4,1.59,76.5,0.0,0,1,"time.struct_time(tm_year=2021, tm_mon=11, tm_mday=1, tm_hour=7, tm_min=45, tm_sec=0, tm_wday=0, tm_yday=305, tm_isdst=-1)",2021-11-01,2021,11,305,1,45,7,BUS01
2021-11-01 07:47:30,40.76569,-111.909653,1270.9,-9999.0,-9999.0,-9999.0,13.09,18.17,13.71,60.73,13.0,2.0,16.5,37.0,873.0,0.0,0.0,2.17,32.6,823.7,25.1,28.9,54.0,19.6,816.4,1.59,76.9,0.0,0,1,"time.struct_time(tm_year=2021, tm_mon=11, tm_mday=1, tm_hour=7, tm_min=47, tm_sec=30, tm_wday=0, tm_yday=305, tm_isdst=-1)",2021-11-01,2021,11,305,1,47,7,BUS01
2021-11-01 07:50:00,40.765518,-111.909599,1277.8,-9999.0,-9999.0,-9999.0,13.06,18.23,13.75,60.52,13.0,2.0,16.5,37.0,872.8,0.0,1.9,2.16,32.7,823.5,29.0,26.5,55.5,19.8,816.3,1.59,76.9,0.0,0,1,"time.struct_time(tm_year=2021, tm_mon=11, tm_mday=1, tm_hour=7, tm_min=50, tm_sec=0, tm_wday=0, tm_yday=305, tm_isdst=-1)",2021-11-01,2021,11,305,1,50,7,BUS01
2021-11-01 07:52:30,40.765587,-111.909615,1279.3,-9999.0,-9999.0,-9999.0,13.08,18.3,13.74,60.42,13.0,2.0,16.5,37.0,873.0,0.0,2.4,2.16,32.7,823.7,31.0,25.3,56.3,19.9,816.4,1.59,76.9,0.0,0,1,"time.struct_time(tm_year=2021, tm_mon=11, tm_mday=1, tm_hour=7, tm_min=52, tm_sec=30, tm_wday=0, tm_yday=305, tm_isdst=-1)",2021-11-01,2021,11,305,1,52,7,BUS01
2021-11-01 07:55:00,40.76569,-111.909615,1278.0,-9999.0,-9999.0,-9999.0,13.1,18.38,13.68,60.35,13.0,2.0,16.5,37.0,872.8,0.0,-1.6,2.17,32.8,823.6,27.1,26.5,53.6,20.0,816.3,1.59,77.0,0.0,0,1,"time.struct_time(tm_year=2021, tm_mon=11, tm_mday=1, tm_hour=7, tm_min=55, tm_sec=0, tm_wday=0, tm_yday=305, tm_isdst=-1)",2021-11-01,2021,11,305,1,55,7,BUS01
2021-11-01 07:57:30,40.765747,-111.90976,1283.3,-9999.0,-9999.0,-9999.0,13.09,18.43,13.51,60.73,13.0,2.0,16.61,37.0,872.9,0.0,-0.5,2.18,32.9,823.7,34.5,23.6,58.1,20.1,816.2,1.59,76.9,0.0,0,1,"time.struct_time(tm_year=2021, tm_mon=11, tm_mday=1, tm_hour=7, tm_min=57, tm_sec=30, tm_wday=0, tm_yday=305, tm_isdst=-1)",2021-11-01,2021,11,305,1,57,7,BUS01
2021-11-01 08:00:00,40.765564,-111.909828,1294.1,-9999.0,-9999.0,-9999.0,13.09,18.48,13.51,61.0,11.0,2.0,16.61,37.0,872.7,0.0,0.7,2.17,33.0,823.6,33.0,23.7,56.7,20.2,816.2,1.59,77.0,0.0,0,1,"time.struct_time(tm_year=2021, tm_mon=11, tm_mday=1, tm_hour=8, tm_min=0, tm_sec=0, tm_wday=0, tm_yday=305, tm_isdst=-1)",2021-11-01,2021,11,305,1,0,8,BUS01
2021-11-01 08:02:30,40.765594,-111.90976,1293.1,-9999.0,-9999.0,-9999.0,13.09,18.56,13.47,61.2,12.0,2.0,16.72,37.0,872.9,0.0,2.0,2.16,33.1,823.7,29.8,25.0,54.8,20.3,816.2,1.59,77.1,0.0,0,1,"time.struct_time(tm_year=2021, tm_mon=11, tm_mday=1, tm_hour=8, tm_min=2, tm_sec=30, tm_wday=0, tm_yday=305, tm_isdst=-1)",2021-11-01,2021,11,305,1,2,8,BUS01
2021-11-01 08:05:00,40.765629,-111.909729,1288.0,-9999.0,-9999.0,-9999.0,13.09,18.61,13.54,61.5,11.0,2.0,16.72,37.0,872.9,0.0,-1.1,2.17,33.2,823.6,33.8,28.1,61.9,20.5,816.3,1.6,77.0,0.0,0,1,"time.struct_time(tm_year=2021, tm_mon=11, tm_mday=1, tm_hour=8, tm_min=5, tm_sec=0, tm_wday=0, tm_yday=305, tm_isdst=-1)",2021-11-01,2021,11,305,1,5,8,BUS01
2021-11-01 08:07:30,40.765862,-111.90963,1261.5,-9999.0,-9999.0,-9999.0,13.09,18.69,13.58,61.47,12.0,2.0,16.72,37.0,872.9,0.0,1.7,2.17,33.3,823.7,39.5,17.4,56.9,20.6,816.2,1.6,77.4,0.0,0,1,"time.struct_time(tm_year=2021, tm_mon=11, tm_mday=1, tm_hour=8, tm_min=7, tm_sec=30, tm_wday=0, tm_yday=305, tm_isdst=-1)",2021-11-01,2021,11,305,1,7,8,BUS01
2021-11-01 08:10:00,40.765678,-111.909637,1267.9,-9999.0,-9999.0,-9999.0,13.08,18.77,13.61,61.27,11.0,2.0,16.78,37.0,873.0,0.0,-0.6,2.15,33.3,823.6,28.9,26.1,55.0,20.7,816.2,1.6,77.3,0.0,0,1,"time.struct_time(tm_year=2021, tm_mon=11, tm_mday=1, tm_hour=8, tm_min=10, tm_sec=0, tm_wday=0, tm_yday=305, tm_isdst=-1)",2021-11-01,2021,11,305,1,10,8,BUS01
2021-11-01 08:12:30,40.765663,-111.909813,1271.5,-9999.0,-9999.0,-9999.0,13.09,18.82,13.64,61.27,12.0,2.0,16.78,37.0,873.2,0.0,2.5,2.17,33.4,823.9,32.3,21.4,53.7,20.8,816.3,1.6,77.5,0.0,0,1,"time.struct_time(tm_year=2021, tm_mon=11, tm_mday=1, tm_hour=8, tm_min=12, tm_sec=30, tm_wday=0, tm_yday=305, tm_isdst=-1)",2021-11-01,2021,11,305,1,12,8,BUS01
2021-11-01 10:05:50,40.765781,-111.909744,1273.0,-9999.0,-9999.0,-9999.0,13.22,15.63,12.07,67.66,11.0,2.0,13.11,42.0,873.9,0.0,0.6,2.08,20.6,824.9,-9999.0,-9999.0,-9999.0,-9999.0,-9999.0,-9999.0,-9999.0,0.0,0,1,"time.struct_time(tm_year=2021, tm_mon=11, tm_mday=1, tm_hour=10, tm_min=5, tm_sec=50, tm_wday=0, tm_yday=305, tm_isdst=-1)",2021-11-01,2021,11,305,1,5,10,BUS01
2021-11-01 10:08:20,40.765797,-111.909668,1268.5,-9999.0,-9999.0,-9999.0,13.17,15.6,12.24,67.25,12.0,2.0,13.11,42.0,873.8,0.0,0.6,2.09,21.8,824.3,-9999.0,-9999.0,-9999.0,-9999.0,-9999.0,-9999.0,-9999.0,0.0,0,1,"time.struct_time(tm_year=2021, tm_mon=11, tm_mday=1, tm_hour=10, tm_min=8, tm_sec=20, tm_wday=0, tm_yday=305, tm_isdst=-1)",2021-11-01,2021,11,305,1,8,10,BUS01
2021-11-01 10:10:50,40.765785,-111.909637,1270.2,-9999.0,-9999.0,-9999.0,13.18,15.6,12.31,67.15,11.0,2.0,13.22,42.0,873.8,0.0,-2.1,2.09,22.8,824.8,-9999.0,-9999.0,-9999.0,-9999.0,-9999.0,-9999.0,-9999.0,0.0,0,1,"time.struct_time(tm_year=2021, tm_mon=11, tm_mday=1, tm_hour=10, tm_min=10, tm_sec=50, tm_wday=0, tm_yday=305, tm_isdst=-1)",2021-11-01,2021,11,305,1,10,10,BUS01
2021-11-01 10:13:20,40.765701,-111.909592,1274.7,-9999.0,-9999.0,-9999.0,13.18,15.65,12.34,67.15,11.0,2.0,13.28,41.0,873.7,0.0,0.6,2.1,23.7,824.4,0.0,0.0,0.0,19.1,818.2,1.45,74.0,0.0,0,1,"time.struct_time(tm_year=2021, tm_mon=11, tm_mday=1, tm_hour=10, tm_min=13, tm_sec=20, tm_wday=0, tm_yday=305, tm_isdst=-1)",2021-11-01,2021,11,305,1,13,10,BUS01
2021-11-01 10:15:50,40.765835,-111.909706,1282.0,-9999.0,-9999.0,-9999.0,13.17,15.7,12.27,67.25,11.0,2.0,13.39,40.0,873.8,0.0,1.4,2.09,24.4,824.8,134.4,18.6,153.0,19.0,818.2,1.55,76.8,0.0,0,1,"time.struct_time(tm_year=2021, tm_mon=11, tm_mday=1, tm_hour=10, tm_min=15, tm_sec=50, tm_wday=0, tm_yday=305, tm_isdst=-1)",2021-11-01,2021,11,305,1,15,10,BUS01
2021-11-01 10:18:20,40.765682,-111.909805,1283.9,-9999.0,-9999.0,-9999.0,13.16,15.75,12.31,67.53,11.0,2.0,13.5,39.0,873.7,0.0,-3.1,2.1,25.0,824.7,114.4,13.1,127.5,19.0,818.3,1.54,76.9,0.0,0,1,"time.struct_time(tm_year=2021, tm_mon=11, tm_mday=1, tm_hour=10, tm_min=18, tm_sec=20, tm_wday=0, tm_yday=305, tm_isdst=-1)",2021-11-01,2021,11,305,1,18,10,BUS01
2021-11-01 10:20:50,40.765701,-111.909622,1282.3,-9999.0,-9999.0,-9999.0,13.15,15.82,12.17,67.73,12.0,2.0,13.61,38.0,873.9,0.0,-4.4,2.11,25.6,824.8,351.1,24.1,375.2,19.0,818.3,1.55,77.0,0.0,0,1,"time.struct_time(tm_year=2021, tm_mon=11, tm_mday=1, tm_hour=10, tm_min=20, tm_sec=50, tm_wday=0, tm_yday=305, tm_isdst=-1)",2021-11-01,2021,11,305,1,20,10,BUS01
2021-11-01 10:23:20,40.76564,-111.909752,1283.2,-9999.0,-9999.0,-9999.0,13.16,15.9,11.97,68.07,12.0,2.0,13.78,37.0,873.8,0.0,1.0,2.11,26.1,824.8,275.1,22.1,297.2,19.0,818.3,1.54,76.8,0.0,0,1,"time.struct_time(tm_year=2021, tm_mon=11, tm_mday=1, tm_hour=10, tm_min=23, tm_sec=20, tm_wday=0, tm_yday=305, tm_isdst=-1)",2021-11-01,2021,11,305,1,23,10,BUS01
2021-11-01 10:25:50,40.765709,-111.909828,1283.8,-9999.0,-9999.0,-9999.0,13.14,16.0,11.97,68.37,13.0,2.0,14.0,37.0,873.8,0.0,-0.3,2.11,26.6,824.8,455.4,18.1,473.5,19.0,818.2,1.55,77.1,0.0,0,1,"time.struct_time(tm_year=2021, tm_mon=11, tm_mday=1, tm_hour=10, tm_min=25, tm_sec=50, tm_wday=0, tm_yday=305, tm_isdst=-1)",2021-11-01,2021,11,305,1,25,10,BUS01
2021-11-01 10:28:20,40.765575,-111.909843,1291.5,-9999.0,-9999.0,-9999.0,13.14,16.07,11.97,68.47,14.0,2.0,14.22,37.0,873.9,0.0,-2.0,2.11,27.0,824.7,318.0,19.6,337.6,19.0,818.2,1.55,77.0,0.0,0,1,"time.struct_time(tm_year=2021, tm_mon=11, tm_mday=1, tm_hour=10, tm_min=28, tm_sec=20, tm_wday=0, tm_yday=305, tm_isdst=-1)",2021-11-01,2021,11,305,1,28,10,BUS01
2021-11-01 10:30:50,40.765781,-111.909851,1290.8,-9999.0,-9999.0,-9999.0,13.13,16.14,12.14,68.14,13.0,2.0,14.39,37.0,874.1,0.0,-1.4,2.12,27.4,824.9,255.5,17.7,273.2,19.0,818.3,1.54,77.1,0.0,0,1,"time.struct_time(tm_year=2021, tm_mon=11, tm_mday=1, tm_hour=10, tm_min=30, tm_sec=50, tm_wday=0, tm_yday=305, tm_isdst=-1)",2021-11-01,2021,11,305,1,30,10,BUS01
2021-11-01 10:33:20,40.765778,-111.909775,1286.3,-9999.0,-9999.0,-9999.0,13.13,16.22,12.47,67.49,11.0,2.0,14.5,37.0,873.9,0.0,-2.3,2.12,27.7,824.9,184.9,20.1,205.0,19.0,818.2,1.54,76.8,0.0,0,1,"time.struct_time(tm_year=2021, tm_mon=11, tm_mday=1, tm_hour=10, tm_min=33, tm_sec=20, tm_wday=0, tm_yday=305, tm_isdst=-1)",2021-11-01,2021,11,305,1,33,10,BUS01
2021-11-01 10:35:50,40.765678,-111.909851,1277.9,-9999.0,-9999.0,-9999.0,13.13,16.32,13.39,63.73,14.0,2.0,14.61,37.0,873.9,0.0,-1.9,2.12,28.0,824.9,175.1,16.6,191.7,19.1,818.1,1.54,77.1,0.0,0,1,"time.struct_time(tm_year=2021, tm_mon=11, tm_mday=1, tm_hour=10, tm_min=35, tm_sec=50, tm_wday=0, tm_yday=305, tm_isdst=-1)",2021-11-01,2021,11,305,1,35,10,BUS01
2021-11-01 10:38:20,40.765766,-111.909729,1266.6,-9999.0,-9999.0,-9999.0,13.09,16.39,14.1,60.54,12.0,2.0,14.78,37.0,874.0,0.0,0.5,2.13,28.3,824.8,109.3,20.3,129.6,19.1,818.0,1.55,77.1,0.0,0,1,"time.struct_time(tm_year=2021, tm_mon=11, tm_mday=1, tm_hour=10, tm_min=38, tm_sec=20, tm_wday=0, tm_yday=305, tm_isdst=-1)",2021-11-01,2021,11,305,1,38,10,BUS01
2021-11-01 10:40:50,40.765934,-111.90979,1262.6,-9999.0,-9999.0,-9999.0,13.13,16.46,14.88,57.32,13.0,2.0,14.78,38.0,873.8,0.0,-2.2,2.12,28.6,824.8,81.5,25.1,106.6,19.2,817.9,1.55,77.1,0.0,0,1,"time.struct_time(tm_year=2021, tm_mon=11, tm_mday=1, tm_hour=10, tm_min=40, tm_sec=50, tm_wday=0, tm_yday=305, tm_isdst=-1)",2021-11-01,2021,11,305,1,40,10,BUS01
2021-11-01 10:43:20,40.765671,-111.90963,1266.4,-9999.0,-9999.0,-9999.0,13.13,16.54,15.19,56.0,14.0,2.0,14.89,38.0,874.1,0.0,0.7,2.14,28.9,824.7,72.2,25.0,97.2,19.2,817.9,1.55,77.3,0.0,0,1,"time.struct_time(tm_year=2021, tm_mon=11, tm_mday=1, tm_hour=10, tm_min=43, tm_sec=20, tm_wday=0, tm_yday=305, tm_isdst=-1)",2021-11-01,2021,11,305,1,43,10,BUS01
2021-11-01 10:46:55,40.764767,-111.909767,1288.5,-9999.0,-9999.0,-9999.0,13.12,16.64,14.2,60.27,14.0,2.0,14.89,38.0,874.0,0.0,-0.2,2.14,29.2,824.8,94.6,-103.6,-9.0,19.3,817.9,1.58,76.3,0.0,0,1,"time.struct_time(tm_year=2021, tm_mon=11, tm_mday=1, tm_hour=10, tm_min=46, tm_sec=55, tm_wday=0, tm_yday=305, tm_isdst=-1)",2021-11-01,2021,11,305,1,46,10,BUS01
2021-11-01 10:49:25,40.764996,-111.899857,1312.1,-9999.0,-9999.0,-9999.0,13.12,16.66,13.15,64.78,14.0,2.0,14.78,38.0,873.1,0.0,0.9,2.13,29.4,823.7,72.2,19.8,92.0,19.4,816.8,1.58,75.8,0.0,0,1,"time.struct_time(tm_year=2021, tm_mon=11, tm_mday=1, tm_hour=10, tm_min=49, tm_sec=25, tm_wday=0, tm_yday=305, tm_isdst=-1)",2021-11-01,2021,11,305,1,49,10,BUS01
2021-11-01 10:51:55,40.765186,-111.891098,1320.8,-9999.0,-9999.0,-9999.0,13.13,16.66,12.58,66.07,15.0,2.0,14.61,38.0,871.8,0.0,-2.0,2.14,29.6,822.7,33.7,11.5,45.2,19.4,815.7,1.58,78.2,0.0,0,0,"time.struct_time(tm_year=2021, tm_mon=11, tm_mday=1, tm_hour=10, tm_min=51, tm_sec=55, tm_wday=0, tm_yday=305, tm_isdst=-1)",2021-11-01,2021,11,305,1,51,10,BUS01
2021-11-01 10:54:25,40.765057,-111.871086,1335.7,-9999.0,-9999.0,-9999.0,13.13,16.64,11.59,65.83,13.0,2.0,14.61,37.0,869.7,0.0,2.0,2.15,29.8,820.7,6.3,21.8,28.1,19.5,813.7,1.58,76.7,0.0,0,0,"time.struct_time(tm_year=2021, tm_mon=11, tm_mday=1, tm_hour=10, tm_min=54, tm_sec=25, tm_wday=0, tm_yday=305, tm_isdst=-1)",2021-11-01,2021,11,305,1,54,10,BUS01
2021-11-01 10:56:55,40.765083,-111.85424,1402.8,-9999.0,-9999.0,-9999.0,13.14,16.56,10.58,70.37,8.0,2.0,14.28,37.0,862.7,0.0,2.7,2.18,30.0,813.9,54.7,10.2,64.9,19.5,806.5,1.59,75.7,0.0,0,0,"time.struct_time(tm_year=2021, tm_mon=11, tm_mday=1, tm_hour=10, tm_min=56, tm_sec=55, tm_wday=0, tm_yday=305, tm_isdst=-1)",2021-11-01,2021,11,305,1,56,10,BUS01
2021-11-01 10:59:25,40.769691,-111.847687,1441.3,-9999.0,-9999.0,-9999.0,13.14,16.51,10.71,69.39,9.0,2.0,14.0,37.0,858.2,0.0,8.0,2.18,30.1,809.5,137.9,-232.1,-94.2,19.6,801.9,1.59,76.2,0.0,0,0,"time.struct_time(tm_year=2021, tm_mon=11, tm_mday=1, tm_hour=10, tm_min=59, tm_sec=25, tm_wday=0, tm_yday=305, tm_isdst=-1)",2021-11-01,2021,11,305,1,59,10,BUS01
2021-11-01 11:01:55,40.772141,-111.837334,1509.1,-9999.0,-9999.0,-9999.0,13.15,16.39,10.81,59.53,9.0,2.0,13.72,36.0,851.1,0.0,2.5,2.19,30.2,802.7,-50.1,44.5,-5.6,19.6,795.7,1.58,75.4,0.0,0,0,"time.struct_time(tm_year=2021, tm_mon=11, tm_mday=1, tm_hour=11, tm_min=1, tm_sec=55, tm_wday=0, tm_yday=305, tm_isdst=-1)",2021-11-01,2021,11,305,1,1,11,BUS01
2021-11-01 11:05:30,40.770046,-111.847908,1433.7,-9999.0,-9999.0,-9999.0,13.15,16.32,11.12,63.36,7.0,2.0,13.5,35.0,858.0,0.0,8.5,2.19,30.3,809.2,-100.4,-16.1,-116.5,19.7,802.1,1.6,76.5,0.0,0,0,"time.struct_time(tm_year=2021, tm_mon=11, tm_mday=1, tm_hour=11, tm_min=5, tm_sec=30, tm_wday=0, tm_yday=305, tm_isdst=-1)",2021-11-01,2021,11,305,1,5,11,BUS01
2021-11-01 11:08:00,40.764996,-111.853493,1389.1,-9999.0,-9999.0,-9999.0,13.14,16.24,10.85,68.75,13.0,2.0,13.39,35.0,862.4,0.0,4.3,2.17,30.4,813.5,14.8,12.8,27.6,19.7,806.6,1.6,76.2,0.0,0,0,"time.struct_time(tm_year=2021, tm_mon=11, tm_mday=1, tm_hour=11, tm_min=8, tm_sec=0, tm_wday=0, tm_yday=305, tm_isdst=-1)",2021-11-01,2021,11,305,1,8,11,BUS01
2021-11-01 11:10:30,40.764935,-111.864929,1339.5,-9999.0,-9999.0,-9999.0,13.16,16.17,10.51,70.54,11.0,2.0,13.22,36.0,868.3,0.0,3.4,2.17,30.5,819.4,-20.6,47.9,27.3,19.8,812.4,1.6,76.6,1.0,0,0,"time.struct_time(tm_year=2021, tm_mon=11, tm_mday=1, tm_hour=11, tm_min=10, tm_sec=30, tm_wday=0, tm_yday=305, tm_isdst=-1)",2021-11-01,2021,11,305,1,10,11,BUS01
2021-11-01 11:13:00,40.764954,-111.880951,1298.5,-9999.0,-9999.0,-9999.0,13.16,16.09,10.31,72.54,8.0,2.0,13.11,36.0,872.0,0.0,-2.0,2.16,30.5,822.6,1.5,21.5,23.0,19.8,815.5,1.6,78.5,1.0,0,0,"time.struct_time(tm_year=2021, tm_mon=11, tm_mday=1, tm_hour=11, tm_min=13, tm_sec=0, tm_wday=0, tm_yday=305, tm_isdst=-1)",2021-11-01,2021,11,305,1,13,11,BUS01
2021-11-01 11:15:30,40.764923,-111.892334,1293.6,-9999.0,-9999.0,-9999.0,13.16,16.0,10.81,71.93,10.0,2.0,13.11,37.0,872.1,0.0,1.1,2.17,30.5,822.8,96.8,36.7,133.5,19.8,815.8,1.6,80.7,1.0,0,1,"time.struct_time(tm_year=2021, tm_mon=11, tm_mday=1, tm_hour=11, tm_min=15, tm_sec=30, tm_wday=0, tm_yday=305, tm_isdst=-1)",2021-11-01,2021,11,305,1,15,11,BUS01
2021-11-01 11:18:00,40.765018,-111.901291,1284.5,-9999.0,-9999.0,-9999.0,13.16,15.95,11.25,70.81,12.0,2.0,13.0,37.0,873.3,0.0,-3.2,2.16,30.6,823.9,17.6,53.1,70.7,19.9,816.9,1.6,76.1,1.0,0,1,"time.struct_time(tm_year=2021, tm_mon=11, tm_mday=1, tm_hour=11, tm_min=18, tm_sec=0, tm_wday=0, tm_yday=305, tm_isdst=-1)",2021-11-01,2021,11,305,1,18,11,BUS01
2021-11-01 11:20:30,40.764301,-111.909248,1285.4,-9999.0,-9999.0,-9999.0,13.16,15.9,11.25,71.49,13.0,2.0,13.0,37.0,874.2,0.0,3.3,2.15,30.6,824.9,7.9,18.4,26.3,19.9,818.0,1.6,76.7,1.0,0,1,"time.struct_time(tm_year=2021, tm_mon=11, tm_mday=1, tm_hour=11, tm_min=20, tm_sec=30, tm_wday=0, tm_yday=305, tm_isdst=-1)",2021-11-01,2021,11,305,1,20,11,BUS01
2021-11-01 11:23:00,40.764652,-111.909531,1284.7,-9999.0,-9999.0,-9999.0,13.16,15.85,10.98,72.41,13.0,2.0,12.89,37.0,874.1,0.0,-0.8,2.14,30.6,825.1,55.5,16.4,71.9,19.9,817.9,1.6,77.2,1.0,0,1,"time.struct_time(tm_year=2021, tm_mon=11, tm_mday=1, tm_hour=11, tm_min=23, tm_sec=0, tm_wday=0, tm_yday=305, tm_isdst=-1)",2021-11-01,2021,11,305,1,23,11,BUS01
2021-11-01 11:25:30,40.764652,-111.909531,1284.6,-9999.0,-9999.0,-9999.0,13.16,15.85,10.98,72.58,13.0,2.0,12.78,38.0,874.2,0.0,2.4,2.15,30.6,825.0,59.7,16.6,76.3,19.9,817.9,1.6,77.0,1.0,0,1,"time.struct_time(tm_year=2021, tm_mon=11, tm_mday=1, tm_hour=11, tm_min=25, tm_sec=30, tm_wday=0, tm_yday=305, tm_isdst=-1)",2021-11-01,2021,11,305,1,25,11,BUS01
2021-11-01 11:28:00,40.764652,-111.909531,1284.5,-9999.0,-9999.0,-9999.0,13.16,15.82,10.98,72.68,13.0,2.0,12.72,38.0,874.2,0.0,2.0,2.15,30.6,825.1,55.5,19.6,75.1,20.0,818.0,1.6,77.1,1.0,0,1,"time.struct_time(tm_year=2021, tm_mon=11, tm_mday=1, tm_hour=11, tm_min=28, tm_sec=0, tm_wday=0, tm_yday=305, tm_isdst=-1)",2021-11-01,2021,11,305,1,28,11,BUS01
2021-11-01 11:30:30,40.764652,-111.909531,1284.6,-9999.0,-9999.0,-9999.0,13.16,15.8,10.95,73.56,13.0,2.0,12.61,38.0,874.1,0.0,-0.3,2.14,30.6,825.1,51.1,24.5,75.6,20.0,818.0,1.6,77.1,1.0,0,1,"time.struct_time(tm_year=2021, tm_mon=11, tm_mday=1, tm_hour=11, tm_min=30, tm_sec=30, tm_wday=0, tm_yday=305, tm_isdst=-1)",2021-11-01,2021,11,305,1,30,11,BUS01
2021-11-01 11:33:00,40.764652,-111.909531,1284.7,-9999.0,-9999.0,-9999.0,13.16,15.77,10.95,73.63,13.0,2.0,12.5,38.0,874.3,0.0,-0.9,2.14,30.6,825.1,65.5,27.1,92.6,20.0,818.0,1.6,77.1,1.0,0,1,"time.struct_time(tm_year=2021, tm_mon=11, tm_mday=1, tm_hour=11, tm_min=33, tm_sec=0, tm_wday=0, tm_yday=305, tm_isdst=-1)",2021-11-01,2021,11,305,1,33,11,BUS01
2021-11-01 11:35:30,40.764652,-111.909531,1285.0,-9999.0,-9999.0,-9999.0,13.16,15.75,10.61,74.61,15.0,2.0,12.39,38.0,874.3,0.0,-0.0,2.16,30.6,825.2,60.4,25.0,85.4,20.1,818.0,1.6,77.2,1.0,0,1,"time.struct_time(tm_year=2021, tm_mon=11, tm_mday=1, tm_hour=11, tm_min=35, tm_sec=30, tm_wday=0, tm_yday=305, tm_isdst=-1)",2021-11-01,2021,11,305,1,35,11,BUS01
2021-11-01 11:38:00,40.764656,-111.909538,1285.3,-9999.0,-9999.0,-9999.0,13.16,15.73,10.78,74.81,13.0,2.0,12.39,38.0,874.4,0.0,1.9,2.16,30.5,825.2,48.7,27.1,75.8,20.1,818.0,1.6,77.0,1.0,0,1,"time.struct_time(tm_year=2021, tm_mon=11, tm_mday=1, tm_hour=11, tm_min=38, tm_sec=0, tm_wday=0, tm_yday=305, tm_isdst=-1)",2021-11-01,2021,11,305,1,38,11,BUS01
2021-11-01 11:40:30,40.764656,-111.909538,1285.9,-9999.0,-9999.0,-9999.0,13.14,15.7,10.85,74.37,13.0,2.0,12.39,39.0,874.5,0.0,-0.7,2.13,30.5,825.2,68.3,29.9,98.2,20.1,818.0,1.6,77.0,1.0,0,1,"time.struct_time(tm_year=2021, tm_mon=11, tm_mday=1, tm_hour=11, tm_min=40, tm_sec=30, tm_wday=0, tm_yday=305, tm_isdst=-1)",2021-11-01,2021,11,305,1,40,11,BUS01
2021-11-01 11:43:00,40.763458,-111.909309,1286.3,-9999.0,-9999.0,-9999.0,13.16,15.68,10.88,73.8,12.0,2.0,12.39,39.0,874.2,0.0,1.3,2.14,30.5,825.1,122.6,1.2,123.8,20.1,817.9,1.6,75.8,1.0,0,1,"time.struct_time(tm_year=2021, tm_mon=11, tm_mday=1, tm_hour=11, tm_min=43, tm_sec=0, tm_wday=0, tm_yday=305, tm_isdst=-1)",2021-11-01,2021,11,305,1,43,11,BUS01
2021-11-01 11:45:30,40.764889,-111.902832,1292.6,-9999.0,-9999.0,-9999.0,13.16,15.65,10.95,73.59,19.0,2.0,12.39,39.0,873.8,0.0,0.5,2.14,30.5,824.7,62.2,27.9,90.1,20.2,817.5,1.6,77.2,1.0,0,1,"time.struct_time(tm_year=2021, tm_mon=11, tm_mday=1, tm_hour=11, tm_min=45, tm_sec=30, tm_wday=0, tm_yday=305, tm_isdst=-1)",2021-11-01,2021,11,305,1,45,11,BUS01
2021-11-01 11:48:00,40.764847,-111.891586,1311.1,-9999.0,-9999.0,-9999.0,13.17,15.63,10.95,70.17,14.0,2.0,12.5,39.0,872.3,0.0,-0.2,2.15,30.5,823.2,11.5,42.2,53.7,20.2,816.1,1.6,76.9,1.0,0,1,"time.struct_time(tm_year=2021, tm_mon=11, tm_mday=1, tm_hour=11, tm_min=48, tm_sec=0, tm_wday=0, tm_yday=305, tm_isdst=-1)",2021-11-01,2021,11,305,1,48,11,BUS01
2021-11-01 11:50:45,40.764919,-111.880089,1311.7,-9999.0,-9999.0,-9999.0,13.15,15.6,11.36,68.47,13.0,2.0,12.61,39.0,872.3,0.0,3.6,2.15,30.5,823.0,55.3,18.6,73.9,20.2,815.8,1.61,77.3,0.0,0,0,"time.struct_time(tm_year=2021, tm_mon=11, tm_mday=1, tm_hour=11, tm_min=50, tm_sec=45, tm_wday=0, tm_yday=305, tm_isdst=-1)",2021-11-01,2021,11,305,1,50,11,BUS01
2021-11-01 11:53:15,40.764977,-111.868988,1334.3,-9999.0,-9999.0,-9999.0,13.17,15.58,10.98,67.25,9.0,2.0,12.72,39.0,869.5,0.0,1.3,2.16,30.5,820.5,-3.5,55.3,51.8,20.2,813.6,1.6,73.7,0.0,0,0,"time.struct_time(tm_year=2021, tm_mon=11, tm_mday=1, tm_hour=11, tm_min=53, tm_sec=15, tm_wday=0, tm_yday=305, tm_isdst=-1)",2021-11-01,2021,11,305,1,53,11,BUS01
2021-11-01 11:55:45,40.764957,-111.854233,1399.9,-9999.0,-9999.0,-9999.0,13.16,15.53,10.31,71.73,11.0,2.0,12.72,39.0,863.0,0.0,14.4,2.17,30.5,814.3,3.4,7.9,11.3,20.2,807.3,1.6,76.2,0.0,0,0,"time.struct_time(tm_year=2021, tm_mon=11, tm_mday=1, tm_hour=11, tm_min=55, tm_sec=45, tm_wday=0, tm_yday=305, tm_isdst=-1)",2021-11-01,2021,11,305,1,55,11,BUS01
2021-11-01 11:58:15,40.770252,-111.847778,1443.9,-9999.0,-9999.0,-9999.0,13.17,15.48,10.51,69.83,12.0,2.0,12.5,39.0,858.4,0.0,9.8,2.18,30.5,809.4,104.8,-30.8,74.0,20.3,802.8,1.61,75.5,0.0,0,0,"time.struct_time(tm_year=2021, tm_mon=11, tm_mday=1, tm_hour=11, tm_min=58, tm_sec=15, tm_wday=0, tm_yday=305, tm_isdst=-1)",2021-11-01,2021,11,305,1,58,11,BUS01
2021-11-01 12:00:45,40.772667,-111.838356,1512.0,-9999.0,-9999.0,-9999.0,13.17,15.41,11.12,61.25,8.0,2.0,12.61,38.0,851.9,0.0,-7.5,2.19,30.5,803.2,-26.3,80.5,54.2,20.3,796.2,1.61,76.4,0.0,0,0,"time.struct_time(tm_year=2021, tm_mon=11, tm_mday=1, tm_hour=12, tm_min=0, tm_sec=45, tm_wday=0, tm_yday=305, tm_isdst=-1)",2021-11-01,2021,11,305,1,0,12,BUS01
2021-11-01 12:03:15,40.771011,-111.845009,1462.1,-9999.0,-9999.0,-9999.0,13.17,15.39,11.25,63.29,13.0,2.0,12.5,38.0,856.3,0.0,11.0,2.19,30.5,807.6,-73.3,121.9,48.6,20.3,800.3,1.61,78.2,0.0,0,0,"time.struct_time(tm_year=2021, tm_mon=11, tm_mday=1, tm_hour=12, tm_min=3, tm_sec=15, tm_wday=0, tm_yday=305, tm_isdst=-1)",2021-11-01,2021,11,305,1,3,12,BUS01
2021-11-01 12:06:50,40.765038,-111.853516,1403.3,-9999.0,-9999.0,-9999.0,13.16,15.34,10.68,70.17,11.0,2.0,12.5,38.0,862.8,0.0,13.3,2.17,30.4,813.8,-9.1,19.5,10.4,20.3,806.7,1.55,76.9,0.0,0,0,"time.struct_time(tm_year=2021, tm_mon=11, tm_mday=1, tm_hour=12, tm_min=6, tm_sec=50, tm_wday=0, tm_yday=305, tm_isdst=-1)",2021-11-01,2021,11,305,1,6,12,BUS01
2021-11-01 12:09:20,40.765034,-111.868828,1330.5,-9999.0,-9999.0,-9999.0,13.16,15.31,10.1,71.7,13.0,2.0,12.39,39.0,869.4,0.0,-1.0,2.16,30.4,820.3,10.7,-8.6,2.1,20.3,813.3,1.54,76.4,1.0,0,0,"time.struct_time(tm_year=2021, tm_mon=11, tm_mday=1, tm_hour=12, tm_min=9, tm_sec=20, tm_wday=0, tm_yday=305, tm_isdst=-1)",2021-11-01,2021,11,305,1,9,12,BUS01
2021-11-01 12:11:50,40.765099,-111.879227,1305.6,-9999.0,-9999.0,-9999.0,13.17,15.26,9.86,71.86,8.0,2.0,12.28,38.0,872.0,0.0,8.9,2.14,30.4,823.0,6.7,67.8,74.5,20.3,815.9,1.55,77.4,1.0,0,0,"time.struct_time(tm_year=2021, tm_mon=11, tm_mday=1, tm_hour=12, tm_min=11, tm_sec=50, tm_wday=0, tm_yday=305, tm_isdst=-1)",2021-11-01,2021,11,305,1,11,12,BUS01
2021-11-01 12:14:20,40.765057,-111.889931,1305.3,-9999.0,-9999.0,-9999.0,13.16,15.24,10.1,73.12,11.0,2.0,12.28,39.0,872.3,0.0,1.1,2.15,30.4,822.9,27.1,63.3,90.4,20.3,815.9,1.56,79.0,1.0,0,0,"time.struct_time(tm_year=2021, tm_mon=11, tm_mday=1, tm_hour=12, tm_min=14, tm_sec=20, tm_wday=0, tm_yday=305, tm_isdst=-1)",2021-11-01,2021,11,305,1,14,12,BUS01
2021-11-01 12:16:50,40.765049,-111.901398,1294.8,-9999.0,-9999.0,-9999.0,13.17,15.19,10.58,73.29,12.0,2.0,12.28,39.0,873.6,0.0,8.6,2.15,30.4,824.4,108.5,56.8,165.3,20.3,817.1,1.55,82.2,1.0,0,1,"time.struct_time(tm_year=2021, tm_mon=11, tm_mday=1, tm_hour=12, tm_min=16, tm_sec=50, tm_wday=0, tm_yday=305, tm_isdst=-1)",2021-11-01,2021,11,305,1,16,12,BUS01
2021-11-01 12:19:35,40.763721,-111.909492,1290.7,-9999.0,-9999.0,-9999.0,13.13,15.17,10.88,72.2,16.0,2.0,12.39,39.0,874.3,0.0,0.2,2.14,30.3,825.2,132.1,50.0,182.1,20.3,817.9,1.56,78.6,1.0,0,1,"time.struct_time(tm_year=2021, tm_mon=11, tm_mday=1, tm_hour=12, tm_min=19, tm_sec=35, tm_wday=0, tm_yday=305, tm_isdst=-1)",2021-11-01,2021,11,305,1,19,12,BUS01
2021-11-01 12:22:05,40.763706,-111.909485,1290.3,-9999.0,-9999.0,-9999.0,13.16,15.17,10.95,71.86,11.0,2.0,12.28,39.0,874.4,0.0,-2.0,2.14,30.3,825.2,57.5,21.2,78.7,20.3,817.9,1.55,78.0,1.0,0,1,"time.struct_time(tm_year=2021, tm_mon=11, tm_mday=1, tm_hour=12, tm_min=22, tm_sec=5, tm_wday=0, tm_yday=305, tm_isdst=-1)",2021-11-01,2021,11,305,1,22,12,BUS01
2021-11-01 12:24:35,40.76371,-111.909485,1289.9,-9999.0,-9999.0,-9999.0,13.17,15.17,10.95,71.66,12.0,2.0,12.22,39.0,874.3,0.0,0.3,2.14,30.3,825.2,57.8,16.3,74.1,20.3,818.0,1.55,78.1,1.0,0,0,"time.struct_time(tm_year=2021, tm_mon=11, tm_mday=1, tm_hour=12, tm_min=24, tm_sec=35, tm_wday=0, tm_yday=305, tm_isdst=-1)",2021-11-01,2021,11,305,1,24,12,BUS01
2021-11-01 12:27:05,40.763714,-111.909485,1289.8,-9999.0,-9999.0,-9999.0,13.16,15.17,10.92,71.49,11.0,2.0,12.22,40.0,874.2,0.0,6.6,2.13,30.3,825.2,54.2,20.1,74.3,20.3,817.9,1.55,77.9,1.0,0,0,"time.struct_time(tm_year=2021, tm_mon=11, tm_mday=1, tm_hour=12, tm_min=27, tm_sec=5, tm_wday=0, tm_yday=305, tm_isdst=-1)",2021-11-01,2021,11,305,1,27,12,BUS01
2021-11-01 12:29:35,40.763714,-111.909485,1289.7,-9999.0,-9999.0,-9999.0,13.16,15.14,10.81,72.14,11.0,2.0,12.0,40.0,874.3,0.0,2.8,2.14,30.2,825.1,57.8,17.0,74.8,20.3,817.9,1.55,78.0,1.0,0,0,"time.struct_time(tm_year=2021, tm_mon=11, tm_mday=1, tm_hour=12, tm_min=29, tm_sec=35, tm_wday=0, tm_yday=305, tm_isdst=-1)",2021-11-01,2021,11,305,1,29,12,BUS01
2021-11-01 12:32:05,40.763714,-111.909485,1289.7,-9999.0,-9999.0,-9999.0,13.17,15.14,10.92,72.1,11.0,2.0,12.0,40.0,874.2,0.0,0.9,2.14,30.2,825.1,56.7,23.6,80.3,20.3,817.9,1.55,77.9,1.0,0,0,"time.struct_time(tm_year=2021, tm_mon=11, tm_mday=1, tm_hour=12, tm_min=32, tm_sec=5, tm_wday=0, tm_yday=305, tm_isdst=-1)",2021-11-01,2021,11,305,1,32,12,BUS01
2021-11-01 12:34:35,40.763714,-111.909485,1289.6,-9999.0,-9999.0,-9999.0,13.16,15.14,10.92,71.7,11.0,2.0,11.89,40.0,874.4,0.0,2.4,2.15,30.2,825.0,56.5,22.9,79.4,20.3,817.9,1.55,78.0,1.0,0,0,"time.struct_time(tm_year=2021, tm_mon=11, tm_mday=1, tm_hour=12, tm_min=34, tm_sec=35, tm_wday=0, tm_yday=305, tm_isdst=-1)",2021-11-01,2021,11,305,1,34,12,BUS01
2021-11-01 12:37:05,40.763714,-111.909485,1289.3,-9999.0,-9999.0,-9999.0,13.16,15.14,11.05,71.42,8.0,2.0,11.89,40.0,874.3,0.0,0.9,2.15,30.2,825.1,53.0,20.9,73.9,20.3,817.8,1.55,78.1,1.0,0,0,"time.struct_time(tm_year=2021, tm_mon=11, tm_mday=1, tm_hour=12, tm_min=37, tm_sec=5, tm_wday=0, tm_yday=305, tm_isdst=-1)",2021-11-01,2021,11,305,1,37,12,BUS01
2021-11-01 12:39:35,40.763714,-111.909485,1289.2,-9999.0,-9999.0,-9999.0,13.17,15.14,11.05,70.99,10.0,2.0,11.89,40.0,874.3,0.0,0.5,2.15,30.2,825.0,63.0,17.6,80.6,20.3,817.8,1.55,77.9,1.0,0,1,"time.struct_time(tm_year=2021, tm_mon=11, tm_mday=1, tm_hour=12, tm_min=39, tm_sec=35, tm_wday=0, tm_yday=305, tm_isdst=-1)",2021-11-01,2021,11,305,1,39,12,BUS01
2021-11-01 12:42:05,40.763142,-111.909203,1290.3,-9999.0,-9999.0,-9999.0,13.17,15.14,11.05,71.05,8.0,2.0,11.89,39.0,874.2,0.0,0.6,2.15,30.2,825.1,30.0,16.8,46.8,20.4,817.9,1.55,78.1,1.0,0,1,"time.struct_time(tm_year=2021, tm_mon=11, tm_mday=1, tm_hour=12, tm_min=42, tm_sec=5, tm_wday=0, tm_yday=305, tm_isdst=-1)",2021-11-01,2021,11,305,1,42,12,BUS01
2021-11-01 12:44:35,40.7649,-111.904572,1300.3,-9999.0,-9999.0,-9999.0,13.16,15.14,11.36,68.81,10.0,2.0,12.0,38.0,873.9,0.0,-1.0,2.14,30.2,824.7,102.3,8.2,110.5,20.4,817.6,1.55,78.5,0.0,0,1,"time.struct_time(tm_year=2021, tm_mon=11, tm_mday=1, tm_hour=12, tm_min=44, tm_sec=35, tm_wday=0, tm_yday=305, tm_isdst=-1)",2021-11-01,2021,11,305,1,44,12,BUS01
2021-11-01 12:47:05,40.764957,-111.895203,1317.1,-9999.0,-9999.0,-9999.0,13.17,15.12,11.46,68.78,10.0,2.0,12.11,38.0,872.4,0.0,-1.1,2.14,30.2,823.3,-12.3,18.3,6.0,20.4,816.3,1.55,79.0,0.0,0,1,"time.struct_time(tm_year=2021, tm_mon=11, tm_mday=1, tm_hour=12, tm_min=47, tm_sec=5, tm_wday=0, tm_yday=305, tm_isdst=-1)",2021-11-01,2021,11,305,1,47,12,BUS01
2021-11-01 12:49:35,40.764965,-111.88736,1322.0,-9999.0,-9999.0,-9999.0,13.16,15.12,11.66,67.02,11.0,2.0,12.28,38.0,872.2,0.0,2.9,2.14,30.2,823.1,68.0,55.1,123.1,20.4,816.0,1.55,77.7,0.0,0,0,"time.struct_time(tm_year=2021, tm_mon=11, tm_mday=1, tm_hour=12, tm_min=49, tm_sec=35, tm_wday=0, tm_yday=305, tm_isdst=-1)",2021-11-01,2021,11,305,1,49,12,BUS01
2021-11-01 12:52:05,40.764935,-111.877182,1324.7,-9999.0,-9999.0,-9999.0,13.16,15.12,11.42,67.05,10.0,2.0,12.39,38.0,871.9,0.0,1.6,2.15,30.2,822.7,64.0,14.8,78.8,20.4,815.5,1.55,77.4,0.0,0,0,"time.struct_time(tm_year=2021, tm_mon=11, tm_mday=1, tm_hour=12, tm_min=52, tm_sec=5, tm_wday=0, tm_yday=305, tm_isdst=-1)",2021-11-01,2021,11,305,1,52,12,BUS01
2021-11-01 12:54:35,40.764992,-111.866295,1348.2,-9999.0,-9999.0,-9999.0,13.16,15.12,10.85,69.94,11.0,2.0,12.5,37.0,868.9,0.0,1.0,2.15,30.2,819.9,6.2,4.9,11.1,20.4,812.9,1.56,74.1,0.0,0,0,"time.struct_time(tm_year=2021, tm_mon=11, tm_mday=1, tm_hour=12, tm_min=54, tm_sec=35, tm_wday=0, tm_yday=305, tm_isdst=-1)",2021-11-01,2021,11,305,1,54,12,BUS01
2021-11-01 12:57:05,40.764984,-111.854546,1405.4,-9999.0,-9999.0,-9999.0,13.13,15.12,10.34,71.56,13.0,2.0,12.39,37.0,863.3,0.0,2.5,2.17,30.2,814.3,98.7,-25.2,73.5,20.4,807.5,1.57,76.0,1.0,0,0,"time.struct_time(tm_year=2021, tm_mon=11, tm_mday=1, tm_hour=12, tm_min=57, tm_sec=5, tm_wday=0, tm_yday=305, tm_isdst=-1)",2021-11-01,2021,11,305,1,57,12,BUS01
2021-11-01 12:59:35,40.766937,-111.847549,1447.5,-9999.0,-9999.0,-9999.0,13.17,15.09,10.17,68.54,10.0,2.0,12.39,37.0,859.0,0.0,2.5,2.17,30.2,810.4,69.4,1.2,70.6,20.4,803.3,1.56,78.0,0.0,0,0,"time.struct_time(tm_year=2021, tm_mon=11, tm_mday=1, tm_hour=12, tm_min=59, tm_sec=35, tm_wday=0, tm_yday=305, tm_isdst=-1)",2021-11-01,2021,11,305,1,59,12,BUS01
2021-11-01 13:02:05,40.772526,-111.83799,1517.2,-9999.0,-9999.0,-9999.0,13.17,15.04,10.27,59.19,8.0,2.0,12.5,36.0,851.7,0.0,24.9,2.2,30.2,803.2,112.2,47.1,159.3,20.4,796.2,1.56,76.4,0.0,0,0,"time.struct_time(tm_year=2021, tm_mon=11, tm_mday=1, tm_hour=13, tm_min=2, tm_sec=5, tm_wday=0, tm_yday=305, tm_isdst=-1)",2021-11-01,2021,11,305,1,2,13,BUS01
2021-11-01 13:04:35,40.772923,-111.839752,1507.7,-9999.0,-9999.0,-9999.0,13.15,15.02,10.82,56.95,10.0,2.0,12.39,36.0,852.7,0.0,25.1,2.17,30.2,804.1,9.4,6.2,15.6,20.4,797.0,1.54,76.8,0.0,0,0,"time.struct_time(tm_year=2021, tm_mon=11, tm_mday=1, tm_hour=13, tm_min=4, tm_sec=35, tm_wday=0, tm_yday=305, tm_isdst=-1)",2021-11-01,2021,11,305,1,4,13,BUS01
2021-11-01 13:08:10,40.765255,-111.852364,1416.0,-9999.0,-9999.0,-9999.0,13.13,15.02,10.44,66.21,8.0,2.0,12.61,36.0,862.0,0.0,7.1,2.15,30.2,813.2,90.3,29.2,119.5,20.4,806.5,1.59,76.1,0.0,0,0,"time.struct_time(tm_year=2021, tm_mon=11, tm_mday=1, tm_hour=13, tm_min=8, tm_sec=10, tm_wday=0, tm_yday=305, tm_isdst=-1)",2021-11-01,2021,11,305,1,8,13,BUS01
2021-11-01 13:10:40,40.765018,-111.864693,1349.8,-9999.0,-9999.0,-9999.0,13.17,15.02,10.24,71.29,10.0,2.0,12.5,36.0,868.5,0.0,-0.4,2.16,30.2,819.4,25.8,24.8,50.6,20.4,812.6,1.59,70.3,1.0,0,0,"time.struct_time(tm_year=2021, tm_mon=11, tm_mday=1, tm_hour=13, tm_min=10, tm_sec=40, tm_wday=0, tm_yday=305, tm_isdst=-1)",2021-11-01,2021,11,305,1,10,13,BUS01
2021-11-01 13:13:10,40.765022,-111.8722,1332.3,-9999.0,-9999.0,-9999.0,13.17,15.0,9.94,73.23,10.0,2.0,12.39,37.0,870.3,0.0,0.5,2.16,30.2,821.1,12.2,22.1,34.3,20.4,814.0,1.59,76.1,1.0,0,0,"time.struct_time(tm_year=2021, tm_mon=11, tm_mday=1, tm_hour=13, tm_min=13, tm_sec=10, tm_wday=0, tm_yday=305, tm_isdst=-1)",2021-11-01,2021,11,305,1,13,13,BUS01
2021-11-01 13:15:55,40.765018,-111.884857,1311.4,-9999.0,-9999.0,-9999.0,13.16,14.97,10.14,73.74,14.0,2.0,12.28,37.0,872.7,0.0,0.2,2.14,30.2,823.6,10.0,18.8,28.8,20.4,816.5,1.59,78.3,1.0,0,0,"time.struct_time(tm_year=2021, tm_mon=11, tm_mday=1, tm_hour=13, tm_min=15, tm_sec=55, tm_wday=0, tm_yday=305, tm_isdst=-1)",2021-11-01,2021,11,305,1,15,13,BUS01
2021-11-01 13:18:25,40.764927,-111.892685,1306.3,-9999.0,-9999.0,-9999.0,13.16,14.95,10.51,71.81,11.0,2.0,12.28,37.0,872.5,0.0,7.2,2.13,30.2,823.3,60.2,35.0,95.2,20.4,816.3,1.59,76.9,1.0,0,1,"time.struct_time(tm_year=2021, tm_mon=11, tm_mday=1, tm_hour=13, tm_min=18, tm_sec=25, tm_wday=0, tm_yday=305, tm_isdst=-1)",2021-11-01,2021,11,305,1,18,13,BUS01
2021-11-01 13:20:55,40.765072,-111.903976,1297.9,-9999.0,-9999.0,-9999.0,13.18,14.92,10.65,71.2,14.0,2.0,12.39,38.0,874.2,0.0,7.1,2.13,30.2,824.8,73.1,15.2,88.3,20.4,817.7,1.59,74.9,1.0,0,1,"time.struct_time(tm_year=2021, tm_mon=11, tm_mday=1, tm_hour=13, tm_min=20, tm_sec=55, tm_wday=0, tm_yday=305, tm_isdst=-1)",2021-11-01,2021,11,305,1,20,13,BUS01
2021-11-01 13:23:25,40.763748,-111.909485,1295.2,-9999.0,-9999.0,-9999.0,13.17,14.9,10.79,70.96,17.0,2.0,12.39,38.0,874.6,0.0,8.4,2.13,30.1,825.5,96.4,35.1,131.5,20.4,818.2,1.59,77.0,1.0,0,1,"time.struct_time(tm_year=2021, tm_mon=11, tm_mday=1, tm_hour=13, tm_min=23, tm_sec=25, tm_wday=0, tm_yday=305, tm_isdst=-1)",2021-11-01,2021,11,305,1,23,13,BUS01
2021-11-01 13:26:10,40.763737,-111.90947,1296.1,-9999.0,-9999.0,-9999.0,13.18,14.9,10.72,70.82,14.0,2.0,12.28,38.0,874.8,0.0,3.4,2.14,30.1,825.5,83.3,23.5,106.8,20.4,818.2,1.6,77.2,1.0,0,1,"time.struct_time(tm_year=2021, tm_mon=11, tm_mday=1, tm_hour=13, tm_min=26, tm_sec=10, tm_wday=0, tm_yday=305, tm_isdst=-1)",2021-11-01,2021,11,305,1,26,13,BUS01
2021-11-01 13:28:40,40.763737,-111.90947,1296.1,-9999.0,-9999.0,-9999.0,13.13,14.9,10.72,71.2,14.0,2.0,12.11,38.0,874.5,0.0,7.1,2.14,30.1,825.5,98.5,13.9,112.4,20.4,818.2,1.6,77.0,1.0,0,0,"time.struct_time(tm_year=2021, tm_mon=11, tm_mday=1, tm_hour=13, tm_min=28, tm_sec=40, tm_wday=0, tm_yday=305, tm_isdst=-1)",2021-11-01,2021,11,305,1,28,13,BUS01
2021-11-01 13:31:10,40.763737,-111.90947,1296.2,-9999.0,-9999.0,-9999.0,13.17,14.9,10.72,71.33,11.0,2.0,12.11,38.0,874.7,0.0,2.3,2.14,30.1,825.4,81.8,18.0,99.8,20.4,818.2,1.59,77.1,1.0,0,0,"time.struct_time(tm_year=2021, tm_mon=11, tm_mday=1, tm_hour=13, tm_min=31, tm_sec=10, tm_wday=0, tm_yday=305, tm_isdst=-1)",2021-11-01,2021,11,305,1,31,13,BUS01
2021-11-01 13:33:40,40.763737,-111.90947,1296.0,-9999.0,-9999.0,-9999.0,13.14,14.9,10.58,71.3,13.0,2.0,12.0,38.0,874.6,0.0,1.9,2.13,30.1,825.5,69.3,28.4,97.7,20.4,818.2,1.59,77.1,1.0,0,0,"time.struct_time(tm_year=2021, tm_mon=11, tm_mday=1, tm_hour=13, tm_min=33, tm_sec=40, tm_wday=0, tm_yday=305, tm_isdst=-1)",2021-11-01,2021,11,305,1,33,13,BUS01
2021-11-01 13:36:10,40.763741,-111.90947,1296.5,-9999.0,-9999.0,-9999.0,13.16,14.9,10.35,72.86,12.0,2.0,12.0,39.0,874.7,0.0,-0.5,2.13,30.0,825.6,65.7,28.5,94.2,20.4,818.2,1.6,77.1,1.0,0,0,"time.struct_time(tm_year=2021, tm_mon=11, tm_mday=1, tm_hour=13, tm_min=36, tm_sec=10, tm_wday=0, tm_yday=305, tm_isdst=-1)",2021-11-01,2021,11,305,1,36,13,BUS01
2021-11-01 13:38:40,40.763744,-111.90947,1296.6,-9999.0,-9999.0,-9999.0,13.12,14.92,10.18,73.84,15.0,2.0,11.89,39.0,874.6,0.0,-1.8,2.14,30.0,825.6,133.9,32.3,166.2,20.4,818.2,1.6,77.2,1.0,0,0,"time.struct_time(tm_year=2021, tm_mon=11, tm_mday=1, tm_hour=13, tm_min=38, tm_sec=40, tm_wday=0, tm_yday=305, tm_isdst=-1)",2021-11-01,2021,11,305,1,38,13,BUS01
2021-11-01 13:41:10,40.763744,-111.90947,1296.4,-9999.0,-9999.0,-9999.0,13.17,14.92,10.14,74.59,16.0,2.0,12.0,39.0,874.7,0.0,-0.8,2.14,30.0,825.5,108.5,34.3,142.8,20.4,818.3,1.59,77.2,1.0,0,1,"time.struct_time(tm_year=2021, tm_mon=11, tm_mday=1, tm_hour=13, tm_min=41, tm_sec=10, tm_wday=0, tm_yday=305, tm_isdst=-1)",2021-11-01,2021,11,305,1,41,13,BUS01
2021-11-01 13:43:40,40.763111,-111.909134,1294.8,-9999.0,-9999.0,-9999.0,13.14,14.92,10.08,74.72,13.0,2.0,12.11,39.0,874.7,0.0,1.4,2.13,30.0,825.6,84.5,37.3,121.8,20.4,818.3,1.6,77.2,1.0,0,1,"time.struct_time(tm_year=2021, tm_mon=11, tm_mday=1, tm_hour=13, tm_min=43, tm_sec=40, tm_wday=0, tm_yday=305, tm_isdst=-1)",2021-11-01,2021,11,305,1,43,13,BUS01
2021-11-01 13:46:10,40.764927,-111.904793,1290.8,-9999.0,-9999.0,-9999.0,13.17,14.92,10.59,71.68,21.0,2.0,12.22,39.0,874.5,0.0,4.4,2.13,30.0,825.2,120.5,27.6,148.1,20.4,817.9,1.59,77.4,1.0,0,1,"time.struct_time(tm_year=2021, tm_mon=11, tm_mday=1, tm_hour=13, tm_min=46, tm_sec=10, tm_wday=0, tm_yday=305, tm_isdst=-1)",2021-11-01,2021,11,305,1,46,13,BUS01
2021-11-01 13:48:40,40.764954,-111.891975,1303.5,-9999.0,-9999.0,-9999.0,13.14,14.92,10.86,69.88,15.0,2.0,12.39,39.0,872.7,0.0,-0.7,2.14,30.0,823.7,60.7,24.4,85.1,20.4,816.1,1.59,77.3,0.0,0,1,"time.struct_time(tm_year=2021, tm_mon=11, tm_mday=1, tm_hour=13, tm_min=48, tm_sec=40, tm_wday=0, tm_yday=305, tm_isdst=-1)",2021-11-01,2021,11,305,1,48,13,BUS01
2021-11-01 13:51:10,40.764904,-111.88282,1306.5,-9999.0,-9999.0,-9999.0,13.16,14.92,11.09,67.84,13.0,2.0,12.5,39.0,873.2,0.0,2.2,2.13,30.0,823.9,37.1,13.9,51.0,20.4,816.8,1.59,76.8,0.0,0,0,"time.struct_time(tm_year=2021, tm_mon=11, tm_mday=1, tm_hour=13, tm_min=51, tm_sec=10, tm_wday=0, tm_yday=305, tm_isdst=-1)",2021-11-01,2021,11,305,1,51,13,BUS01
2021-11-01 13:53:40,40.764957,-111.870155,1326.4,-9999.0,-9999.0,-9999.0,13.12,14.95,10.96,67.77,12.0,2.0,12.61,39.0,870.5,0.0,0.2,2.15,30.0,821.6,111.7,41.3,153.0,20.4,814.4,1.6,77.0,0.0,0,0,"time.struct_time(tm_year=2021, tm_mon=11, tm_mday=1, tm_hour=13, tm_min=53, tm_sec=40, tm_wday=0, tm_yday=305, tm_isdst=-1)",2021-11-01,2021,11,305,1,53,13,BUS01
2021-11-01 13:56:10,40.76495,-111.867729,1332.3,-9999.0,-9999.0,-9999.0,13.17,14.97,10.69,68.48,10.0,2.0,12.5,39.0,870.1,0.0,0.4,2.13,30.0,821.1,80.9,5.1,86.0,20.4,813.8,1.6,76.8,0.0,0,0,"time.struct_time(tm_year=2021, tm_mon=11, tm_mday=1, tm_hour=13, tm_min=56, tm_sec=10, tm_wday=0, tm_yday=305, tm_isdst=-1)",2021-11-01,2021,11,305,1,56,13,BUS01
2021-11-01 13:58:55,40.764957,-111.86219,1346.4,-9999.0,-9999.0,-9999.0,13.16,15.0,10.21,69.98,10.0,2.0,12.39,39.0,868.8,0.0,8.7,2.16,30.0,819.6,45.7,0.7,46.4,20.4,812.3,1.59,76.5,0.0,0,0,"time.struct_time(tm_year=2021, tm_mon=11, tm_mday=1, tm_hour=13, tm_min=58, tm_sec=55, tm_wday=0, tm_yday=305, tm_isdst=-1)",2021-11-01,2021,11,305,1,58,13,BUS01
2021-11-01 14:01:40,40.764996,-111.85424,1393.6,-9999.0,-9999.0,-9999.0,13.17,15.0,10.04,70.62,10.0,2.0,12.39,39.0,863.7,0.0,-0.6,2.15,30.0,814.8,14.8,14.0,28.8,20.4,807.5,1.59,76.5,1.0,0,0,"time.struct_time(tm_year=2021, tm_mon=11, tm_mday=1, tm_hour=14, tm_min=1, tm_sec=40, tm_wday=0, tm_yday=305, tm_isdst=-1)",2021-11-01,2021,11,305,1,1,14,BUS01
2021-11-01 14:04:10,40.76701,-111.849915,1423.1,-9999.0,-9999.0,-9999.0,13.17,15.0,10.24,69.57,10.0,2.0,12.39,39.0,861.1,0.0,8.9,2.17,30.0,812.0,69.1,264.5,333.6,20.4,804.8,1.6,77.3,0.0,0,0,"time.struct_time(tm_year=2021, tm_mon=11, tm_mday=1, tm_hour=14, tm_min=4, tm_sec=10, tm_wday=0, tm_yday=305, tm_isdst=-1)",2021-11-01,2021,11,305,1,4,14,BUS01
2021-11-01 14:06:40,40.770973,-111.8452,1458.6,-9999.0,-9999.0,-9999.0,13.16,15.0,10.38,66.72,10.0,2.0,12.39,39.0,857.4,0.0,14.2,2.18,30.1,808.8,200.2,120.9,321.1,20.4,801.4,1.6,76.3,0.0,0,0,"time.struct_time(tm_year=2021, tm_mon=11, tm_mday=1, tm_hour=14, tm_min=6, tm_sec=40, tm_wday=0, tm_yday=305, tm_isdst=-1)",2021-11-01,2021,11,305,1,6,14,BUS01
2021-11-01 14:10:15,40.772507,-111.837616,1514.6,-9999.0,-9999.0,-9999.0,13.18,14.97,10.72,63.33,9.0,2.0,12.39,38.0,852.4,0.0,-6.2,2.18,30.1,803.7,135.3,48.2,183.5,20.5,796.6,1.61,75.8,0.0,0,0,"time.struct_time(tm_year=2021, tm_mon=11, tm_mday=1, tm_hour=14, tm_min=10, tm_sec=15, tm_wday=0, tm_yday=305, tm_isdst=-1)",2021-11-01,2021,11,305,1,10,14,BUS01
2021-11-01 14:12:45,40.772892,-111.841385,1497.2,-9999.0,-9999.0,-9999.0,13.16,14.97,11.13,61.47,10.0,2.0,12.39,38.0,854.4,0.0,19.2,2.19,30.1,805.7,424.8,23.8,448.6,20.5,798.2,1.61,76.3,0.0,0,0,"time.struct_time(tm_year=2021, tm_mon=11, tm_mday=1, tm_hour=14, tm_min=12, tm_sec=45, tm_wday=0, tm_yday=305, tm_isdst=-1)",2021-11-01,2021,11,305,1,12,14,BUS01
2021-11-01 14:15:15,40.767036,-111.852097,1412.4,-9999.0,-9999.0,-9999.0,13.13,14.97,10.85,66.82,10.0,2.0,12.39,38.0,863.0,0.0,10.8,2.16,30.1,814.3,3.5,22.1,25.6,20.5,807.0,1.61,76.9,0.0,0,0,"time.struct_time(tm_year=2021, tm_mon=11, tm_mday=1, tm_hour=14, tm_min=15, tm_sec=15, tm_wday=0, tm_yday=305, tm_isdst=-1)",2021-11-01,2021,11,305,1,15,14,BUS01
2021-11-01 14:17:45,40.765022,-111.859802,1367.8,-9999.0,-9999.0,-9999.0,13.17,14.97,10.61,67.73,11.0,2.0,12.39,39.0,867.7,0.0,2.9,2.14,30.1,818.7,-36.8,62.9,26.1,20.5,811.3,1.6,77.8,0.0,0,0,"time.struct_time(tm_year=2021, tm_mon=11, tm_mday=1, tm_hour=14, tm_min=17, tm_sec=45, tm_wday=0, tm_yday=305, tm_isdst=-1)",2021-11-01,2021,11,305,1,17,14,BUS01
2021-11-01 14:20:15,40.765022,-111.870689,1334.2,-9999.0,-9999.0,-9999.0,13.18,14.97,10.38,70.11,11.0,2.0,12.39,39.0,871.0,0.0,0.9,2.13,30.1,821.8,61.7,23.7,85.4,20.5,814.5,1.61,77.2,0.0,0,0,"time.struct_time(tm_year=2021, tm_mon=11, tm_mday=1, tm_hour=14, tm_min=20, tm_sec=15, tm_wday=0, tm_yday=305, tm_isdst=-1)",2021-11-01,2021,11,305,1,20,14,BUS01
2021-11-01 14:22:45,40.765079,-111.879257,1317.5,-9999.0,-9999.0,-9999.0,13.18,14.97,10.31,70.99,11.0,2.0,12.39,39.0,872.7,0.0,-3.6,2.14,30.1,823.7,93.7,11.6,105.3,20.5,816.3,1.61,77.6,1.0,0,0,"time.struct_time(tm_year=2021, tm_mon=11, tm_mday=1, tm_hour=14, tm_min=22, tm_sec=45, tm_wday=0, tm_yday=305, tm_isdst=-1)",2021-11-01,2021,11,305,1,22,14,BUS01
2021-11-01 14:25:15,40.765076,-111.887642,1324.5,-9999.0,-9999.0,-9999.0,13.17,14.97,10.62,69.81,11.0,2.0,12.39,39.0,873.2,0.0,10.7,2.13,30.1,824.0,61.4,17.0,78.4,20.5,816.6,1.61,77.6,1.0,0,0,"time.struct_time(tm_year=2021, tm_mon=11, tm_mday=1, tm_hour=14, tm_min=25, tm_sec=15, tm_wday=0, tm_yday=305, tm_isdst=-1)",2021-11-01,2021,11,305,1,25,14,BUS01
2021-11-01 14:27:45,40.765026,-111.896698,1323.3,-9999.0,-9999.0,-9999.0,13.17,15.0,10.92,69.84,12.0,2.0,12.5,40.0,873.8,0.0,5.6,2.15,30.1,824.4,66.9,25.9,92.8,20.5,817.1,1.61,77.7,1.0,0,0,"time.struct_time(tm_year=2021, tm_mon=11, tm_mday=1, tm_hour=14, tm_min=27, tm_sec=45, tm_wday=0, tm_yday=305, tm_isdst=-1)",2021-11-01,2021,11,305,1,27,14,BUS01
2021-11-01 14:30:15,40.765022,-111.900932,1309.5,-9999.0,-9999.0,-9999.0,13.17,15.0,11.16,70.15,16.0,2.0,12.5,40.0,874.3,0.0,-2.3,2.15,30.1,825.1,110.7,-54.2,56.5,20.5,817.6,1.6,76.8,0.0,0,1,"time.struct_time(tm_year=2021, tm_mon=11, tm_mday=1, tm_hour=14, tm_min=30, tm_sec=15, tm_wday=0, tm_yday=305, tm_isdst=-1)",2021-11-01,2021,11,305,1,30,14,BUS01
2021-11-01 14:33:00,40.764153,-111.909019,1299.0,-9999.0,-9999.0,-9999.0,13.13,15.02,11.33,69.37,17.0,2.0,12.61,40.0,875.2,0.0,5.2,2.14,30.1,826.0,227.2,33.7,260.9,20.5,818.5,1.61,78.4,0.0,0,1,"time.struct_time(tm_year=2021, tm_mon=11, tm_mday=1, tm_hour=14, tm_min=33, tm_sec=0, tm_wday=0, tm_yday=305, tm_isdst=-1)",2021-11-01,2021,11,305,1,33,14,BUS01
2021-11-01 14:35:30,40.763527,-111.909409,1298.8,-9999.0,-9999.0,-9999.0,13.17,15.04,11.6,67.67,15.0,2.0,12.61,40.0,875.2,0.0,3.0,2.13,30.1,826.1,154.3,21.8,176.1,20.5,818.6,1.61,77.8,0.0,0,1,"time.struct_time(tm_year=2021, tm_mon=11, tm_mday=1, tm_hour=14, tm_min=35, tm_sec=30, tm_wday=0, tm_yday=305, tm_isdst=-1)",2021-11-01,2021,11,305,1,35,14,BUS01
2021-11-01 14:38:00,40.763527,-111.909401,1298.9,-9999.0,-9999.0,-9999.0,13.16,15.07,11.67,67.94,12.0,2.0,12.61,39.0,875.4,0.0,-1.3,2.15,30.1,826.2,127.6,29.3,156.9,20.5,818.7,1.61,77.5,0.0,0,1,"time.struct_time(tm_year=2021, tm_mon=11, tm_mday=1, tm_hour=14, tm_min=38, tm_sec=0, tm_wday=0, tm_yday=305, tm_isdst=-1)",2021-11-01,2021,11,305,1,38,14,BUS01
2021-11-01 14:40:30,40.763531,-111.909409,1298.9,-9999.0,-9999.0,-9999.0,13.17,15.12,11.84,67.23,13.0,2.0,12.61,38.0,875.3,0.0,-1.2,2.15,30.1,826.2,138.7,26.6,165.3,20.5,818.8,1.61,77.7,0.0,0,0,"time.struct_time(tm_year=2021, tm_mon=11, tm_mday=1, tm_hour=14, tm_min=40, tm_sec=30, tm_wday=0, tm_yday=305, tm_isdst=-1)",2021-11-01,2021,11,305,1,40,14,BUS01
2021-11-01 14:43:00,40.763535,-111.909409,1298.8,-9999.0,-9999.0,-9999.0,13.14,15.14,11.8,67.06,12.0,2.0,12.72,38.0,875.3,0.0,2.8,2.13,30.1,826.2,137.8,23.3,161.1,20.5,818.7,1.61,77.7,0.0,0,0,"time.struct_time(tm_year=2021, tm_mon=11, tm_mday=1, tm_hour=14, tm_min=43, tm_sec=0, tm_wday=0, tm_yday=305, tm_isdst=-1)",2021-11-01,2021,11,305,1,43,14,BUS01
2021-11-01 14:45:30,40.763535,-111.909409,1298.8,-9999.0,-9999.0,-9999.0,13.16,15.19,11.87,67.26,13.0,2.0,12.72,38.0,875.6,0.0,4.4,2.13,30.1,826.2,153.6,24.4,178.0,20.5,818.9,1.6,77.5,0.0,0,0,"time.struct_time(tm_year=2021, tm_mon=11, tm_mday=1, tm_hour=14, tm_min=45, tm_sec=30, tm_wday=0, tm_yday=305, tm_isdst=-1)",2021-11-01,2021,11,305,1,45,14,BUS01
2021-11-01 14:48:00,40.763538,-111.909409,1298.6,-9999.0,-9999.0,-9999.0,13.15,15.24,11.94,67.13,15.0,2.0,12.78,38.0,875.6,0.0,3.5,2.13,30.2,826.3,156.2,25.7,181.9,20.6,818.8,1.61,77.6,0.0,0,0,"time.struct_time(tm_year=2021, tm_mon=11, tm_mday=1, tm_hour=14, tm_min=48, tm_sec=0, tm_wday=0, tm_yday=305, tm_isdst=-1)",2021-11-01,2021,11,305,1,48,14,BUS01
2021-11-01 14:50:30,40.763538,-111.909409,1298.3,-9999.0,-9999.0,-9999.0,13.15,15.31,11.94,66.72,18.0,2.0,13.0,38.0,875.5,0.0,1.4,2.13,30.2,826.3,167.5,25.0,192.5,20.6,818.9,1.61,77.7,0.0,0,0,"time.struct_time(tm_year=2021, tm_mon=11, tm_mday=1, tm_hour=14, tm_min=50, tm_sec=30, tm_wday=0, tm_yday=305, tm_isdst=-1)",2021-11-01,2021,11,305,1,50,14,BUS01
2021-11-01 14:53:00,40.763538,-111.909409,1298.3,-9999.0,-9999.0,-9999.0,13.16,15.36,11.53,68.55,18.0,2.0,13.11,38.0,875.4,0.0,-0.2,2.13,30.2,826.3,189.1,35.6,224.7,20.6,818.9,1.61,77.7,0.0,0,0,"time.struct_time(tm_year=2021, tm_mon=11, tm_mday=1, tm_hour=14, tm_min=53, tm_sec=0, tm_wday=0, tm_yday=305, tm_isdst=-1)",2021-11-01,2021,11,305,1,53,14,BUS01
2021-11-01 14:55:30,40.763538,-111.909409,1298.2,-9999.0,-9999.0,-9999.0,13.13,15.41,11.39,69.43,20.0,2.0,13.22,38.0,875.5,0.0,1.3,2.13,30.2,826.3,179.9,38.7,218.6,20.6,818.9,1.61,77.6,0.0,0,0,"time.struct_time(tm_year=2021, tm_mon=11, tm_mday=1, tm_hour=14, tm_min=55, tm_sec=30, tm_wday=0, tm_yday=305, tm_isdst=-1)",2021-11-01,2021,11,305,1,55,14,BUS01
2021-11-01 14:58:00,40.763538,-111.909409,1297.7,-9999.0,-9999.0,-9999.0,13.13,15.46,11.26,69.7,17.0,2.0,13.28,38.0,875.6,0.0,2.3,2.14,30.3,826.4,176.3,22.5,198.8,20.6,818.9,1.61,77.6,0.0,0,1,"time.struct_time(tm_year=2021, tm_mon=11, tm_mday=1, tm_hour=14, tm_min=58, tm_sec=0, tm_wday=0, tm_yday=305, tm_isdst=-1)",2021-11-01,2021,11,305,1,58,14,BUS01
2021-11-01 15:00:30,40.763142,-111.909203,1294.4,-9999.0,-9999.0,-9999.0,13.16,15.51,11.49,69.19,16.0,2.0,13.39,38.0,875.6,0.0,2.1,2.15,30.3,826.3,168.0,26.0,194.0,20.7,818.9,1.61,77.5,0.0,0,1,"time.struct_time(tm_year=2021, tm_mon=11, tm_mday=1, tm_hour=15, tm_min=0, tm_sec=30, tm_wday=0, tm_yday=305, tm_isdst=-1)",2021-11-01,2021,11,305,1,0,15,BUS01
2021-11-01 15:03:00,40.764904,-111.903351,1296.4,-9999.0,-9999.0,-9999.0,13.15,15.55,12.2,65.76,18.0,2.0,13.5,38.0,875.4,0.0,2.3,2.14,30.3,825.8,135.9,42.4,178.3,20.7,818.3,1.61,78.2,0.0,0,1,"time.struct_time(tm_year=2021, tm_mon=11, tm_mday=1, tm_hour=15, tm_min=3, tm_sec=0, tm_wday=0, tm_yday=305, tm_isdst=-1)",2021-11-01,2021,11,305,1,3,15,BUS01
2021-11-01 15:05:30,40.76495,-111.893082,1307.9,-9999.0,-9999.0,-9999.0,13.15,15.6,12.34,64.68,24.0,2.0,13.61,38.0,873.6,0.0,-4.8,2.15,30.4,824.5,87.8,10.6,98.4,20.7,817.0,1.6,75.2,0.0,0,1,"time.struct_time(tm_year=2021, tm_mon=11, tm_mday=1, tm_hour=15, tm_min=5, tm_sec=30, tm_wday=0, tm_yday=305, tm_isdst=-1)",2021-11-01,2021,11,305,1,5,15,BUS01
2021-11-01 15:08:00,40.764935,-111.885506,1305.0,-9999.0,-9999.0,-9999.0,13.16,15.65,12.47,61.22,16.0,2.0,13.72,38.0,873.8,0.0,-0.6,2.14,30.4,824.6,58.6,25.1,83.7,20.7,817.2,1.61,78.9,0.0,0,0,"time.struct_time(tm_year=2021, tm_mon=11, tm_mday=1, tm_hour=15, tm_min=8, tm_sec=0, tm_wday=0, tm_yday=305, tm_isdst=-1)",2021-11-01,2021,11,305,1,8,15,BUS01
2021-11-01 15:11:35,40.764977,-111.875381,1319.3,-9999.0,-9999.0,-9999.0,13.15,15.7,12.27,62.24,15.0,2.0,13.72,38.0,872.6,0.0,4.3,2.14,30.5,823.4,61.3,1.3,62.6,20.8,816.1,1.56,78.3,0.0,0,0,"time.struct_time(tm_year=2021, tm_mon=11, tm_mday=1, tm_hour=15, tm_min=11, tm_sec=35, tm_wday=0, tm_yday=305, tm_isdst=-1)",2021-11-01,2021,11,305,1,11,15,BUS01
2021-11-01 15:14:05,40.764946,-111.867722,1336.6,-9999.0,-9999.0,-9999.0,13.14,15.75,12.07,63.8,11.0,2.0,13.72,38.0,870.9,0.0,1.5,2.15,30.5,821.8,31.9,75.5,107.4,20.8,814.4,1.56,77.8,0.0,0,0,"time.struct_time(tm_year=2021, tm_mon=11, tm_mday=1, tm_hour=15, tm_min=14, tm_sec=5, tm_wday=0, tm_yday=305, tm_isdst=-1)",2021-11-01,2021,11,305,1,14,15,BUS01
2021-11-01 15:16:35,40.764946,-111.857796,1368.9,-9999.0,-9999.0,-9999.0,13.15,15.77,11.66,66.98,11.0,2.0,13.72,38.0,867.4,0.0,2.9,2.16,30.5,818.2,49.8,-42.0,7.8,20.8,811.2,1.56,75.5,0.0,0,0,"time.struct_time(tm_year=2021, tm_mon=11, tm_mday=1, tm_hour=15, tm_min=16, tm_sec=35, tm_wday=0, tm_yday=305, tm_isdst=-1)",2021-11-01,2021,11,305,1,16,15,BUS01
2021-11-01 15:19:05,40.766998,-111.84993,1424.9,-9999.0,-9999.0,-9999.0,13.14,15.8,11.53,65.36,11.0,2.0,13.61,38.0,862.0,0.0,1.9,2.16,30.6,812.8,167.8,-96.5,71.3,20.8,805.9,1.56,75.5,0.0,0,0,"time.struct_time(tm_year=2021, tm_mon=11, tm_mday=1, tm_hour=15, tm_min=19, tm_sec=5, tm_wday=0, tm_yday=305, tm_isdst=-1)",2021-11-01,2021,11,305,1,19,15,BUS01
2021-11-01 15:21:35,40.771717,-111.842613,1476.0,-9999.0,-9999.0,-9999.0,13.14,15.8,11.83,60.61,11.0,2.0,13.61,37.0,856.5,0.0,9.3,2.18,30.6,807.6,55.8,42.5,98.3,20.9,800.8,1.56,77.5,0.0,0,0,"time.struct_time(tm_year=2021, tm_mon=11, tm_mday=1, tm_hour=15, tm_min=21, tm_sec=35, tm_wday=0, tm_yday=305, tm_isdst=-1)",2021-11-01,2021,11,305,1,21,15,BUS01
2021-11-01 15:24:05,40.772724,-111.838234,1512.6,-9999.0,-9999.0,-9999.0,13.13,15.82,12.07,56.81,11.0,2.0,13.72,37.0,853.2,0.0,0.7,2.19,30.6,804.4,136.3,-28.7,107.6,20.9,797.2,1.55,76.8,0.0,0,0,"time.struct_time(tm_year=2021, tm_mon=11, tm_mday=1, tm_hour=15, tm_min=24, tm_sec=5, tm_wday=0, tm_yday=305, tm_isdst=-1)",2021-11-01,2021,11,305,1,24,15,BUS01
2021-11-01 15:26:35,40.766987,-111.850212,1427.6,-9999.0,-9999.0,-9999.0,13.13,15.85,12.07,61.9,12.0,2.0,13.72,37.0,861.8,0.0,6.7,2.16,30.7,813.0,25.8,3.8,29.6,20.9,805.3,1.54,78.7,0.0,0,0,"time.struct_time(tm_year=2021, tm_mon=11, tm_mday=1, tm_hour=15, tm_min=26, tm_sec=35, tm_wday=0, tm_yday=305, tm_isdst=-1)",2021-11-01,2021,11,305,1,26,15,BUS01
2021-11-01 15:29:05,40.765785,-111.852356,1416.1,-9999.0,-9999.0,-9999.0,13.14,15.87,11.93,64.37,11.0,2.0,13.72,37.0,863.4,0.0,2.4,2.16,30.7,814.4,43.5,28.4,71.9,20.9,807.1,1.56,77.3,0.0,0,0,"time.struct_time(tm_year=2021, tm_mon=11, tm_mday=1, tm_hour=15, tm_min=29, tm_sec=5, tm_wday=0, tm_yday=305, tm_isdst=-1)",2021-11-01,2021,11,305,1,29,15,BUS01
2021-11-01 15:31:35,40.765018,-111.855377,1399.8,-9999.0,-9999.0,-9999.0,13.12,15.92,12.2,64.14,14.0,2.0,13.72,37.0,864.9,0.0,4.2,2.17,30.7,815.9,44.9,63.2,108.1,20.9,808.1,1.55,80.1,0.0,0,0,"time.struct_time(tm_year=2021, tm_mon=11, tm_mday=1, tm_hour=15, tm_min=31, tm_sec=35, tm_wday=0, tm_yday=305, tm_isdst=-1)",2021-11-01,2021,11,305,1,31,15,BUS01
2021-11-01 15:34:05,40.765053,-111.865257,1346.4,-9999.0,-9999.0,-9999.0,13.14,15.95,12.37,65.36,15.0,2.0,13.72,38.0,870.1,0.0,1.2,2.15,30.8,820.9,59.5,27.1,86.6,21.0,813.4,1.56,78.5,0.0,0,0,"time.struct_time(tm_year=2021, tm_mon=11, tm_mday=1, tm_hour=15, tm_min=34, tm_sec=5, tm_wday=0, tm_yday=305, tm_isdst=-1)",2021-11-01,2021,11,305,1,34,15,BUS01
2021-11-01 15:36:35,40.765053,-111.877029,1322.8,-9999.0,-9999.0,-9999.0,13.13,16.0,12.54,61.42,14.0,2.0,13.78,38.0,873.1,0.0,1.4,2.15,30.8,823.7,12.2,25.8,38.0,21.0,816.0,1.55,74.7,0.0,0,0,"time.struct_time(tm_year=2021, tm_mon=11, tm_mday=1, tm_hour=15, tm_min=36, tm_sec=35, tm_wday=0, tm_yday=305, tm_isdst=-1)",2021-11-01,2021,11,305,1,36,15,BUS01
2021-11-01 15:39:05,40.765007,-111.885368,1318.1,-9999.0,-9999.0,-9999.0,13.14,16.04,12.61,59.97,15.0,2.0,13.78,38.0,873.9,0.0,2.2,2.15,30.8,824.6,43.9,-6.8,37.1,21.0,817.1,1.56,78.4,0.0,0,1,"time.struct_time(tm_year=2021, tm_mon=11, tm_mday=1, tm_hour=15, tm_min=39, tm_sec=5, tm_wday=0, tm_yday=305, tm_isdst=-1)",2021-11-01,2021,11,305,1,39,15,BUS01
2021-11-01 15:41:35,40.765034,-111.895882,1315.3,-9999.0,-9999.0,-9999.0,13.13,16.07,12.61,62.98,16.0,2.0,13.89,38.0,874.2,0.0,4.3,2.14,30.8,824.7,101.0,27.3,128.3,21.0,817.0,1.56,80.8,0.0,0,1,"time.struct_time(tm_year=2021, tm_mon=11, tm_mday=1, tm_hour=15, tm_min=41, tm_sec=35, tm_wday=0, tm_yday=305, tm_isdst=-1)",2021-11-01,2021,11,305,1,41,15,BUS01
2021-11-01 15:44:05,40.764626,-111.909737,1294.0,-9999.0,-9999.0,-9999.0,13.09,16.09,12.34,65.69,20.0,2.0,13.89,38.0,875.8,0.0,4.3,2.13,30.8,826.4,95.7,-87.3,8.4,21.0,818.8,1.56,78.3,0.0,0,1,"time.struct_time(tm_year=2021, tm_mon=11, tm_mday=1, tm_hour=15, tm_min=44, tm_sec=5, tm_wday=0, tm_yday=305, tm_isdst=-1)",2021-11-01,2021,11,305,1,44,15,BUS01
2021-11-01 15:46:35,40.76466,-111.909584,1291.8,-9999.0,-9999.0,-9999.0,13.13,16.14,13.15,62.78,21.0,2.0,13.89,38.0,875.8,0.0,2.8,2.13,30.9,826.4,136.3,29.0,165.3,21.0,818.8,1.57,78.3,0.0,0,1,"time.struct_time(tm_year=2021, tm_mon=11, tm_mday=1, tm_hour=15, tm_min=46, tm_sec=35, tm_wday=0, tm_yday=305, tm_isdst=-1)",2021-11-01,2021,11,305,1,46,15,BUS01
2021-11-01 15:49:05,40.764656,-111.909584,1291.6,-9999.0,-9999.0,-9999.0,13.14,16.19,14.64,58.31,20.0,2.0,13.89,39.0,875.8,0.0,-0.4,2.13,30.9,826.4,134.0,31.5,165.5,21.1,818.8,1.57,78.3,0.0,0,1,"time.struct_time(tm_year=2021, tm_mon=11, tm_mday=1, tm_hour=15, tm_min=49, tm_sec=5, tm_wday=0, tm_yday=305, tm_isdst=-1)",2021-11-01,2021,11,305,1,49,15,BUS01
2021-11-01 15:51:35,40.764656,-111.909576,1291.2,-9999.0,-9999.0,-9999.0,13.14,16.24,15.56,55.32,19.0,2.0,14.0,39.0,875.6,0.0,1.1,2.15,30.9,826.4,146.2,33.4,179.6,21.1,818.8,1.56,78.4,0.0,0,1,"time.struct_time(tm_year=2021, tm_mon=11, tm_mday=1, tm_hour=15, tm_min=51, tm_sec=35, tm_wday=0, tm_yday=305, tm_isdst=-1)",2021-11-01,2021,11,305,1,51,15,BUS01
2021-11-01 15:54:05,40.764656,-111.909576,1291.0,-9999.0,-9999.0,-9999.0,13.14,16.32,15.42,54.54,24.0,2.0,14.11,39.0,875.9,0.0,1.3,2.14,30.9,826.4,144.4,30.2,174.6,21.1,818.8,1.57,78.3,0.0,0,1,"time.struct_time(tm_year=2021, tm_mon=11, tm_mday=1, tm_hour=15, tm_min=54, tm_sec=5, tm_wday=0, tm_yday=305, tm_isdst=-1)",2021-11-01,2021,11,305,1,54,15,BUS01
2021-11-01 15:56:35,40.764652,-111.909576,1290.9,-9999.0,-9999.0,-9999.0,13.14,16.36,15.49,54.78,21.0,2.0,14.28,39.0,875.6,0.0,1.4,2.14,31.0,826.4,137.6,25.7,163.3,21.1,818.7,1.57,78.6,0.0,0,1,"time.struct_time(tm_year=2021, tm_mon=11, tm_mday=1, tm_hour=15, tm_min=56, tm_sec=35, tm_wday=0, tm_yday=305, tm_isdst=-1)",2021-11-01,2021,11,305,1,56,15,BUS01
2021-11-01 15:59:05,40.764652,-111.909576,1290.7,-9999.0,-9999.0,-9999.0,13.13,16.44,15.93,53.9,21.0,2.0,14.5,39.0,875.9,0.0,2.9,2.14,31.0,826.4,133.3,28.6,161.9,21.2,818.7,1.57,78.5,0.0,0,1,"time.struct_time(tm_year=2021, tm_mon=11, tm_mday=1, tm_hour=15, tm_min=59, tm_sec=5, tm_wday=0, tm_yday=305, tm_isdst=-1)",2021-11-01,2021,11,305,1,59,15,BUS01
2021-11-01 16:01:35,40.764648,-111.909576,1290.6,-9999.0,-9999.0,-9999.0,13.14,16.54,17.25,48.98,20.0,2.0,14.78,40.0,875.6,0.0,5.7,2.13,31.1,826.5,127.6,31.0,158.6,21.2,818.8,1.56,78.1,0.0,0,1,"time.struct_time(tm_year=2021, tm_mon=11, tm_mday=1, tm_hour=16, tm_min=1, tm_sec=35, tm_wday=0, tm_yday=305, tm_isdst=-1)",2021-11-01,2021,11,305,1,1,16,BUS01
2021-11-01 16:04:05,40.764648,-111.909576,1290.4,-9999.0,-9999.0,-9999.0,13.05,16.66,18.27,46.17,19.0,2.0,15.11,40.0,875.9,0.0,1.8,2.15,31.2,826.4,118.7,28.4,147.1,21.2,818.7,1.57,78.2,0.0,0,1,"time.struct_time(tm_year=2021, tm_mon=11, tm_mday=1, tm_hour=16, tm_min=4, tm_sec=5, tm_wday=0, tm_yday=305, tm_isdst=-1)",2021-11-01,2021,11,305,1,4,16,BUS01
2021-11-01 16:06:35,40.764652,-111.909569,1290.5,-9999.0,-9999.0,-9999.0,13.11,16.79,18.95,43.97,20.0,2.0,15.39,40.0,876.0,0.0,3.6,2.16,31.2,826.5,120.6,25.9,146.5,21.3,818.7,1.57,78.3,0.0,0,1,"time.struct_time(tm_year=2021, tm_mon=11, tm_mday=1, tm_hour=16, tm_min=6, tm_sec=35, tm_wday=0, tm_yday=305, tm_isdst=-1)",2021-11-01,2021,11,305,1,6,16,BUS01
2021-11-01 16:09:05,40.764648,-111.909569,1290.6,-9999.0,-9999.0,-9999.0,13.09,16.91,19.12,42.85,20.0,2.0,15.61,40.0,875.8,0.0,4.6,2.15,31.3,826.4,107.4,31.4,138.8,21.3,818.7,1.57,78.6,0.0,0,1,"time.struct_time(tm_year=2021, tm_mon=11, tm_mday=1, tm_hour=16, tm_min=9, tm_sec=5, tm_wday=0, tm_yday=305, tm_isdst=-1)",2021-11-01,2021,11,305,1,9,16,BUS01
2021-11-01 16:12:40,40.763779,-111.909462,1295.0,-9999.0,-9999.0,-9999.0,13.06,17.09,18.03,44.37,17.0,2.0,15.78,39.0,875.7,0.0,3.1,2.14,31.5,826.3,96.2,27.1,123.3,21.4,818.5,1.6,79.0,0.0,0,1,"time.struct_time(tm_year=2021, tm_mon=11, tm_mday=1, tm_hour=16, tm_min=12, tm_sec=40, tm_wday=0, tm_yday=305, tm_isdst=-1)",2021-11-01,2021,11,305,1,12,16,BUS01
2021-11-01 16:15:10,40.764969,-111.908524,1294.8,-9999.0,-9999.0,-9999.0,13.11,17.19,17.02,48.24,17.0,2.0,15.78,39.0,875.9,0.0,3.3,2.16,31.6,826.3,108.1,24.7,132.8,21.4,818.6,1.6,77.2,0.0,0,1,"time.struct_time(tm_year=2021, tm_mon=11, tm_mday=1, tm_hour=16, tm_min=15, tm_sec=10, tm_wday=0, tm_yday=305, tm_isdst=-1)",2021-11-01,2021,11,305,1,15,16,BUS01
2021-11-01 16:17:40,40.764904,-111.898849,1304.9,-9999.0,-9999.0,-9999.0,13.11,17.26,15.63,53.02,21.0,2.0,15.78,38.0,874.7,0.0,-0.5,2.16,31.7,825.2,151.8,34.6,186.4,21.5,817.7,1.6,77.3,0.0,0,1,"time.struct_time(tm_year=2021, tm_mon=11, tm_mday=1, tm_hour=16, tm_min=17, tm_sec=40, tm_wday=0, tm_yday=305, tm_isdst=-1)",2021-11-01,2021,11,305,1,17,16,BUS01
2021-11-01 16:20:10,40.765007,-111.888725,1314.9,-9999.0,-9999.0,-9999.0,13.11,17.36,15.05,54.58,24.0,2.0,15.78,38.0,873.6,0.0,3.2,2.17,31.8,824.4,57.9,38.6,96.5,21.5,816.7,1.6,77.5,0.0,0,1,"time.struct_time(tm_year=2021, tm_mon=11, tm_mday=1, tm_hour=16, tm_min=20, tm_sec=10, tm_wday=0, tm_yday=305, tm_isdst=-1)",2021-11-01,2021,11,305,1,20,16,BUS01
2021-11-01 16:22:40,40.764965,-111.883087,1312.2,-9999.0,-9999.0,-9999.0,13.11,17.44,14.71,54.58,19.0,2.0,15.78,37.0,874.0,0.0,5.4,2.13,31.9,824.6,164.5,-28.6,135.9,21.6,816.8,1.6,77.1,0.0,0,0,"time.struct_time(tm_year=2021, tm_mon=11, tm_mday=1, tm_hour=16, tm_min=22, tm_sec=40, tm_wday=0, tm_yday=305, tm_isdst=-1)",2021-11-01,2021,11,305,1,22,16,BUS01
2021-11-01 16:25:10,40.764923,-111.874275,1324.9,-9999.0,-9999.0,-9999.0,13.09,17.51,14.75,53.22,18.0,2.0,15.89,37.0,872.3,0.0,9.5,2.15,32.0,823.0,44.8,13.5,58.3,21.6,815.4,1.6,77.5,0.0,0,0,"time.struct_time(tm_year=2021, tm_mon=11, tm_mday=1, tm_hour=16, tm_min=25, tm_sec=10, tm_wday=0, tm_yday=305, tm_isdst=-1)",2021-11-01,2021,11,305,1,25,16,BUS01
2021-11-01 16:27:40,40.76495,-111.862801,1350.5,-9999.0,-9999.0,-9999.0,13.1,17.59,14.78,51.93,15.0,2.0,16.0,36.0,869.6,0.0,11.2,2.17,32.0,820.3,70.0,31.2,101.2,21.7,812.4,1.6,75.3,0.0,0,0,"time.struct_time(tm_year=2021, tm_mon=11, tm_mday=1, tm_hour=16, tm_min=27, tm_sec=40, tm_wday=0, tm_yday=305, tm_isdst=-1)",2021-11-01,2021,11,305,1,27,16,BUS01
2021-11-01 16:30:10,40.764996,-111.8535,1400.5,-9999.0,-9999.0,-9999.0,13.11,17.66,14.68,52.64,15.0,2.0,16.22,36.0,864.2,0.0,13.1,2.18,32.1,815.0,25.5,15.5,41.0,21.7,807.1,1.6,76.5,0.0,0,0,"time.struct_time(tm_year=2021, tm_mon=11, tm_mday=1, tm_hour=16, tm_min=30, tm_sec=10, tm_wday=0, tm_yday=305, tm_isdst=-1)",2021-11-01,2021,11,305,1,30,16,BUS01
2021-11-01 16:32:40,40.766998,-111.847679,1430.3,-9999.0,-9999.0,-9999.0,13.11,17.72,14.84,45.42,13.0,2.0,16.28,36.0,860.4,0.0,21.0,2.19,32.2,811.5,-3.3,15.4,12.1,21.8,803.7,1.6,76.9,0.0,0,0,"time.struct_time(tm_year=2021, tm_mon=11, tm_mday=1, tm_hour=16, tm_min=32, tm_sec=40, tm_wday=0, tm_yday=305, tm_isdst=-1)",2021-11-01,2021,11,305,1,32,16,BUS01
2021-11-01 16:35:10,40.77264,-111.838799,1501.0,-9999.0,-9999.0,-9999.0,13.1,17.79,15.11,43.52,11.0,2.0,16.39,34.0,853.4,0.0,24.8,2.2,32.3,804.7,57.4,-53.5,3.9,21.8,796.8,1.6,77.2,0.0,0,0,"time.struct_time(tm_year=2021, tm_mon=11, tm_mday=1, tm_hour=16, tm_min=35, tm_sec=10, tm_wday=0, tm_yday=305, tm_isdst=-1)",2021-11-01,2021,11,305,1,35,16,BUS01
2021-11-01 16:37:40,40.772808,-111.839493,1507.9,-9999.0,-9999.0,-9999.0,13.1,17.84,15.92,41.21,9.0,2.0,16.39,34.0,853.8,0.0,20.8,2.2,32.4,804.9,40.3,26.8,67.1,21.9,797.2,1.6,76.8,0.0,0,0,"time.struct_time(tm_year=2021, tm_mon=11, tm_mday=1, tm_hour=16, tm_min=37, tm_sec=40, tm_wday=0, tm_yday=305, tm_isdst=-1)",2021-11-01,2021,11,305,1,37,16,BUS01
2021-11-01 16:40:10,40.766987,-111.850769,1419.5,-9999.0,-9999.0,-9999.0,13.1,17.92,15.99,42.43,10.0,2.0,16.61,33.0,862.4,0.0,18.0,2.17,32.5,813.4,7.4,-19.3,-11.9,21.9,805.9,1.6,78.3,0.0,0,0,"time.struct_time(tm_year=2021, tm_mon=11, tm_mday=1, tm_hour=16, tm_min=40, tm_sec=10, tm_wday=0, tm_yday=305, tm_isdst=-1)",2021-11-01,2021,11,305,1,40,16,BUS01
2021-11-01 16:42:40,40.765018,-111.852821,1407.3,-9999.0,-9999.0,-9999.0,13.09,18.02,16.42,42.12,10.0,2.0,16.72,33.0,863.5,0.0,20.6,2.19,32.6,814.5,1.5,23.0,24.5,22.0,806.6,1.6,76.5,0.0,0,0,"time.struct_time(tm_year=2021, tm_mon=11, tm_mday=1, tm_hour=16, tm_min=42, tm_sec=40, tm_wday=0, tm_yday=305, tm_isdst=-1)",2021-11-01,2021,11,305,1,42,16,BUS01
2021-11-01 16:45:10,40.765011,-111.862556,1348.5,-9999.0,-9999.0,-9999.0,13.09,18.15,16.73,41.89,8.0,2.0,16.89,33.0,869.3,0.0,20.7,2.16,32.6,819.8,15.1,-7.1,8.0,22.0,812.5,1.6,77.4,0.0,0,0,"time.struct_time(tm_year=2021, tm_mon=11, tm_mday=1, tm_hour=16, tm_min=45, tm_sec=10, tm_wday=0, tm_yday=305, tm_isdst=-1)",2021-11-01,2021,11,305,1,45,16,BUS01
2021-11-01 16:47:40,40.764973,-111.870476,1330.5,-9999.0,-9999.0,-9999.0,13.09,18.28,16.66,45.61,13.0,2.0,17.11,33.0,871.3,0.0,9.0,2.17,32.7,821.8,50.6,26.8,77.4,22.1,814.3,1.6,77.3,0.0,0,0,"time.struct_time(tm_year=2021, tm_mon=11, tm_mday=1, tm_hour=16, tm_min=47, tm_sec=40, tm_wday=0, tm_yday=305, tm_isdst=-1)",2021-11-01,2021,11,305,1,47,16,BUS01
2021-11-01 16:50:10,40.765034,-111.880409,1312.1,-9999.0,-9999.0,-9999.0,13.09,18.4,17.1,44.53,17.0,2.0,17.28,34.0,873.1,0.0,8.5,2.16,32.8,823.7,52.3,37.4,89.7,22.1,815.8,1.6,75.3,0.0,0,0,"time.struct_time(tm_year=2021, tm_mon=11, tm_mday=1, tm_hour=16, tm_min=50, tm_sec=10, tm_wday=0, tm_yday=305, tm_isdst=-1)",2021-11-01,2021,11,305,1,50,16,BUS01
2021-11-01 16:52:40,40.765041,-111.887817,1322.9,-9999.0,-9999.0,-9999.0,13.07,18.53,17.27,41.24,17.0,2.0,17.5,34.0,873.6,0.0,5.3,2.15,32.9,824.0,72.5,30.3,102.8,22.2,816.1,1.6,77.8,0.0,0,0,"time.struct_time(tm_year=2021, tm_mon=11, tm_mday=1, tm_hour=16, tm_min=52, tm_sec=40, tm_wday=0, tm_yday=305, tm_isdst=-1)",2021-11-01,2021,11,305,1,52,16,BUS01
2021-11-01 16:55:10,40.764931,-111.893539,1339.7,-9999.0,-9999.0,-9999.0,13.04,18.71,17.41,39.55,14.0,2.0,17.61,34.0,873.7,0.0,15.6,2.17,33.0,824.2,71.8,55.8,127.6,22.2,816.5,1.6,77.5,0.0,0,0,"time.struct_time(tm_year=2021, tm_mon=11, tm_mday=1, tm_hour=16, tm_min=55, tm_sec=10, tm_wday=0, tm_yday=305, tm_isdst=-1)",2021-11-01,2021,11,305,1,55,16,BUS01
2021-11-01 16:57:40,40.765011,-111.901421,1314.8,-9999.0,-9999.0,-9999.0,13.07,18.82,16.73,40.6,10.0,2.0,17.72,33.0,874.9,0.0,12.5,2.16,33.1,825.1,14.6,25.4,40.0,22.3,817.2,1.6,75.4,0.0,0,1,"time.struct_time(tm_year=2021, tm_mon=11, tm_mday=1, tm_hour=16, tm_min=57, tm_sec=40, tm_wday=0, tm_yday=305, tm_isdst=-1)",2021-11-01,2021,11,305,1,57,16,BUS01
2021-11-01 17:00:10,40.763954,-111.908653,1299.2,-9999.0,-9999.0,-9999.0,13.08,18.92,16.46,44.26,11.0,2.0,17.61,33.0,875.3,0.0,8.5,2.16,33.2,825.8,-107.3,15.6,-91.7,22.4,817.9,1.6,77.8,0.0,0,1,"time.struct_time(tm_year=2021, tm_mon=11, tm_mday=1, tm_hour=17, tm_min=0, tm_sec=10, tm_wday=0, tm_yday=305, tm_isdst=-1)",2021-11-01,2021,11,305,1,0,17,BUS01
2021-11-01 17:02:40,40.763554,-111.909424,1297.8,-9999.0,-9999.0,-9999.0,13.07,19.02,16.56,44.73,12.0,2.0,17.5,33.0,875.5,0.0,6.1,2.16,33.2,825.8,34.7,35.0,69.7,22.4,818.0,1.6,78.0,0.0,0,1,"time.struct_time(tm_year=2021, tm_mon=11, tm_mday=1, tm_hour=17, tm_min=2, tm_sec=40, tm_wday=0, tm_yday=305, tm_isdst=-1)",2021-11-01,2021,11,305,1,2,17,BUS01
2021-11-01 17:05:10,40.763554,-111.909424,1297.7,-9999.0,-9999.0,-9999.0,13.07,19.1,16.59,44.7,12.0,2.0,17.5,33.0,875.5,0.0,5.1,2.16,33.3,826.0,36.5,33.1,69.6,22.5,818.0,1.6,78.0,0.0,0,1,"time.struct_time(tm_year=2021, tm_mon=11, tm_mday=1, tm_hour=17, tm_min=5, tm_sec=10, tm_wday=0, tm_yday=305, tm_isdst=-1)",2021-11-01,2021,11,305,1,5,17,BUS01
2021-11-01 17:07:40,40.763557,-111.909431,1298.0,-9999.0,-9999.0,-9999.0,13.07,19.18,16.79,44.43,15.0,2.0,17.61,33.0,875.5,0.0,8.5,2.15,33.4,826.0,48.8,32.6,81.4,22.5,818.0,1.6,77.9,0.0,0,0,"time.struct_time(tm_year=2021, tm_mon=11, tm_mday=1, tm_hour=17, tm_min=7, tm_sec=40, tm_wday=0, tm_yday=305, tm_isdst=-1)",2021-11-01,2021,11,305,1,7,17,BUS01
2021-11-01 17:10:10,40.763557,-111.909431,1298.2,-9999.0,-9999.0,-9999.0,13.07,19.26,17.4,42.12,13.0,2.0,17.72,33.0,875.5,0.0,11.0,2.16,33.5,826.1,29.5,24.6,54.1,22.6,818.0,1.6,77.8,0.0,0,0,"time.struct_time(tm_year=2021, tm_mon=11, tm_mday=1, tm_hour=17, tm_min=10, tm_sec=10, tm_wday=0, tm_yday=305, tm_isdst=-1)",2021-11-01,2021,11,305,1,10,17,BUS01
2021-11-01 17:13:45,40.763557,-111.909424,1297.6,-9999.0,-9999.0,-9999.0,13.02,19.42,18.32,39.24,13.0,2.0,18.0,33.0,875.5,0.0,15.0,2.15,33.6,825.9,14.8,22.2,37.0,22.7,818.0,1.61,78.1,0.0,0,0,"time.struct_time(tm_year=2021, tm_mon=11, tm_mday=1, tm_hour=17, tm_min=13, tm_sec=45, tm_wday=0, tm_yday=305, tm_isdst=-1)",2021-11-01,2021,11,305,1,13,17,BUS01
2021-11-01 17:16:15,40.763557,-111.909431,1297.0,-9999.0,-9999.0,-9999.0,13.06,19.55,18.86,38.09,11.0,2.0,18.22,33.0,875.6,0.0,11.6,2.16,33.7,825.9,27.9,25.2,53.1,22.8,817.9,1.61,78.3,0.0,0,0,"time.struct_time(tm_year=2021, tm_mon=11, tm_mday=1, tm_hour=17, tm_min=16, tm_sec=15, tm_wday=0, tm_yday=305, tm_isdst=-1)",2021-11-01,2021,11,305,1,16,17,BUS01
2021-11-01 17:18:45,40.763554,-111.909431,1296.7,-9999.0,-9999.0,-9999.0,13.02,19.65,18.86,37.55,11.0,2.0,18.39,33.0,875.4,0.0,11.0,2.17,33.8,825.8,16.7,18.7,35.4,22.8,817.8,1.61,78.1,0.0,0,0,"time.struct_time(tm_year=2021, tm_mon=11, tm_mday=1, tm_hour=17, tm_min=18, tm_sec=45, tm_wday=0, tm_yday=305, tm_isdst=-1)",2021-11-01,2021,11,305,1,18,17,BUS01
2021-11-01 17:21:15,40.763554,-111.909431,1296.5,-9999.0,-9999.0,-9999.0,13.05,19.78,18.79,38.12,12.0,2.0,18.61,33.0,875.5,0.0,9.5,2.16,33.9,825.8,17.9,17.5,35.4,22.9,817.8,1.61,78.5,0.0,0,0,"time.struct_time(tm_year=2021, tm_mon=11, tm_mday=1, tm_hour=17, tm_min=21, tm_sec=15, tm_wday=0, tm_yday=305, tm_isdst=-1)",2021-11-01,2021,11,305,1,21,17,BUS01
2021-11-01 17:23:45,40.763554,-111.909431,1296.1,-9999.0,-9999.0,-9999.0,13.05,19.92,18.59,38.9,11.0,2.0,18.72,33.0,875.3,0.0,8.8,2.16,34.0,825.7,18.6,24.4,43.0,23.0,817.7,1.61,78.6,0.0,0,0,"time.struct_time(tm_year=2021, tm_mon=11, tm_mday=1, tm_hour=17, tm_min=23, tm_sec=45, tm_wday=0, tm_yday=305, tm_isdst=-1)",2021-11-01,2021,11,305,1,23,17,BUS01
2021-11-01 17:26:15,40.763554,-111.909439,1295.5,-9999.0,-9999.0,-9999.0,13.06,20.02,18.49,40.09,12.0,2.0,18.78,33.0,875.6,0.0,11.6,2.17,34.1,825.8,30.2,29.3,59.5,23.0,817.8,1.61,78.6,0.0,0,1,"time.struct_time(tm_year=2021, tm_mon=11, tm_mday=1, tm_hour=17, tm_min=26, tm_sec=15, tm_wday=0, tm_yday=305, tm_isdst=-1)",2021-11-01,2021,11,305,1,26,17,BUS01
2021-11-01 17:28:45,40.763721,-111.909058,1289.3,-9999.0,-9999.0,-9999.0,13.05,20.15,18.35,40.66,13.0,2.0,19.0,33.0,875.4,0.0,8.3,2.17,34.2,825.7,84.2,54.5,138.7,23.1,817.6,1.61,77.5,0.0,0,1,"time.struct_time(tm_year=2021, tm_mon=11, tm_mday=1, tm_hour=17, tm_min=28, tm_sec=45, tm_wday=0, tm_yday=305, tm_isdst=-1)",2021-11-01,2021,11,305,1,28,17,BUS01
2021-11-01 17:31:15,40.764946,-111.899185,1300.7,-9999.0,-9999.0,-9999.0,13.05,20.26,18.42,39.14,12.0,2.0,19.0,33.0,874.5,0.0,11.7,2.18,34.3,824.8,54.7,20.0,74.7,23.2,816.7,1.61,78.2,0.0,0,1,"time.struct_time(tm_year=2021, tm_mon=11, tm_mday=1, tm_hour=17, tm_min=31, tm_sec=15, tm_wday=0, tm_yday=305, tm_isdst=-1)",2021-11-01,2021,11,305,1,31,17,BUS01
2021-11-01 17:33:45,40.764954,-111.891624,1313.3,-9999.0,-9999.0,-9999.0,13.06,20.37,17.78,39.65,13.0,2.0,19.0,32.0,873.7,0.0,12.4,2.19,34.4,823.9,5.8,34.6,40.4,23.3,815.9,1.61,78.4,0.0,0,0,"time.struct_time(tm_year=2021, tm_mon=11, tm_mday=1, tm_hour=17, tm_min=33, tm_sec=45, tm_wday=0, tm_yday=305, tm_isdst=-1)",2021-11-01,2021,11,305,1,33,17,BUS01
2021-11-01 17:36:15,40.764984,-111.885757,1312.3,-9999.0,-9999.0,-9999.0,13.05,20.42,17.44,40.02,12.0,2.0,18.89,32.0,873.6,0.0,9.2,2.18,34.5,824.1,17.6,26.8,44.4,23.3,816.1,1.61,78.3,0.0,0,0,"time.struct_time(tm_year=2021, tm_mon=11, tm_mday=1, tm_hour=17, tm_min=36, tm_sec=15, tm_wday=0, tm_yday=305, tm_isdst=-1)",2021-11-01,2021,11,305,1,36,17,BUS01
2021-11-01 17:38:45,40.764954,-111.877235,1321.8,-9999.0,-9999.0,-9999.0,13.04,20.5,17.34,40.39,14.0,2.0,18.89,32.0,872.9,0.0,13.6,2.15,34.6,823.3,12.9,32.1,45.0,23.4,815.3,1.61,78.3,0.0,0,0,"time.struct_time(tm_year=2021, tm_mon=11, tm_mday=1, tm_hour=17, tm_min=38, tm_sec=45, tm_wday=0, tm_yday=305, tm_isdst=-1)",2021-11-01,2021,11,305,1,38,17,BUS01
2021-11-01 17:41:15,40.764988,-111.869614,1337.6,-9999.0,-9999.0,-9999.0,13.05,20.56,17.1,40.93,11.0,2.0,19.0,31.0,871.1,0.0,17.2,2.17,34.7,821.4,38.5,-23.4,15.1,23.5,813.5,1.61,78.3,0.0,0,0,"time.struct_time(tm_year=2021, tm_mon=11, tm_mday=1, tm_hour=17, tm_min=41, tm_sec=15, tm_wday=0, tm_yday=305, tm_isdst=-1)",2021-11-01,2021,11,305,1,41,17,BUS01
2021-11-01 17:43:45,40.764961,-111.862259,1358.1,-9999.0,-9999.0,-9999.0,13.04,20.61,17.27,41.48,13.0,2.0,19.0,31.0,869.1,0.0,14.7,2.18,34.7,819.6,24.6,25.6,50.2,23.5,811.7,1.61,78.2,0.0,0,0,"time.struct_time(tm_year=2021, tm_mon=11, tm_mday=1, tm_hour=17, tm_min=43, tm_sec=45, tm_wday=0, tm_yday=305, tm_isdst=-1)",2021-11-01,2021,11,305,1,43,17,BUS01
2021-11-01 17:46:15,40.765064,-111.852623,1411.2,-9999.0,-9999.0,-9999.0,13.03,20.66,16.92,42.32,10.0,2.0,19.11,31.0,863.5,0.0,10.4,2.2,34.8,814.1,8.7,43.8,52.5,23.6,806.1,1.61,77.8,0.0,0,0,"time.struct_time(tm_year=2021, tm_mon=11, tm_mday=1, tm_hour=17, tm_min=46, tm_sec=15, tm_wday=0, tm_yday=305, tm_isdst=-1)",2021-11-01,2021,11,305,1,46,17,BUS01
2021-11-01 17:48:45,40.76696,-111.84758,1441.5,-9999.0,-9999.0,-9999.0,13.02,20.72,16.92,42.28,14.0,2.0,19.22,31.0,860.5,0.0,8.7,2.22,34.9,810.9,75.8,-5.3,70.5,23.7,803.1,1.61,77.7,0.0,0,0,"time.struct_time(tm_year=2021, tm_mon=11, tm_mday=1, tm_hour=17, tm_min=48, tm_sec=45, tm_wday=0, tm_yday=305, tm_isdst=-1)",2021-11-01,2021,11,305,1,48,17,BUS01
2021-11-01 17:51:15,40.772778,-111.841873,1485.9,-9999.0,-9999.0,-9999.0,13.03,20.74,16.75,41.74,13.0,2.0,19.11,31.0,855.3,0.0,13.7,2.22,35.0,806.2,22.5,29.0,51.5,23.7,798.4,1.61,77.3,0.0,0,0,"time.struct_time(tm_year=2021, tm_mon=11, tm_mday=1, tm_hour=17, tm_min=51, tm_sec=15, tm_wday=0, tm_yday=305, tm_isdst=-1)",2021-11-01,2021,11,305,1,51,17,BUS01
2021-11-01 17:53:45,40.772629,-111.837837,1506.8,-9999.0,-9999.0,-9999.0,12.99,20.77,17.73,38.86,20.0,2.0,19.11,30.0,853.1,0.0,8.1,2.23,35.0,803.7,55.4,14.2,69.6,23.8,795.9,1.62,77.6,0.0,0,0,"time.struct_time(tm_year=2021, tm_mon=11, tm_mday=1, tm_hour=17, tm_min=53, tm_sec=45, tm_wday=0, tm_yday=305, tm_isdst=-1)",2021-11-01,2021,11,305,1,53,17,BUS01
2021-11-01 17:56:15,40.771023,-111.846207,1448.9,-9999.0,-9999.0,-9999.0,13.04,20.83,18.95,36.96,24.0,2.0,19.28,30.0,858.5,0.0,15.7,2.21,35.1,809.0,21.8,-7.5,14.3,23.9,800.8,1.61,77.2,0.0,0,0,"time.struct_time(tm_year=2021, tm_mon=11, tm_mday=1, tm_hour=17, tm_min=56, tm_sec=15, tm_wday=0, tm_yday=305, tm_isdst=-1)",2021-11-01,2021,11,305,1,56,17,BUS01
2021-11-01 17:58:45,40.767002,-111.852356,1395.6,-9999.0,-9999.0,-9999.0,12.99,20.93,18.81,36.32,14.0,2.0,19.39,30.0,863.9,0.0,17.4,2.2,35.2,814.1,56.5,70.1,126.6,23.9,806.2,1.61,78.3,0.0,0,0,"time.struct_time(tm_year=2021, tm_mon=11, tm_mday=1, tm_hour=17, tm_min=58, tm_sec=45, tm_wday=0, tm_yday=305, tm_isdst=-1)",2021-11-01,2021,11,305,1,58,17,BUS01
2021-11-01 18:01:15,40.765041,-111.861565,1359.0,-9999.0,-9999.0,-9999.0,13.02,21.04,18.84,36.31,12.0,2.0,19.61,30.0,868.9,0.0,12.9,2.19,35.3,819.0,2.4,56.6,59.0,24.0,810.8,1.61,77.6,0.0,0,0,"time.struct_time(tm_year=2021, tm_mon=11, tm_mday=1, tm_hour=18, tm_min=1, tm_sec=15, tm_wday=0, tm_yday=305, tm_isdst=-1)",2021-11-01,2021,11,305,1,1,18,BUS01
2021-11-01 18:03:45,40.765003,-111.873222,1338.5,-9999.0,-9999.0,-9999.0,12.98,21.15,18.54,37.94,13.0,2.0,19.72,30.0,871.5,0.0,15.4,2.18,35.4,821.6,-4.3,7.9,3.6,24.1,813.6,1.61,78.9,0.0,0,0,"time.struct_time(tm_year=2021, tm_mon=11, tm_mday=1, tm_hour=18, tm_min=3, tm_sec=45, tm_wday=0, tm_yday=305, tm_isdst=-1)",2021-11-01,2021,11,305,1,3,18,BUS01
2021-11-01 18:06:15,40.764992,-111.882729,1316.8,-9999.0,-9999.0,-9999.0,13.02,21.23,18.1,39.23,11.0,2.0,19.72,30.0,873.6,0.0,11.2,2.17,35.4,823.5,8.8,25.9,34.7,24.1,815.5,1.61,80.9,0.0,0,0,"time.struct_time(tm_year=2021, tm_mon=11, tm_mday=1, tm_hour=18, tm_min=6, tm_sec=15, tm_wday=0, tm_yday=305, tm_isdst=-1)",2021-11-01,2021,11,305,1,6,18,BUS01
2021-11-01 18:08:45,40.764992,-111.887817,1325.3,-9999.0,-9999.0,-9999.0,13.0,21.31,17.99,38.89,11.0,2.0,19.72,30.0,873.4,0.0,15.4,2.19,35.5,823.4,12.8,26.2,39.0,24.2,815.5,1.61,78.6,0.0,0,0,"time.struct_time(tm_year=2021, tm_mon=11, tm_mday=1, tm_hour=18, tm_min=8, tm_sec=45, tm_wday=0, tm_yday=305, tm_isdst=-1)",2021-11-01,2021,11,305,1,8,18,BUS01
2021-11-01 18:11:15,40.764942,-111.899063,1311.0,-9999.0,-9999.0,-9999.0,13.01,21.4,17.96,39.02,11.0,2.0,19.72,30.0,874.3,0.0,13.9,2.17,35.6,824.5,76.9,-2.5,74.4,24.3,816.2,1.61,82.4,0.0,0,1,"time.struct_time(tm_year=2021, tm_mon=11, tm_mday=1, tm_hour=18, tm_min=11, tm_sec=15, tm_wday=0, tm_yday=305, tm_isdst=-1)",2021-11-01,2021,11,305,1,11,18,BUS01
2021-11-01 18:14:50,40.764622,-111.909744,1293.1,-9999.0,-9999.0,-9999.0,13.02,21.45,18.1,38.28,13.0,2.0,19.61,29.0,875.4,0.0,16.2,2.18,35.7,825.6,106.7,-32.2,74.5,24.4,817.4,1.57,79.7,0.0,0,1,"time.struct_time(tm_year=2021, tm_mon=11, tm_mday=1, tm_hour=18, tm_min=14, tm_sec=50, tm_wday=0, tm_yday=305, tm_isdst=-1)",2021-11-01,2021,11,305,1,14,18,BUS01
2021-11-01 18:17:20,40.763515,-111.909439,1290.4,-9999.0,-9999.0,-9999.0,13.02,21.48,18.47,37.2,10.0,2.0,19.61,29.0,875.5,0.0,13.5,2.18,35.7,825.4,21.0,16.9,37.9,24.4,817.4,1.58,79.1,0.0,0,1,"time.struct_time(tm_year=2021, tm_mon=11, tm_mday=1, tm_hour=18, tm_min=17, tm_sec=20, tm_wday=0, tm_yday=305, tm_isdst=-1)",2021-11-01,2021,11,305,1,17,18,BUS01
2021-11-01 18:19:50,40.763515,-111.909431,1290.5,-9999.0,-9999.0,-9999.0,13.02,21.53,18.5,37.2,10.0,2.0,19.61,29.0,875.4,0.0,15.2,2.17,35.8,825.5,13.3,22.8,36.1,24.5,817.4,1.58,79.1,0.0,0,1,"time.struct_time(tm_year=2021, tm_mon=11, tm_mday=1, tm_hour=18, tm_min=19, tm_sec=50, tm_wday=0, tm_yday=305, tm_isdst=-1)",2021-11-01,2021,11,305,1,19,18,BUS01
2021-11-01 18:22:20,40.763515,-111.909431,1290.5,-9999.0,-9999.0,-9999.0,13.02,21.59,18.57,36.92,10.0,2.0,19.72,29.0,875.3,0.0,13.9,2.17,35.8,825.4,7.7,19.4,27.1,24.5,817.3,1.58,79.3,0.0,0,0,"time.struct_time(tm_year=2021, tm_mon=11, tm_mday=1, tm_hour=18, tm_min=22, tm_sec=20, tm_wday=0, tm_yday=305, tm_isdst=-1)",2021-11-01,2021,11,305,1,22,18,BUS01
2021-11-01 18:24:50,40.763515,-111.909431,1290.5,-9999.0,-9999.0,-9999.0,13.01,21.64,18.81,36.59,12.0,2.0,19.89,29.0,875.3,0.0,11.7,2.18,35.9,825.4,14.6,19.9,34.5,24.6,817.3,1.58,79.3,0.0,0,0,"time.struct_time(tm_year=2021, tm_mon=11, tm_mday=1, tm_hour=18, tm_min=24, tm_sec=50, tm_wday=0, tm_yday=305, tm_isdst=-1)",2021-11-01,2021,11,305,1,24,18,BUS01
2021-11-01 18:27:20,40.763515,-111.909431,1290.5,-9999.0,-9999.0,-9999.0,12.98,21.72,19.08,36.55,11.0,2.0,20.0,29.0,875.4,0.0,12.7,2.17,35.9,825.3,22.6,13.8,36.4,24.7,817.3,1.58,79.3,0.0,0,0,"time.struct_time(tm_year=2021, tm_mon=11, tm_mday=1, tm_hour=18, tm_min=27, tm_sec=20, tm_wday=0, tm_yday=305, tm_isdst=-1)",2021-11-01,2021,11,305,1,27,18,BUS01
2021-11-01 18:29:50,40.763512,-111.909439,1290.5,-9999.0,-9999.0,-9999.0,13.02,21.81,19.35,35.7,10.0,2.0,20.11,29.0,875.3,0.0,11.7,2.16,36.0,825.4,12.7,25.8,38.5,24.7,817.3,1.58,79.3,0.0,0,0,"time.struct_time(tm_year=2021, tm_mon=11, tm_mday=1, tm_hour=18, tm_min=29, tm_sec=50, tm_wday=0, tm_yday=305, tm_isdst=-1)",2021-11-01,2021,11,305,1,29,18,BUS01
2021-11-01 18:32:20,40.763515,-111.909439,1290.8,-9999.0,-9999.0,-9999.0,13.01,21.89,19.89,34.96,10.0,2.0,20.28,29.0,875.3,0.0,12.9,2.17,36.1,825.2,15.2,21.1,36.3,24.8,817.2,1.58,79.4,0.0,0,0,"time.struct_time(tm_year=2021, tm_mon=11, tm_mday=1, tm_hour=18, tm_min=32, tm_sec=20, tm_wday=0, tm_yday=305, tm_isdst=-1)",2021-11-01,2021,11,305,1,32,18,BUS01
2021-11-01 18:34:50,40.763515,-111.909439,1290.8,-9999.0,-9999.0,-9999.0,13.0,21.97,20.43,33.84,10.0,2.0,20.39,29.0,875.4,0.0,13.9,2.18,36.1,825.4,14.9,26.8,41.7,24.9,817.2,1.58,79.3,0.0,0,0,"time.struct_time(tm_year=2021, tm_mon=11, tm_mday=1, tm_hour=18, tm_min=34, tm_sec=50, tm_wday=0, tm_yday=305, tm_isdst=-1)",2021-11-01,2021,11,305,1,34,18,BUS01
2021-11-01 18:37:20,40.763515,-111.909439,1290.6,-9999.0,-9999.0,-9999.0,13.02,22.06,20.77,32.89,10.0,2.0,20.61,29.0,875.2,0.0,12.4,2.18,36.2,825.2,18.3,18.7,37.0,24.9,817.1,1.58,79.3,0.0,0,0,"time.struct_time(tm_year=2021, tm_mon=11, tm_mday=1, tm_hour=18, tm_min=37, tm_sec=20, tm_wday=0, tm_yday=305, tm_isdst=-1)",2021-11-01,2021,11,305,1,37,18,BUS01
2021-11-01 18:39:50,40.763515,-111.909439,1290.6,-9999.0,-9999.0,-9999.0,13.01,22.14,20.98,32.22,10.0,2.0,20.78,29.0,875.2,0.0,13.5,2.18,36.3,825.3,13.7,29.9,43.6,25.0,817.1,1.58,79.5,0.0,0,0,"time.struct_time(tm_year=2021, tm_mon=11, tm_mday=1, tm_hour=18, tm_min=39, tm_sec=50, tm_wday=0, tm_yday=305, tm_isdst=-1)",2021-11-01,2021,11,305,1,39,18,BUS01
2021-11-01 18:42:20,40.763515,-111.909439,1290.5,-9999.0,-9999.0,-9999.0,13.0,22.25,20.87,32.38,15.0,2.0,21.11,29.0,875.3,0.0,15.1,2.17,36.3,825.0,16.7,20.7,37.4,25.1,817.1,1.58,79.4,0.0,0,1,"time.struct_time(tm_year=2021, tm_mon=11, tm_mday=1, tm_hour=18, tm_min=42, tm_sec=20, tm_wday=0, tm_yday=305, tm_isdst=-1)",2021-11-01,2021,11,305,1,42,18,BUS01
2021-11-01 18:44:50,40.76376,-111.90905,1288.4,-9999.0,-9999.0,-9999.0,13.01,22.36,20.57,32.28,10.0,2.0,21.39,29.0,875.2,0.0,18.8,2.18,36.4,825.2,-12.8,94.8,82.0,25.1,816.9,1.58,79.8,0.0,0,1,"time.struct_time(tm_year=2021, tm_mon=11, tm_mday=1, tm_hour=18, tm_min=44, tm_sec=50, tm_wday=0, tm_yday=305, tm_isdst=-1)",2021-11-01,2021,11,305,1,44,18,BUS01
2021-11-01 18:47:20,40.764881,-111.906219,1294.1,-9999.0,-9999.0,-9999.0,12.97,22.47,20.54,31.5,14.0,2.0,21.39,29.0,875.1,0.0,14.8,2.18,36.5,824.8,-2.5,34.6,32.1,25.2,816.7,1.58,79.4,0.0,0,1,"time.struct_time(tm_year=2021, tm_mon=11, tm_mday=1, tm_hour=18, tm_min=47, tm_sec=20, tm_wday=0, tm_yday=305, tm_isdst=-1)",2021-11-01,2021,11,305,1,47,18,BUS01
2021-11-01 18:49:50,40.764843,-111.902992,1300.6,-9999.0,-9999.0,-9999.0,13.0,22.56,20.16,32.25,16.0,2.0,21.39,28.0,874.7,0.0,12.9,2.18,36.6,824.8,20.4,21.2,41.6,25.3,816.5,1.58,79.4,0.0,0,1,"time.struct_time(tm_year=2021, tm_mon=11, tm_mday=1, tm_hour=18, tm_min=49, tm_sec=50, tm_wday=0, tm_yday=305, tm_isdst=-1)",2021-11-01,2021,11,305,1,49,18,BUS01
2021-11-01 18:52:20,40.764893,-111.893929,1319.1,-9999.0,-9999.0,-9999.0,13.01,22.64,19.76,32.66,16.0,2.0,21.39,28.0,873.3,0.0,18.3,2.2,36.7,823.1,-2.9,38.3,35.4,25.3,815.1,1.58,80.2,0.0,0,0,"time.struct_time(tm_year=2021, tm_mon=11, tm_mday=1, tm_hour=18, tm_min=52, tm_sec=20, tm_wday=0, tm_yday=305, tm_isdst=-1)",2021-11-01,2021,11,305,1,52,18,BUS01
2021-11-01 18:54:50,40.7649,-111.888916,1346.2,-9999.0,-9999.0,-9999.0,13.0,22.73,19.69,33.5,13.0,2.0,21.39,28.0,873.1,0.0,10.5,2.19,36.7,823.3,142.7,37.1,179.8,25.4,814.9,1.58,79.3,0.0,0,0,"time.struct_time(tm_year=2021, tm_mon=11, tm_mday=1, tm_hour=18, tm_min=54, tm_sec=50, tm_wday=0, tm_yday=305, tm_isdst=-1)",2021-11-01,2021,11,305,1,54,18,BUS01
2021-11-01 18:57:20,40.764996,-111.883705,1317.3,-9999.0,-9999.0,-9999.0,13.01,22.78,19.52,33.27,15.0,2.0,21.39,28.0,873.3,0.0,24.6,2.19,36.8,823.2,30.7,85.2,115.9,25.5,815.0,1.59,77.6,0.0,0,0,"time.struct_time(tm_year=2021, tm_mon=11, tm_mday=1, tm_hour=18, tm_min=57, tm_sec=20, tm_wday=0, tm_yday=305, tm_isdst=-1)",2021-11-01,2021,11,305,1,57,18,BUS01
2021-11-01 18:59:50,40.764881,-111.877235,1326.2,-9999.0,-9999.0,-9999.0,12.98,22.84,19.38,31.5,13.0,2.0,21.28,27.0,872.6,0.0,23.9,2.19,36.9,822.6,6.7,-40.6,-33.9,25.6,814.4,1.58,78.9,0.0,0,0,"time.struct_time(tm_year=2021, tm_mon=11, tm_mday=1, tm_hour=18, tm_min=59, tm_sec=50, tm_wday=0, tm_yday=305, tm_isdst=-1)",2021-11-01,2021,11,305,1,59,18,BUS01
2021-11-01 19:02:20,40.764919,-111.871185,1339.2,-9999.0,-9999.0,-9999.0,13.01,22.87,19.28,30.96,9.0,2.0,21.28,27.0,871.0,0.0,27.4,2.18,37.0,820.9,8.8,13.8,22.6,25.6,812.9,1.58,78.9,0.0,0,0,"time.struct_time(tm_year=2021, tm_mon=11, tm_mday=1, tm_hour=19, tm_min=2, tm_sec=20, tm_wday=0, tm_yday=305, tm_isdst=-1)",2021-11-01,2021,11,305,1,2,19,BUS01
2021-11-01 19:04:50,40.764912,-111.862885,1357.8,-9999.0,-9999.0,-9999.0,13.0,22.92,19.11,31.61,6.0,2.0,21.28,26.0,868.8,0.0,26.8,2.19,37.0,819.1,12.5,47.4,59.9,25.7,810.8,1.58,78.7,0.0,0,0,"time.struct_time(tm_year=2021, tm_mon=11, tm_mday=1, tm_hour=19, tm_min=4, tm_sec=50, tm_wday=0, tm_yday=305, tm_isdst=-1)",2021-11-01,2021,11,305,1,4,19,BUS01
2021-11-01 19:07:20,40.764996,-111.852615,1405.3,-9999.0,-9999.0,-9999.0,12.97,22.95,18.74,34.72,9.0,2.0,21.28,26.0,863.0,0.0,22.6,2.23,37.1,813.0,-35.0,-1.4,-36.4,25.8,805.2,1.58,78.9,0.0,0,0,"time.struct_time(tm_year=2021, tm_mon=11, tm_mday=1, tm_hour=19, tm_min=7, tm_sec=20, tm_wday=0, tm_yday=305, tm_isdst=-1)",2021-11-01,2021,11,305,1,7,19,BUS01
2021-11-01 19:09:50,40.766953,-111.847549,1432.4,-9999.0,-9999.0,-9999.0,13.01,22.95,19.08,32.76,9.0,2.0,21.22,26.0,859.8,0.0,24.0,2.23,37.2,810.2,92.2,-19.3,72.9,25.8,802.2,1.58,77.2,0.0,0,0,"time.struct_time(tm_year=2021, tm_mon=11, tm_mday=1, tm_hour=19, tm_min=9, tm_sec=50, tm_wday=0, tm_yday=305, tm_isdst=-1)",2021-11-01,2021,11,305,1,9,19,BUS01
2021-11-01 19:12:20,40.772533,-111.838043,1510.9,-9999.0,-9999.0,-9999.0,13.01,22.95,19.11,31.64,8.0,2.0,21.11,25.0,852.5,0.0,30.9,2.25,37.2,803.0,118.3,-221.3,-103.0,25.9,795.3,1.59,78.1,0.0,0,0,"time.struct_time(tm_year=2021, tm_mon=11, tm_mday=1, tm_hour=19, tm_min=12, tm_sec=20, tm_wday=0, tm_yday=305, tm_isdst=-1)",2021-11-01,2021,11,305,1,12,19,BUS01
2021-11-01 19:15:55,40.768681,-111.847603,1448.6,-9999.0,-9999.0,-9999.0,13.01,22.95,18.5,33.6,20.0,2.0,20.89,25.0,859.1,0.0,33.2,2.23,37.3,809.3,377.4,260.8,638.2,26.0,802.2,1.6,81.2,0.0,0,0,"time.struct_time(tm_year=2021, tm_mon=11, tm_mday=1, tm_hour=19, tm_min=15, tm_sec=55, tm_wday=0, tm_yday=305, tm_isdst=-1)",2021-11-01,2021,11,305,1,15,19,BUS01
2021-11-01 19:18:25,40.766945,-111.852036,1402.2,-9999.0,-9999.0,-9999.0,13.01,22.95,18.77,32.45,11.0,2.0,20.89,25.0,863.1,0.0,26.5,2.21,37.3,813.0,-15.0,23.9,8.9,26.0,805.5,1.61,77.4,0.0,0,0,"time.struct_time(tm_year=2021, tm_mon=11, tm_mday=1, tm_hour=19, tm_min=18, tm_sec=25, tm_wday=0, tm_yday=305, tm_isdst=-1)",2021-11-01,2021,11,305,1,18,19,BUS01
2021-11-01 19:20:55,40.764851,-111.857597,1365.4,-9999.0,-9999.0,-9999.0,13.0,23.01,18.94,31.06,9.0,2.0,21.0,25.0,866.0,0.0,33.0,2.21,37.3,815.8,129.5,-44.7,84.8,26.1,807.5,1.61,79.6,0.0,0,0,"time.struct_time(tm_year=2021, tm_mon=11, tm_mday=1, tm_hour=19, tm_min=20, tm_sec=55, tm_wday=0, tm_yday=305, tm_isdst=-1)",2021-11-01,2021,11,305,1,20,19,BUS01
2021-11-01 19:23:25,40.764969,-111.875137,1318.3,-9999.0,-9999.0,-9999.0,13.01,23.04,19.28,30.69,8.0,2.0,21.22,25.0,871.4,0.0,30.2,2.2,37.4,821.1,-5.4,17.9,12.5,26.1,813.1,1.6,75.7,0.0,0,0,"time.struct_time(tm_year=2021, tm_mon=11, tm_mday=1, tm_hour=19, tm_min=23, tm_sec=25, tm_wday=0, tm_yday=305, tm_isdst=-1)",2021-11-01,2021,11,305,1,23,19,BUS01
