Timestamp_UTC,Latitude_ddeg,Longitude_ddeg,Elevation_m,GPS_Speed_m/s,GPS_Direction_deg,GPS_RMC_Valid_binary,Battery_Voltage_volts,Bus_Box_Temperature_degC,Bus_Top_Temperature_degC,Bus_Top_Relative_Humidity_%,ES642_PM2.5_Concentration_ug/m3,ES642_Air_Flow_Rate_L/min,ES642_Internal_Air_Temperature_degC,ES642_Internal_Relative_Humidity_%,ES642_Internal_Air_Pressure_hpa,ES642_Error_Code_code,2B_Ozone_Concentration_ppbv,2B_Air_Flow_Rate_L/min,2B_Internal_Air_Temperature_degC,2B_Internal_Air_Pressure_hpa,2B405_NO_Concentration_ppbv,2B405_NO2_Concentration_ppbv,2B405_NOX_Concentration_ppbv,2B405_Internal_Air_Temperature_degC,2B405_Internal_Air_Pressure_hpa,2B405_Air_Flow_Rate_L/min,2B405_Cell_O3_Flow_Rate_mL/min,PM2.5_Data_Flagged_binary,Ozone_Data_Flagged_binary,GPS_Data_Flagged_binary,Time_Tuple,Date,Year,Month,Day_of_Year,Day_of_Month,Minute
2022-03-01 00:00:00,40.765373,-111.909119,1301.7,-9999.0,-9999.0,-9999.0,13.53,28.54,21.39,13.92,14.0,2.0,26.61,10.0,883.4,0.0,-0.5,2.2,41.8,826.3,57.2,39.8,97.0,32.7,801.6,1.96,114.5,0.0,0,1,"time.struct_time(tm_year=2022, tm_mon=3, tm_mday=1, tm_hour=0, tm_min=0, tm_sec=0, tm_wday=1, tm_yday=60, tm_isdst=-1)",2022-03-01,2022,3,60,1,0
2022-03-01 00:02:30,40.765221,-111.909164,1302.1,-9999.0,-9999.0,-9999.0,13.53,28.54,21.39,13.99,12.0,2.0,26.61,10.0,883.3,0.0,-0.5,2.2,41.8,826.7,50.7,30.5,81.2,32.7,801.6,1.96,114.7,0.0,0,1,"time.struct_time(tm_year=2022, tm_mon=3, tm_mday=1, tm_hour=0, tm_min=2, tm_sec=30, tm_wday=1, tm_yday=60, tm_isdst=-1)",2022-03-01,2022,3,60,1,2
2022-03-01 00:05:00,40.765259,-111.909248,1298.7,-9999.0,-9999.0,-9999.0,13.53,28.53,21.4,13.92,13.0,2.0,26.61,10.0,883.4,0.0,-0.4,2.18,41.8,826.3,53.4,28.6,82.0,32.7,801.6,1.96,114.5,0.0,0,0,"time.struct_time(tm_year=2022, tm_mon=3, tm_mday=1, tm_hour=0, tm_min=5, tm_sec=0, tm_wday=1, tm_yday=60, tm_isdst=-1)",2022-03-01,2022,3,60,1,5
2022-03-01 00:07:30,40.765263,-111.909203,1297.1,-9999.0,-9999.0,-9999.0,13.53,28.53,21.37,14.02,12.0,2.0,26.5,10.0,883.3,0.0,1.4,2.19,41.8,826.7,45.8,36.6,82.4,32.7,801.4,1.96,114.9,0.0,0,0,"time.struct_time(tm_year=2022, tm_mon=3, tm_mday=1, tm_hour=0, tm_min=7, tm_sec=30, tm_wday=1, tm_yday=60, tm_isdst=-1)",2022-03-01,2022,3,60,1,7
2022-03-01 00:10:00,40.76527,-111.909218,1297.1,-9999.0,-9999.0,-9999.0,13.53,28.53,21.38,13.96,11.0,2.0,26.61,10.0,883.2,0.0,1.3,2.19,41.8,826.2,41.0,36.1,77.1,32.7,801.5,1.96,114.5,0.0,0,0,"time.struct_time(tm_year=2022, tm_mon=3, tm_mday=1, tm_hour=0, tm_min=10, tm_sec=0, tm_wday=1, tm_yday=60, tm_isdst=-1)",2022-03-01,2022,3,60,1,10
2022-03-01 00:12:30,40.765297,-111.909126,1297.1,-9999.0,-9999.0,-9999.0,13.52,28.52,21.4,14.1,10.0,2.0,26.61,10.0,883.3,0.0,2.0,2.19,41.8,826.6,42.5,33.8,76.3,32.7,801.5,1.96,114.7,0.0,0,0,"time.struct_time(tm_year=2022, tm_mon=3, tm_mday=1, tm_hour=0, tm_min=12, tm_sec=30, tm_wday=1, tm_yday=60, tm_isdst=-1)",2022-03-01,2022,3,60,1,12
2022-03-01 00:15:00,40.765259,-111.909042,1297.1,-9999.0,-9999.0,-9999.0,13.53,28.52,21.38,14.02,10.0,2.0,26.5,10.0,883.2,0.0,1.0,2.19,41.8,826.2,32.3,36.9,69.2,32.7,801.4,1.96,114.7,0.0,0,0,"time.struct_time(tm_year=2022, tm_mon=3, tm_mday=1, tm_hour=0, tm_min=15, tm_sec=0, tm_wday=1, tm_yday=60, tm_isdst=-1)",2022-03-01,2022,3,60,1,15
2022-03-01 00:17:30,40.765274,-111.909058,1297.6,-9999.0,-9999.0,-9999.0,13.53,28.51,21.38,13.94,8.0,2.0,26.61,9.0,883.1,0.0,1.4,2.17,41.8,826.5,39.2,30.6,69.8,32.7,801.3,1.96,114.8,0.0,0,0,"time.struct_time(tm_year=2022, tm_mon=3, tm_mday=1, tm_hour=0, tm_min=17, tm_sec=30, tm_wday=1, tm_yday=60, tm_isdst=-1)",2022-03-01,2022,3,60,1,17
2022-03-01 00:20:00,40.765228,-111.909073,1297.7,-9999.0,-9999.0,-9999.0,13.53,28.51,21.37,13.87,8.0,2.0,26.61,10.0,883.3,0.0,-2.4,2.2,41.8,826.1,35.4,29.3,64.7,32.7,801.4,1.96,114.7,0.0,0,0,"time.struct_time(tm_year=2022, tm_mon=3, tm_mday=1, tm_hour=0, tm_min=20, tm_sec=0, tm_wday=1, tm_yday=60, tm_isdst=-1)",2022-03-01,2022,3,60,1,20
2022-03-01 00:23:35,40.765301,-111.909279,1298.5,-9999.0,-9999.0,-9999.0,13.53,28.51,21.39,14.0,8.0,2.0,26.5,10.0,883.3,0.0,-9.6,2.18,41.8,826.2,28.9,35.8,64.7,32.7,801.3,2.03,114.1,0.0,0,0,"time.struct_time(tm_year=2022, tm_mon=3, tm_mday=1, tm_hour=0, tm_min=23, tm_sec=35, tm_wday=1, tm_yday=60, tm_isdst=-1)",2022-03-01,2022,3,60,1,23
2022-03-01 00:26:05,40.765244,-111.909119,1300.3,-9999.0,-9999.0,-9999.0,13.53,28.5,21.39,14.16,7.0,2.0,26.5,10.0,883.2,0.0,2.4,2.2,41.8,826.5,98.0,29.8,127.8,32.7,801.3,2.03,114.3,0.0,0,0,"time.struct_time(tm_year=2022, tm_mon=3, tm_mday=1, tm_hour=0, tm_min=26, tm_sec=5, tm_wday=1, tm_yday=60, tm_isdst=-1)",2022-03-01,2022,3,60,1,26
2022-03-01 00:28:35,40.765423,-111.909088,1299.9,-9999.0,-9999.0,-9999.0,13.53,28.5,21.41,13.88,8.0,2.0,26.5,10.0,883.1,0.0,-1.2,2.2,41.8,826.1,107.7,26.0,133.7,32.6,801.3,2.03,114.1,0.0,0,0,"time.struct_time(tm_year=2022, tm_mon=3, tm_mday=1, tm_hour=0, tm_min=28, tm_sec=35, tm_wday=1, tm_yday=60, tm_isdst=-1)",2022-03-01,2022,3,60,1,28
2022-03-01 00:31:05,40.765308,-111.909103,1293.9,-9999.0,-9999.0,-9999.0,13.53,28.49,21.39,13.86,7.0,2.0,26.5,10.0,883.0,0.0,-1.5,2.19,41.8,826.4,88.2,28.9,117.1,32.6,801.4,2.03,113.8,0.0,0,0,"time.struct_time(tm_year=2022, tm_mon=3, tm_mday=1, tm_hour=0, tm_min=31, tm_sec=5, tm_wday=1, tm_yday=60, tm_isdst=-1)",2022-03-01,2022,3,60,1,31
2022-03-01 00:33:35,40.765331,-111.909142,1294.5,-9999.0,-9999.0,-9999.0,13.53,28.49,21.37,13.92,7.0,2.0,26.5,9.0,883.0,0.0,6.3,2.19,41.8,826.1,135.1,36.0,171.1,32.6,801.2,2.03,114.0,0.0,0,0,"time.struct_time(tm_year=2022, tm_mon=3, tm_mday=1, tm_hour=0, tm_min=33, tm_sec=35, tm_wday=1, tm_yday=60, tm_isdst=-1)",2022-03-01,2022,3,60,1,33
2022-03-01 00:36:05,40.76532,-111.90921,1295.0,-9999.0,-9999.0,-9999.0,13.52,28.49,21.33,13.98,9.0,2.0,26.5,9.0,883.0,0.0,-1.7,2.19,41.8,826.4,136.6,26.4,163.0,32.6,801.2,2.03,114.1,0.0,0,0,"time.struct_time(tm_year=2022, tm_mon=3, tm_mday=1, tm_hour=0, tm_min=36, tm_sec=5, tm_wday=1, tm_yday=60, tm_isdst=-1)",2022-03-01,2022,3,60,1,36
2022-03-01 00:38:35,40.765308,-111.909149,1295.6,-9999.0,-9999.0,-9999.0,13.53,28.48,21.31,14.0,8.0,2.0,26.5,9.0,882.9,0.0,-7.0,2.19,41.8,826.0,148.3,37.3,185.6,32.6,801.3,2.03,114.0,0.0,0,0,"time.struct_time(tm_year=2022, tm_mon=3, tm_mday=1, tm_hour=0, tm_min=38, tm_sec=35, tm_wday=1, tm_yday=60, tm_isdst=-1)",2022-03-01,2022,3,60,1,38
2022-03-01 00:41:05,40.765331,-111.909157,1295.9,-9999.0,-9999.0,-9999.0,13.53,28.48,21.29,14.1,7.0,2.0,26.5,9.0,882.8,0.0,1.8,2.2,41.8,826.4,146.4,36.7,183.1,32.6,801.3,2.03,114.1,0.0,0,0,"time.struct_time(tm_year=2022, tm_mon=3, tm_mday=1, tm_hour=0, tm_min=41, tm_sec=5, tm_wday=1, tm_yday=60, tm_isdst=-1)",2022-03-01,2022,3,60,1,41
2022-03-01 00:43:35,40.765339,-111.909119,1296.2,-9999.0,-9999.0,-9999.0,13.53,28.47,21.29,14.2,7.0,2.0,26.39,9.0,883.0,0.0,-9.0,2.19,41.8,826.0,144.0,34.0,178.0,32.6,801.1,2.03,114.0,0.0,0,0,"time.struct_time(tm_year=2022, tm_mon=3, tm_mday=1, tm_hour=0, tm_min=43, tm_sec=35, tm_wday=1, tm_yday=60, tm_isdst=-1)",2022-03-01,2022,3,60,1,43
2022-03-01 00:46:05,40.765308,-111.909164,1296.2,-9999.0,-9999.0,-9999.0,13.53,28.47,21.29,14.17,7.0,2.0,26.5,10.0,883.1,0.0,2.2,2.19,41.8,826.3,144.5,33.3,177.8,32.6,801.1,2.03,114.1,0.0,0,0,"time.struct_time(tm_year=2022, tm_mon=3, tm_mday=1, tm_hour=0, tm_min=46, tm_sec=5, tm_wday=1, tm_yday=60, tm_isdst=-1)",2022-03-01,2022,3,60,1,46
2022-03-01 00:48:35,40.765312,-111.909073,1295.8,-9999.0,-9999.0,-9999.0,13.53,28.46,21.29,14.2,6.0,2.0,26.5,10.0,882.9,0.0,-2.7,2.18,41.8,825.9,140.2,37.8,178.0,32.6,801.2,2.03,114.0,0.0,0,0,"time.struct_time(tm_year=2022, tm_mon=3, tm_mday=1, tm_hour=0, tm_min=48, tm_sec=35, tm_wday=1, tm_yday=60, tm_isdst=-1)",2022-03-01,2022,3,60,1,48
2022-03-01 00:51:05,40.765308,-111.909065,1295.9,-9999.0,-9999.0,-9999.0,13.53,28.46,21.31,14.18,6.0,2.0,26.5,10.0,882.9,0.0,3.9,2.2,41.7,826.3,154.3,33.1,187.4,32.6,800.9,2.03,114.1,0.0,0,0,"time.struct_time(tm_year=2022, tm_mon=3, tm_mday=1, tm_hour=0, tm_min=51, tm_sec=5, tm_wday=1, tm_yday=60, tm_isdst=-1)",2022-03-01,2022,3,60,1,51
2022-03-01 00:53:35,40.765289,-111.909172,1295.9,-9999.0,-9999.0,-9999.0,13.53,28.45,21.31,14.32,6.0,2.0,26.5,10.0,882.8,0.0,-0.7,2.19,41.7,825.9,153.8,37.5,191.3,32.6,800.8,2.03,114.3,0.0,0,0,"time.struct_time(tm_year=2022, tm_mon=3, tm_mday=1, tm_hour=0, tm_min=53, tm_sec=35, tm_wday=1, tm_yday=60, tm_isdst=-1)",2022-03-01,2022,3,60,1,53
2022-03-01 00:56:05,40.765232,-111.90918,1295.6,-9999.0,-9999.0,-9999.0,13.53,28.45,21.29,14.4,6.0,2.0,26.5,10.0,883.0,0.0,0.5,2.17,41.7,826.2,151.3,37.0,188.3,32.6,801.0,2.03,114.3,0.0,0,0,"time.struct_time(tm_year=2022, tm_mon=3, tm_mday=1, tm_hour=0, tm_min=56, tm_sec=5, tm_wday=1, tm_yday=60, tm_isdst=-1)",2022-03-01,2022,3,60,1,56
2022-03-01 00:58:35,40.765347,-111.909119,1294.4,-9999.0,-9999.0,-9999.0,13.53,28.45,21.29,14.59,5.0,2.0,26.39,10.0,882.9,0.0,-1.1,2.19,41.7,825.9,140.7,38.5,179.2,32.6,801.0,2.03,114.3,0.0,0,0,"time.struct_time(tm_year=2022, tm_mon=3, tm_mday=1, tm_hour=0, tm_min=58, tm_sec=35, tm_wday=1, tm_yday=60, tm_isdst=-1)",2022-03-01,2022,3,60,1,58
2022-03-01 01:01:05,40.765472,-111.909073,1294.6,-9999.0,-9999.0,-9999.0,13.53,28.45,21.29,14.69,6.0,2.0,26.39,10.0,882.9,0.0,-2.8,2.19,41.7,826.3,139.4,32.2,171.6,32.6,801.1,2.03,114.1,0.0,0,0,"time.struct_time(tm_year=2022, tm_mon=3, tm_mday=1, tm_hour=1, tm_min=1, tm_sec=5, tm_wday=1, tm_yday=60, tm_isdst=-1)",2022-03-01,2022,3,60,1,1
2022-03-01 01:03:35,40.765293,-111.909058,1295.5,-9999.0,-9999.0,-9999.0,13.53,28.44,21.31,14.77,6.0,2.0,26.39,10.0,882.9,0.0,-2.2,2.21,41.7,826.0,126.5,28.0,154.5,32.6,801.1,2.03,113.9,0.0,0,0,"time.struct_time(tm_year=2022, tm_mon=3, tm_mday=1, tm_hour=1, tm_min=3, tm_sec=35, tm_wday=1, tm_yday=60, tm_isdst=-1)",2022-03-01,2022,3,60,1,3
2022-03-01 01:06:05,40.765228,-111.909081,1295.5,-9999.0,-9999.0,-9999.0,13.53,28.44,21.31,14.3,6.0,2.0,26.39,10.0,882.9,0.0,-3.1,2.2,41.7,826.2,98.1,37.8,135.9,32.6,801.0,2.03,114.0,0.0,0,0,"time.struct_time(tm_year=2022, tm_mon=3, tm_mday=1, tm_hour=1, tm_min=6, tm_sec=5, tm_wday=1, tm_yday=60, tm_isdst=-1)",2022-03-01,2022,3,60,1,6
2022-03-01 01:08:35,40.765224,-111.909065,1295.4,-9999.0,-9999.0,-9999.0,13.53,28.44,21.27,14.03,6.0,2.0,26.39,10.0,882.9,0.0,-1.6,2.19,41.7,825.9,102.8,35.7,138.5,32.6,801.0,2.03,114.2,0.0,0,0,"time.struct_time(tm_year=2022, tm_mon=3, tm_mday=1, tm_hour=1, tm_min=8, tm_sec=35, tm_wday=1, tm_yday=60, tm_isdst=-1)",2022-03-01,2022,3,60,1,8
2022-03-01 01:11:05,40.765228,-111.909019,1295.7,-9999.0,-9999.0,-9999.0,13.53,28.43,21.21,13.76,8.0,2.0,26.39,9.0,882.9,0.0,-1.8,2.19,41.7,826.3,111.8,33.8,145.6,32.6,801.0,2.03,114.2,0.0,0,0,"time.struct_time(tm_year=2022, tm_mon=3, tm_mday=1, tm_hour=1, tm_min=11, tm_sec=5, tm_wday=1, tm_yday=60, tm_isdst=-1)",2022-03-01,2022,3,60,1,11
2022-03-01 01:13:35,40.765305,-111.909149,1296.3,-9999.0,-9999.0,-9999.0,13.53,28.42,21.15,13.64,9.0,2.0,26.39,9.0,883.0,0.0,-2.2,2.19,41.7,825.9,100.1,32.0,132.1,32.6,800.9,2.03,114.2,0.0,0,0,"time.struct_time(tm_year=2022, tm_mon=3, tm_mday=1, tm_hour=1, tm_min=13, tm_sec=35, tm_wday=1, tm_yday=60, tm_isdst=-1)",2022-03-01,2022,3,60,1,13
2022-03-01 01:16:05,40.765266,-111.909149,1296.7,-9999.0,-9999.0,-9999.0,13.53,28.42,21.07,13.72,9.0,2.0,26.39,9.0,882.9,0.0,-0.4,2.18,41.7,826.3,109.8,38.3,148.1,32.6,801.0,2.03,114.1,0.0,0,0,"time.struct_time(tm_year=2022, tm_mon=3, tm_mday=1, tm_hour=1, tm_min=16, tm_sec=5, tm_wday=1, tm_yday=60, tm_isdst=-1)",2022-03-01,2022,3,60,1,16
2022-03-01 01:18:35,40.765533,-111.908966,1297.6,-9999.0,-9999.0,-9999.0,13.53,28.41,21.03,13.8,9.0,2.0,26.28,9.0,883.1,0.0,1.5,2.17,41.7,825.9,116.9,38.9,155.8,32.6,800.9,2.03,114.4,0.0,0,0,"time.struct_time(tm_year=2022, tm_mon=3, tm_mday=1, tm_hour=1, tm_min=18, tm_sec=35, tm_wday=1, tm_yday=60, tm_isdst=-1)",2022-03-01,2022,3,60,1,18
2022-03-01 01:21:05,40.765396,-111.908997,1297.9,-9999.0,-9999.0,-9999.0,13.53,28.4,20.99,14.08,7.0,2.0,26.28,9.0,883.0,0.0,-1.2,2.19,41.7,826.3,195.3,34.8,230.1,32.6,801.0,2.03,114.2,0.0,0,0,"time.struct_time(tm_year=2022, tm_mon=3, tm_mday=1, tm_hour=1, tm_min=21, tm_sec=5, tm_wday=1, tm_yday=60, tm_isdst=-1)",2022-03-01,2022,3,60,1,21
2022-03-01 01:24:40,40.765263,-111.909187,1298.2,-9999.0,-9999.0,-9999.0,13.53,28.39,20.99,14.71,8.0,2.0,26.28,10.0,882.9,0.0,-1.1,2.19,41.7,825.9,565.6,53.6,619.2,32.6,800.9,1.96,113.7,0.0,0,0,"time.struct_time(tm_year=2022, tm_mon=3, tm_mday=1, tm_hour=1, tm_min=24, tm_sec=40, tm_wday=1, tm_yday=60, tm_isdst=-1)",2022-03-01,2022,3,60,1,24
2022-03-01 01:27:10,40.765331,-111.909149,1297.3,-9999.0,-9999.0,-9999.0,13.53,28.38,21.02,14.77,8.0,2.0,26.28,10.0,882.7,0.0,-0.4,2.19,41.7,826.2,814.4,75.0,889.4,32.6,800.9,1.96,113.9,0.0,0,0,"time.struct_time(tm_year=2022, tm_mon=3, tm_mday=1, tm_hour=1, tm_min=27, tm_sec=10, tm_wday=1, tm_yday=60, tm_isdst=-1)",2022-03-01,2022,3,60,1,27
2022-03-01 01:29:40,40.765285,-111.909164,1296.7,-9999.0,-9999.0,-9999.0,13.53,28.38,21.1,15.01,8.0,2.0,26.28,10.0,883.0,0.0,1.1,2.19,41.7,825.8,901.6,75.3,976.9,32.6,801.0,1.96,113.8,0.0,0,0,"time.struct_time(tm_year=2022, tm_mon=3, tm_mday=1, tm_hour=1, tm_min=29, tm_sec=40, tm_wday=1, tm_yday=60, tm_isdst=-1)",2022-03-01,2022,3,60,1,29
2022-03-01 01:32:10,40.765327,-111.909149,1296.4,-9999.0,-9999.0,-9999.0,13.52,28.37,21.08,15.33,7.0,2.0,26.39,10.0,882.9,0.0,0.2,2.19,41.7,826.3,1356.9,105.0,1461.9,32.6,801.1,1.96,113.7,0.0,0,0,"time.struct_time(tm_year=2022, tm_mon=3, tm_mday=1, tm_hour=1, tm_min=32, tm_sec=10, tm_wday=1, tm_yday=60, tm_isdst=-1)",2022-03-01,2022,3,60,1,32
2022-03-01 01:34:40,40.765293,-111.909111,1296.8,-9999.0,-9999.0,-9999.0,13.53,28.37,21.11,14.95,7.0,2.0,26.39,10.0,883.0,0.0,0.9,2.19,41.7,825.8,1118.2,87.9,1206.1,32.6,801.0,1.96,113.7,0.0,0,0,"time.struct_time(tm_year=2022, tm_mon=3, tm_mday=1, tm_hour=1, tm_min=34, tm_sec=40, tm_wday=1, tm_yday=60, tm_isdst=-1)",2022-03-01,2022,3,60,1,34
2022-03-01 01:37:10,40.765202,-111.909187,1297.0,-9999.0,-9999.0,-9999.0,13.53,28.37,21.17,14.77,6.0,2.0,26.28,10.0,883.1,0.0,2.3,2.19,41.7,826.3,991.0,85.7,1076.7,32.5,801.1,1.96,113.7,0.0,0,0,"time.struct_time(tm_year=2022, tm_mon=3, tm_mday=1, tm_hour=1, tm_min=37, tm_sec=10, tm_wday=1, tm_yday=60, tm_isdst=-1)",2022-03-01,2022,3,60,1,37
2022-03-01 01:39:40,40.765266,-111.909164,1296.4,-9999.0,-9999.0,-9999.0,13.53,28.37,21.21,14.71,7.0,2.0,26.28,10.0,883.0,0.0,4.8,2.18,41.7,825.9,864.5,74.7,939.2,32.5,801.0,1.96,113.8,0.0,0,0,"time.struct_time(tm_year=2022, tm_mon=3, tm_mday=1, tm_hour=1, tm_min=39, tm_sec=40, tm_wday=1, tm_yday=60, tm_isdst=-1)",2022-03-01,2022,3,60,1,39
2022-03-01 01:42:10,40.765285,-111.909126,1295.8,-9999.0,-9999.0,-9999.0,13.53,28.36,21.27,14.65,8.0,2.0,26.39,10.0,883.1,0.0,-0.0,2.19,41.6,826.2,852.2,61.1,913.3,32.5,801.0,1.96,113.9,0.0,0,0,"time.struct_time(tm_year=2022, tm_mon=3, tm_mday=1, tm_hour=1, tm_min=42, tm_sec=10, tm_wday=1, tm_yday=60, tm_isdst=-1)",2022-03-01,2022,3,60,1,42
2022-03-01 01:44:40,40.76516,-111.909019,1296.8,-9999.0,-9999.0,-9999.0,13.53,28.36,21.29,14.27,7.0,2.0,26.39,10.0,882.9,0.0,-0.5,2.19,41.6,825.9,679.4,61.5,740.9,32.5,800.9,1.97,113.8,0.0,0,0,"time.struct_time(tm_year=2022, tm_mon=3, tm_mday=1, tm_hour=1, tm_min=44, tm_sec=40, tm_wday=1, tm_yday=60, tm_isdst=-1)",2022-03-01,2022,3,60,1,44
2022-03-01 01:47:10,40.765186,-111.909004,1296.9,-9999.0,-9999.0,-9999.0,13.53,28.36,21.31,14.32,8.0,2.0,26.39,10.0,882.9,0.0,2.0,2.19,41.6,826.3,544.8,60.7,605.5,32.5,801.1,1.96,113.6,0.0,0,0,"time.struct_time(tm_year=2022, tm_mon=3, tm_mday=1, tm_hour=1, tm_min=47, tm_sec=10, tm_wday=1, tm_yday=60, tm_isdst=-1)",2022-03-01,2022,3,60,1,47
2022-03-01 01:49:40,40.765282,-111.909119,1297.6,-9999.0,-9999.0,-9999.0,13.53,28.35,21.34,14.79,9.0,2.0,26.39,10.0,882.9,0.0,-0.4,2.18,41.6,826.0,485.7,55.7,541.4,32.5,801.0,1.97,113.8,0.0,0,0,"time.struct_time(tm_year=2022, tm_mon=3, tm_mday=1, tm_hour=1, tm_min=49, tm_sec=40, tm_wday=1, tm_yday=60, tm_isdst=-1)",2022-03-01,2022,3,60,1,49
2022-03-01 01:52:10,40.765282,-111.90905,1297.9,-9999.0,-9999.0,-9999.0,13.53,28.35,21.33,15.13,8.0,2.0,26.39,10.0,882.9,0.0,-2.3,2.2,41.6,826.4,412.3,49.7,462.0,32.5,801.0,1.96,113.9,0.0,0,0,"time.struct_time(tm_year=2022, tm_mon=3, tm_mday=1, tm_hour=1, tm_min=52, tm_sec=10, tm_wday=1, tm_yday=60, tm_isdst=-1)",2022-03-01,2022,3,60,1,52
2022-03-01 01:54:40,40.765228,-111.909058,1297.8,-9999.0,-9999.0,-9999.0,13.53,28.35,21.33,15.17,8.0,2.0,26.39,10.0,883.0,0.0,0.7,2.19,41.6,826.0,424.6,44.8,469.4,32.5,801.2,1.96,113.9,0.0,0,0,"time.struct_time(tm_year=2022, tm_mon=3, tm_mday=1, tm_hour=1, tm_min=54, tm_sec=40, tm_wday=1, tm_yday=60, tm_isdst=-1)",2022-03-01,2022,3,60,1,54
2022-03-01 01:57:10,40.765266,-111.909088,1297.5,-9999.0,-9999.0,-9999.0,13.53,28.35,21.33,15.03,9.0,2.0,26.39,10.0,883.1,0.0,0.1,2.19,41.6,826.4,431.9,56.8,488.7,32.5,801.2,1.96,113.6,0.0,0,0,"time.struct_time(tm_year=2022, tm_mon=3, tm_mday=1, tm_hour=1, tm_min=57, tm_sec=10, tm_wday=1, tm_yday=60, tm_isdst=-1)",2022-03-01,2022,3,60,1,57
2022-03-01 01:59:40,40.765171,-111.908989,1296.8,-9999.0,-9999.0,-9999.0,13.53,28.35,21.29,15.15,14.0,2.0,26.39,10.0,883.2,0.0,-0.8,2.19,41.6,826.1,387.7,47.2,434.9,32.5,801.2,1.96,113.7,0.0,0,0,"time.struct_time(tm_year=2022, tm_mon=3, tm_mday=1, tm_hour=1, tm_min=59, tm_sec=40, tm_wday=1, tm_yday=60, tm_isdst=-1)",2022-03-01,2022,3,60,1,59
2022-03-01 02:02:10,40.76524,-111.909149,1296.1,-9999.0,-9999.0,-9999.0,13.53,28.35,21.21,15.17,32.0,2.0,26.39,10.0,883.1,0.0,2.0,2.2,41.6,826.6,452.9,44.7,497.6,32.5,801.3,1.96,113.9,0.0,0,0,"time.struct_time(tm_year=2022, tm_mon=3, tm_mday=1, tm_hour=2, tm_min=2, tm_sec=10, tm_wday=1, tm_yday=60, tm_isdst=-1)",2022-03-01,2022,3,60,1,2
2022-03-01 02:04:40,40.765247,-111.909027,1294.9,-9999.0,-9999.0,-9999.0,13.53,28.34,21.17,15.25,41.0,2.0,26.39,10.0,883.3,0.0,-1.8,2.2,41.6,826.2,449.5,38.5,488.0,32.5,801.2,1.96,113.9,0.0,0,0,"time.struct_time(tm_year=2022, tm_mon=3, tm_mday=1, tm_hour=2, tm_min=4, tm_sec=40, tm_wday=1, tm_yday=60, tm_isdst=-1)",2022-03-01,2022,3,60,1,4
2022-03-01 02:07:10,40.76527,-111.909035,1295.5,-9999.0,-9999.0,-9999.0,13.53,28.33,21.15,15.37,31.0,2.0,26.28,10.0,883.4,0.0,0.4,2.19,41.6,826.6,470.3,42.6,512.9,32.5,801.2,1.96,113.8,0.0,0,0,"time.struct_time(tm_year=2022, tm_mon=3, tm_mday=1, tm_hour=2, tm_min=7, tm_sec=10, tm_wday=1, tm_yday=60, tm_isdst=-1)",2022-03-01,2022,3,60,1,7
2022-03-01 02:09:40,40.765251,-111.909081,1295.6,-9999.0,-9999.0,-9999.0,13.53,28.33,21.19,15.73,51.0,2.0,26.28,10.0,883.3,0.0,-3.8,2.18,41.6,826.3,576.3,46.5,622.8,32.5,801.3,1.97,113.8,0.0,0,0,"time.struct_time(tm_year=2022, tm_mon=3, tm_mday=1, tm_hour=2, tm_min=9, tm_sec=40, tm_wday=1, tm_yday=60, tm_isdst=-1)",2022-03-01,2022,3,60,1,9
2022-03-01 02:12:10,40.765251,-111.909309,1295.0,-9999.0,-9999.0,-9999.0,13.53,28.32,21.25,15.79,101.0,2.0,26.39,10.0,883.3,0.0,-2.7,2.2,41.6,826.7,934.8,52.2,987.0,32.5,801.3,1.96,114.0,0.0,0,0,"time.struct_time(tm_year=2022, tm_mon=3, tm_mday=1, tm_hour=2, tm_min=12, tm_sec=10, tm_wday=1, tm_yday=60, tm_isdst=-1)",2022-03-01,2022,3,60,1,12
2022-03-01 02:14:40,40.765175,-111.909126,1295.3,-9999.0,-9999.0,-9999.0,13.53,28.32,21.32,16.22,88.0,2.0,26.28,10.0,883.3,0.0,-3.0,2.19,41.6,826.3,882.7,54.3,937.0,32.5,801.4,1.97,113.9,0.0,0,0,"time.struct_time(tm_year=2022, tm_mon=3, tm_mday=1, tm_hour=2, tm_min=14, tm_sec=40, tm_wday=1, tm_yday=60, tm_isdst=-1)",2022-03-01,2022,3,60,1,14
2022-03-01 02:17:10,40.765121,-111.909248,1295.3,-9999.0,-9999.0,-9999.0,13.53,28.32,21.4,15.89,85.0,2.0,26.28,10.0,883.4,0.0,2.4,2.18,41.6,826.7,977.5,60.8,1038.3,32.5,801.5,1.96,113.8,0.0,0,0,"time.struct_time(tm_year=2022, tm_mon=3, tm_mday=1, tm_hour=2, tm_min=17, tm_sec=10, tm_wday=1, tm_yday=60, tm_isdst=-1)",2022-03-01,2022,3,60,1,17
2022-03-01 02:19:40,40.765266,-111.909195,1294.1,-9999.0,-9999.0,-9999.0,13.53,28.33,21.46,15.79,102.0,2.0,26.28,10.0,883.5,0.0,-0.1,2.18,41.6,826.4,988.8,62.8,1051.6,32.5,801.5,1.96,113.7,0.0,0,0,"time.struct_time(tm_year=2022, tm_mon=3, tm_mday=1, tm_hour=2, tm_min=19, tm_sec=40, tm_wday=1, tm_yday=60, tm_isdst=-1)",2022-03-01,2022,3,60,1,19
2022-03-01 02:22:10,40.76511,-111.909157,1293.4,-9999.0,-9999.0,-9999.0,13.53,28.33,21.54,16.0,76.0,2.0,26.28,10.0,883.4,0.0,1.8,2.18,41.6,826.8,905.3,49.2,954.5,32.5,801.5,1.96,113.9,0.0,0,0,"time.struct_time(tm_year=2022, tm_mon=3, tm_mday=1, tm_hour=2, tm_min=22, tm_sec=10, tm_wday=1, tm_yday=60, tm_isdst=-1)",2022-03-01,2022,3,60,1,22
2022-03-01 02:25:45,40.765251,-111.909081,1292.0,-9999.0,-9999.0,-9999.0,13.53,28.34,21.62,15.79,64.0,2.0,26.28,10.0,883.3,0.0,1.1,2.18,41.6,826.8,771.8,47.9,819.7,32.5,801.4,1.97,115.2,0.0,0,0,"time.struct_time(tm_year=2022, tm_mon=3, tm_mday=1, tm_hour=2, tm_min=25, tm_sec=45, tm_wday=1, tm_yday=60, tm_isdst=-1)",2022-03-01,2022,3,60,1,25
2022-03-01 02:28:15,40.765469,-111.909279,1295.3,-9999.0,-9999.0,-9999.0,13.53,28.34,21.68,15.63,60.0,2.0,26.28,10.0,883.5,0.0,-0.1,2.18,41.6,826.3,706.4,51.5,757.9,32.5,801.4,1.96,115.1,0.0,0,0,"time.struct_time(tm_year=2022, tm_mon=3, tm_mday=1, tm_hour=2, tm_min=28, tm_sec=15, tm_wday=1, tm_yday=60, tm_isdst=-1)",2022-03-01,2022,3,60,1,28
2022-03-01 02:30:45,40.765377,-111.909225,1298.8,-9999.0,-9999.0,-9999.0,13.53,28.35,21.72,15.83,53.0,2.0,26.28,11.0,883.4,0.0,-1.4,2.19,41.6,826.8,657.2,49.8,707.0,32.5,801.5,1.96,115.1,0.0,0,0,"time.struct_time(tm_year=2022, tm_mon=3, tm_mday=1, tm_hour=2, tm_min=30, tm_sec=45, tm_wday=1, tm_yday=60, tm_isdst=-1)",2022-03-01,2022,3,60,1,30
2022-03-01 02:33:15,40.765339,-111.909187,1305.7,-9999.0,-9999.0,-9999.0,13.53,28.35,21.74,16.0,46.0,2.0,26.28,11.0,883.4,0.0,-3.5,2.2,41.6,826.3,557.5,46.2,603.7,32.5,801.4,1.97,115.1,0.0,0,0,"time.struct_time(tm_year=2022, tm_mon=3, tm_mday=1, tm_hour=2, tm_min=33, tm_sec=15, tm_wday=1, tm_yday=60, tm_isdst=-1)",2022-03-01,2022,3,60,1,33
2022-03-01 02:35:45,40.765362,-111.909004,1302.2,-9999.0,-9999.0,-9999.0,13.53,28.36,21.76,16.09,35.0,2.0,26.28,11.0,883.4,0.0,-1.0,2.19,41.6,826.8,488.6,43.4,532.0,32.5,801.3,1.97,115.2,0.0,0,0,"time.struct_time(tm_year=2022, tm_mon=3, tm_mday=1, tm_hour=2, tm_min=35, tm_sec=45, tm_wday=1, tm_yday=60, tm_isdst=-1)",2022-03-01,2022,3,60,1,35
2022-03-01 02:38:15,40.765297,-111.909073,1295.7,-9999.0,-9999.0,-9999.0,13.53,28.37,21.76,15.65,27.0,2.0,26.39,11.0,883.5,0.0,-2.7,2.17,41.6,826.3,391.9,35.9,427.8,32.5,801.3,1.97,114.9,0.0,0,0,"time.struct_time(tm_year=2022, tm_mon=3, tm_mday=1, tm_hour=2, tm_min=38, tm_sec=15, tm_wday=1, tm_yday=60, tm_isdst=-1)",2022-03-01,2022,3,60,1,38
2022-03-01 02:40:45,40.765244,-111.909058,1288.9,-9999.0,-9999.0,-9999.0,13.53,28.37,21.72,15.55,21.0,2.0,26.39,10.0,883.4,0.0,0.4,2.2,41.6,826.6,296.7,32.9,329.6,32.5,801.3,1.97,115.3,0.0,0,0,"time.struct_time(tm_year=2022, tm_mon=3, tm_mday=1, tm_hour=2, tm_min=40, tm_sec=45, tm_wday=1, tm_yday=60, tm_isdst=-1)",2022-03-01,2022,3,60,1,40
2022-03-01 02:43:15,40.765228,-111.90918,1293.2,-9999.0,-9999.0,-9999.0,13.53,28.37,21.64,15.59,19.0,2.0,26.39,10.0,883.3,0.0,3.0,2.18,41.6,826.3,229.6,36.7,266.3,32.5,801.4,1.96,115.1,0.0,0,0,"time.struct_time(tm_year=2022, tm_mon=3, tm_mday=1, tm_hour=2, tm_min=43, tm_sec=15, tm_wday=1, tm_yday=60, tm_isdst=-1)",2022-03-01,2022,3,60,1,43
2022-03-01 02:45:45,40.765221,-111.909187,1290.1,-9999.0,-9999.0,-9999.0,13.53,28.37,21.56,15.71,16.0,2.0,26.39,10.0,883.3,0.0,1.5,2.19,41.6,826.7,212.5,36.6,249.1,32.5,801.4,1.96,115.1,0.0,0,0,"time.struct_time(tm_year=2022, tm_mon=3, tm_mday=1, tm_hour=2, tm_min=45, tm_sec=45, tm_wday=1, tm_yday=60, tm_isdst=-1)",2022-03-01,2022,3,60,1,45
2022-03-01 02:48:15,40.765217,-111.909225,1296.2,-9999.0,-9999.0,-9999.0,13.53,28.37,21.46,15.89,15.0,2.0,26.39,10.0,883.3,0.0,-1.1,2.19,41.6,826.3,161.5,34.8,196.3,32.4,801.4,1.96,115.0,0.0,0,0,"time.struct_time(tm_year=2022, tm_mon=3, tm_mday=1, tm_hour=2, tm_min=48, tm_sec=15, tm_wday=1, tm_yday=60, tm_isdst=-1)",2022-03-01,2022,3,60,1,48
2022-03-01 02:50:45,40.765217,-111.909119,1297.0,-9999.0,-9999.0,-9999.0,13.53,28.36,21.38,15.91,15.0,2.0,26.39,10.0,883.5,0.0,-3.2,2.19,41.6,826.8,134.4,29.1,163.5,32.5,801.5,1.96,114.9,0.0,0,0,"time.struct_time(tm_year=2022, tm_mon=3, tm_mday=1, tm_hour=2, tm_min=50, tm_sec=45, tm_wday=1, tm_yday=60, tm_isdst=-1)",2022-03-01,2022,3,60,1,50
2022-03-01 02:53:15,40.765156,-111.909027,1293.3,-9999.0,-9999.0,-9999.0,13.52,28.36,21.32,16.11,13.0,2.0,26.39,10.0,883.7,0.0,-1.5,2.19,41.6,826.4,122.6,32.3,154.9,32.4,801.5,1.97,115.1,0.0,0,0,"time.struct_time(tm_year=2022, tm_mon=3, tm_mday=1, tm_hour=2, tm_min=53, tm_sec=15, tm_wday=1, tm_yday=60, tm_isdst=-1)",2022-03-01,2022,3,60,1,53
2022-03-01 02:55:45,40.765121,-111.909012,1292.7,-9999.0,-9999.0,-9999.0,13.53,28.35,21.24,16.17,12.0,2.0,26.39,10.0,883.7,0.0,1.4,2.19,41.6,826.9,97.4,30.6,128.0,32.4,801.6,1.96,115.1,0.0,0,0,"time.struct_time(tm_year=2022, tm_mon=3, tm_mday=1, tm_hour=2, tm_min=55, tm_sec=45, tm_wday=1, tm_yday=60, tm_isdst=-1)",2022-03-01,2022,3,60,1,55
2022-03-01 02:58:15,40.765659,-111.90892,1295.6,-9999.0,-9999.0,-9999.0,13.52,28.35,21.19,16.39,14.0,2.0,26.28,11.0,883.5,0.0,2.3,2.19,41.6,826.5,102.3,33.9,136.2,32.4,801.7,1.96,115.2,0.0,0,0,"time.struct_time(tm_year=2022, tm_mon=3, tm_mday=1, tm_hour=2, tm_min=58, tm_sec=15, tm_wday=1, tm_yday=60, tm_isdst=-1)",2022-03-01,2022,3,60,1,58
2022-03-01 03:00:45,40.765652,-111.908928,1292.7,-9999.0,-9999.0,-9999.0,13.53,28.34,21.17,16.93,12.0,2.0,26.28,11.0,883.6,0.0,-1.7,2.18,41.6,826.9,111.0,24.6,135.6,32.4,801.5,1.97,115.0,0.0,0,0,"time.struct_time(tm_year=2022, tm_mon=3, tm_mday=1, tm_hour=3, tm_min=0, tm_sec=45, tm_wday=1, tm_yday=60, tm_isdst=-1)",2022-03-01,2022,3,60,1,0
2022-03-01 03:03:15,40.76545,-111.909088,1294.7,-9999.0,-9999.0,-9999.0,13.53,28.33,21.17,16.75,14.0,2.0,26.28,11.0,883.4,0.0,0.9,2.19,41.6,826.5,112.7,34.2,146.9,32.4,801.5,1.97,115.2,0.0,0,0,"time.struct_time(tm_year=2022, tm_mon=3, tm_mday=1, tm_hour=3, tm_min=3, tm_sec=15, tm_wday=1, tm_yday=60, tm_isdst=-1)",2022-03-01,2022,3,60,1,3
2022-03-01 03:05:45,40.765377,-111.909073,1296.9,-9999.0,-9999.0,-9999.0,13.52,28.32,21.22,17.0,13.0,2.0,26.28,11.0,883.6,0.0,-2.1,2.19,41.6,826.8,120.3,30.0,150.3,32.4,801.6,1.96,115.0,0.0,0,0,"time.struct_time(tm_year=2022, tm_mon=3, tm_mday=1, tm_hour=3, tm_min=5, tm_sec=45, tm_wday=1, tm_yday=60, tm_isdst=-1)",2022-03-01,2022,3,60,1,5
2022-03-01 03:08:15,40.765236,-111.909126,1296.2,-9999.0,-9999.0,-9999.0,13.53,28.32,21.26,17.1,13.0,2.0,26.28,11.0,883.6,0.0,0.8,2.18,41.6,826.4,129.7,26.2,155.9,32.4,801.4,1.97,115.2,0.0,0,0,"time.struct_time(tm_year=2022, tm_mon=3, tm_mday=1, tm_hour=3, tm_min=8, tm_sec=15, tm_wday=1, tm_yday=60, tm_isdst=-1)",2022-03-01,2022,3,60,1,8
2022-03-01 03:10:45,40.765362,-111.909027,1292.2,-9999.0,-9999.0,-9999.0,13.53,28.32,21.3,16.88,12.0,2.0,26.28,11.0,883.5,0.0,1.9,2.19,41.6,826.9,112.5,34.3,146.8,32.4,801.6,1.96,115.0,0.0,0,0,"time.struct_time(tm_year=2022, tm_mon=3, tm_mday=1, tm_hour=3, tm_min=10, tm_sec=45, tm_wday=1, tm_yday=60, tm_isdst=-1)",2022-03-01,2022,3,60,1,10
2022-03-01 03:13:15,40.765156,-111.909019,1292.0,-9999.0,-9999.0,-9999.0,13.53,28.31,21.33,16.73,10.0,2.0,26.28,11.0,883.6,0.0,-2.9,2.19,41.6,826.5,108.2,34.7,142.9,32.4,801.6,1.97,115.1,0.0,0,0,"time.struct_time(tm_year=2022, tm_mon=3, tm_mday=1, tm_hour=3, tm_min=13, tm_sec=15, tm_wday=1, tm_yday=60, tm_isdst=-1)",2022-03-01,2022,3,60,1,13
2022-03-01 03:15:45,40.765251,-111.90918,1297.9,-9999.0,-9999.0,-9999.0,13.53,28.31,21.37,16.55,10.0,2.0,26.28,11.0,883.6,0.0,2.0,2.18,41.6,827.0,95.9,39.1,135.0,32.4,801.6,1.97,115.3,0.0,0,0,"time.struct_time(tm_year=2022, tm_mon=3, tm_mday=1, tm_hour=3, tm_min=15, tm_sec=45, tm_wday=1, tm_yday=60, tm_isdst=-1)",2022-03-01,2022,3,60,1,15
2022-03-01 03:18:15,40.765236,-111.909111,1294.6,-9999.0,-9999.0,-9999.0,13.52,28.31,21.39,16.51,9.0,2.0,26.28,11.0,883.6,0.0,4.0,2.18,41.6,826.6,85.6,34.4,120.0,32.4,801.6,1.97,115.3,0.0,0,0,"time.struct_time(tm_year=2022, tm_mon=3, tm_mday=1, tm_hour=3, tm_min=18, tm_sec=15, tm_wday=1, tm_yday=60, tm_isdst=-1)",2022-03-01,2022,3,60,1,18
2022-03-01 03:20:45,40.765244,-111.909111,1296.1,-9999.0,-9999.0,-9999.0,13.53,28.31,21.42,16.37,9.0,2.0,26.28,11.0,883.6,0.0,0.5,2.19,41.6,827.0,75.4,36.0,111.4,32.4,801.6,1.96,115.3,0.0,0,0,"time.struct_time(tm_year=2022, tm_mon=3, tm_mday=1, tm_hour=3, tm_min=20, tm_sec=45, tm_wday=1, tm_yday=60, tm_isdst=-1)",2022-03-01,2022,3,60,1,20
2022-03-01 03:23:15,40.765144,-111.909142,1295.9,-9999.0,-9999.0,-9999.0,13.53,28.31,21.42,16.65,8.0,2.0,26.28,11.0,883.8,0.0,1.4,2.19,41.6,826.5,69.2,39.0,108.2,32.4,801.6,1.97,115.0,0.0,0,0,"time.struct_time(tm_year=2022, tm_mon=3, tm_mday=1, tm_hour=3, tm_min=23, tm_sec=15, tm_wday=1, tm_yday=60, tm_isdst=-1)",2022-03-01,2022,3,60,1,23
2022-03-01 03:25:45,40.76535,-111.90921,1300.4,-9999.0,-9999.0,-9999.0,13.53,28.31,21.42,16.58,9.0,2.0,26.28,11.0,883.5,0.0,-0.6,2.2,41.6,826.9,70.9,31.2,102.1,32.4,801.6,1.96,115.2,0.0,0,0,"time.struct_time(tm_year=2022, tm_mon=3, tm_mday=1, tm_hour=3, tm_min=25, tm_sec=45, tm_wday=1, tm_yday=60, tm_isdst=-1)",2022-03-01,2022,3,60,1,25
2022-03-01 03:29:20,40.765289,-111.909203,1306.4,-9999.0,-9999.0,-9999.0,13.52,28.31,21.4,16.78,8.0,2.0,26.28,11.0,883.7,0.0,-4.1,2.18,41.6,826.6,59.0,30.2,89.2,32.4,801.6,2.03,114.2,0.0,0,0,"time.struct_time(tm_year=2022, tm_mon=3, tm_mday=1, tm_hour=3, tm_min=29, tm_sec=20, tm_wday=1, tm_yday=60, tm_isdst=-1)",2022-03-01,2022,3,60,1,29
2022-03-01 03:31:50,40.765312,-111.909096,1305.2,-9999.0,-9999.0,-9999.0,13.53,28.31,21.38,16.8,7.0,2.0,26.28,11.0,883.5,0.0,-0.8,2.18,41.6,826.9,59.4,29.5,88.9,32.4,801.6,2.04,114.2,0.0,0,0,"time.struct_time(tm_year=2022, tm_mon=3, tm_mday=1, tm_hour=3, tm_min=31, tm_sec=50, tm_wday=1, tm_yday=60, tm_isdst=-1)",2022-03-01,2022,3,60,1,31
2022-03-01 03:34:20,40.765301,-111.909149,1312.8,-9999.0,-9999.0,-9999.0,13.53,28.31,21.42,17.08,8.0,2.0,26.28,11.0,883.5,0.0,0.5,2.19,41.6,826.5,47.6,36.4,84.0,32.4,801.5,2.03,114.3,0.0,0,0,"time.struct_time(tm_year=2022, tm_mon=3, tm_mday=1, tm_hour=3, tm_min=34, tm_sec=20, tm_wday=1, tm_yday=60, tm_isdst=-1)",2022-03-01,2022,3,60,1,34
2022-03-01 03:36:50,40.76527,-111.909225,1309.3,-9999.0,-9999.0,-9999.0,13.53,28.31,21.34,16.88,7.0,2.0,26.22,11.0,883.7,0.0,0.6,2.2,41.6,826.9,53.6,29.0,82.6,32.4,801.5,2.03,114.6,0.0,0,0,"time.struct_time(tm_year=2022, tm_mon=3, tm_mday=1, tm_hour=3, tm_min=36, tm_sec=50, tm_wday=1, tm_yday=60, tm_isdst=-1)",2022-03-01,2022,3,60,1,36
2022-03-01 03:39:20,40.765324,-111.908958,1307.1,-9999.0,-9999.0,-9999.0,13.53,28.3,21.32,16.68,7.0,2.0,26.28,11.0,883.5,0.0,-1.3,2.18,41.6,826.5,51.4,27.5,78.9,32.4,801.5,2.03,114.4,0.0,0,0,"time.struct_time(tm_year=2022, tm_mon=3, tm_mday=1, tm_hour=3, tm_min=39, tm_sec=20, tm_wday=1, tm_yday=60, tm_isdst=-1)",2022-03-01,2022,3,60,1,39
2022-03-01 03:41:50,40.765331,-111.909042,1306.5,-9999.0,-9999.0,-9999.0,13.53,28.3,21.32,16.82,6.0,2.0,26.28,11.0,883.6,0.0,-2.7,2.18,41.6,827.0,50.9,23.0,73.9,32.4,801.5,2.03,114.4,0.0,0,0,"time.struct_time(tm_year=2022, tm_mon=3, tm_mday=1, tm_hour=3, tm_min=41, tm_sec=50, tm_wday=1, tm_yday=60, tm_isdst=-1)",2022-03-01,2022,3,60,1,41
2022-03-01 03:44:20,40.765266,-111.908951,1305.2,-9999.0,-9999.0,-9999.0,13.53,28.3,21.3,16.96,6.0,2.0,26.28,11.0,883.5,0.0,-0.7,2.19,41.6,826.5,44.8,30.9,75.7,32.4,801.5,2.03,114.5,0.0,0,0,"time.struct_time(tm_year=2022, tm_mon=3, tm_mday=1, tm_hour=3, tm_min=44, tm_sec=20, tm_wday=1, tm_yday=60, tm_isdst=-1)",2022-03-01,2022,3,60,1,44
2022-03-01 03:46:50,40.765274,-111.909073,1304.8,-9999.0,-9999.0,-9999.0,13.53,28.29,21.28,16.88,6.0,2.0,26.28,11.0,883.6,0.0,0.0,2.19,41.6,827.0,44.6,28.3,72.9,32.4,801.6,2.03,114.5,0.0,0,0,"time.struct_time(tm_year=2022, tm_mon=3, tm_mday=1, tm_hour=3, tm_min=46, tm_sec=50, tm_wday=1, tm_yday=60, tm_isdst=-1)",2022-03-01,2022,3,60,1,46
2022-03-01 03:49:20,40.765213,-111.909142,1304.6,-9999.0,-9999.0,-9999.0,13.53,28.29,21.26,16.68,7.0,2.0,26.28,11.0,883.5,0.0,-3.0,2.19,41.6,826.5,42.4,29.7,72.1,32.4,801.6,2.03,114.1,0.0,0,0,"time.struct_time(tm_year=2022, tm_mon=3, tm_mday=1, tm_hour=3, tm_min=49, tm_sec=20, tm_wday=1, tm_yday=60, tm_isdst=-1)",2022-03-01,2022,3,60,1,49
2022-03-01 03:51:50,40.765278,-111.909081,1303.9,-9999.0,-9999.0,-9999.0,13.52,28.28,21.24,16.92,7.0,2.0,26.22,11.0,883.7,0.0,-4.0,2.19,41.6,826.9,38.7,34.1,72.8,32.4,801.5,2.03,114.5,0.0,0,0,"time.struct_time(tm_year=2022, tm_mon=3, tm_mday=1, tm_hour=3, tm_min=51, tm_sec=50, tm_wday=1, tm_yday=60, tm_isdst=-1)",2022-03-01,2022,3,60,1,51
2022-03-01 03:54:20,40.765331,-111.909004,1303.1,-9999.0,-9999.0,-9999.0,13.53,28.28,21.24,16.84,7.0,2.0,26.22,11.0,883.6,0.0,-1.2,2.19,41.2,826.6,43.4,33.1,76.5,32.4,801.7,2.03,114.3,0.0,0,0,"time.struct_time(tm_year=2022, tm_mon=3, tm_mday=1, tm_hour=3, tm_min=54, tm_sec=20, tm_wday=1, tm_yday=60, tm_isdst=-1)",2022-03-01,2022,3,60,1,54
2022-03-01 03:56:50,40.765297,-111.908989,1303.4,-9999.0,-9999.0,-9999.0,13.52,28.27,21.2,16.98,6.0,2.0,26.28,11.0,883.7,0.0,0.2,2.19,41.5,827.1,41.9,46.0,87.9,32.4,801.9,2.03,114.2,0.0,0,0,"time.struct_time(tm_year=2022, tm_mon=3, tm_mday=1, tm_hour=3, tm_min=56, tm_sec=50, tm_wday=1, tm_yday=60, tm_isdst=-1)",2022-03-01,2022,3,60,1,56
2022-03-01 03:59:20,40.765388,-111.909073,1303.5,-9999.0,-9999.0,-9999.0,13.53,28.27,21.22,17.9,6.0,2.0,26.28,11.0,883.7,0.0,-0.5,2.18,41.5,826.7,48.5,36.5,85.0,32.4,801.7,2.03,114.4,0.0,0,0,"time.struct_time(tm_year=2022, tm_mon=3, tm_mday=1, tm_hour=3, tm_min=59, tm_sec=20, tm_wday=1, tm_yday=60, tm_isdst=-1)",2022-03-01,2022,3,60,1,59
2022-03-01 04:01:50,40.765251,-111.909081,1302.8,-9999.0,-9999.0,-9999.0,13.53,28.27,21.26,17.72,7.0,2.0,26.28,11.0,883.7,0.0,0.4,2.2,41.5,827.2,44.1,44.8,88.9,32.4,801.7,2.03,114.3,0.0,0,0,"time.struct_time(tm_year=2022, tm_mon=3, tm_mday=1, tm_hour=4, tm_min=1, tm_sec=50, tm_wday=1, tm_yday=60, tm_isdst=-1)",2022-03-01,2022,3,60,1,1
2022-03-01 04:17:25,40.765301,-111.909103,1290.8,-9999.0,-9999.0,-9999.0,13.53,28.29,21.38,15.81,293.0,2.0,26.28,11.0,883.7,0.0,-0.4,2.2,41.5,827.1,76.3,29.0,105.3,32.4,801.8,1.96,113.9,0.0,0,0,"time.struct_time(tm_year=2022, tm_mon=3, tm_mday=1, tm_hour=4, tm_min=17, tm_sec=25, tm_wday=1, tm_yday=60, tm_isdst=-1)",2022-03-01,2022,3,60,1,17
2022-03-01 04:19:55,40.765308,-111.909111,1290.9,-9999.0,-9999.0,-9999.0,13.53,28.29,21.4,15.59,129.0,2.0,26.28,11.0,883.7,0.0,0.3,2.18,41.5,826.7,60.8,28.1,88.9,32.4,801.7,1.96,113.9,0.0,0,0,"time.struct_time(tm_year=2022, tm_mon=3, tm_mday=1, tm_hour=4, tm_min=19, tm_sec=55, tm_wday=1, tm_yday=60, tm_isdst=-1)",2022-03-01,2022,3,60,1,19
2022-03-01 04:22:25,40.765308,-111.909111,1291.4,-9999.0,-9999.0,-9999.0,13.53,28.29,21.44,15.41,60.0,2.0,26.28,11.0,883.8,0.0,2.3,2.19,41.5,827.1,47.2,29.4,76.6,32.4,801.9,1.96,114.1,0.0,0,0,"time.struct_time(tm_year=2022, tm_mon=3, tm_mday=1, tm_hour=4, tm_min=22, tm_sec=25, tm_wday=1, tm_yday=60, tm_isdst=-1)",2022-03-01,2022,3,60,1,22
2022-03-01 04:24:55,40.765308,-111.909111,1292.5,-9999.0,-9999.0,-9999.0,13.53,28.29,21.48,15.67,58.0,2.0,26.39,11.0,883.7,0.0,-3.3,2.19,41.5,826.7,46.6,35.2,81.8,32.4,801.8,1.97,114.0,0.0,0,0,"time.struct_time(tm_year=2022, tm_mon=3, tm_mday=1, tm_hour=4, tm_min=24, tm_sec=55, tm_wday=1, tm_yday=60, tm_isdst=-1)",2022-03-01,2022,3,60,1,24
2022-03-01 04:28:30,40.765316,-111.909096,1293.2,-9999.0,-9999.0,-9999.0,13.53,28.3,21.58,16.54,47.0,2.0,26.39,11.0,883.7,0.0,-2.3,2.17,41.5,827.1,48.2,38.1,86.3,32.4,801.7,1.97,115.1,0.0,0,0,"time.struct_time(tm_year=2022, tm_mon=3, tm_mday=1, tm_hour=4, tm_min=28, tm_sec=30, tm_wday=1, tm_yday=60, tm_isdst=-1)",2022-03-01,2022,3,60,1,28
2022-03-01 04:31:00,40.765308,-111.909088,1292.9,-9999.0,-9999.0,-9999.0,13.53,28.3,21.66,16.14,35.0,2.0,26.28,11.0,883.7,0.0,0.8,2.21,41.5,826.7,49.7,40.3,90.0,32.4,801.8,1.97,115.1,0.0,0,0,"time.struct_time(tm_year=2022, tm_mon=3, tm_mday=1, tm_hour=4, tm_min=31, tm_sec=0, tm_wday=1, tm_yday=60, tm_isdst=-1)",2022-03-01,2022,3,60,1,31
2022-03-01 04:33:30,40.765293,-111.909081,1294.6,-9999.0,-9999.0,-9999.0,13.53,28.31,21.76,15.81,31.0,2.0,26.39,11.0,884.0,0.0,0.7,2.18,41.5,827.2,48.8,46.7,95.5,32.4,801.8,1.96,115.3,0.0,0,0,"time.struct_time(tm_year=2022, tm_mon=3, tm_mday=1, tm_hour=4, tm_min=33, tm_sec=30, tm_wday=1, tm_yday=60, tm_isdst=-1)",2022-03-01,2022,3,60,1,33
2022-03-01 04:36:00,40.765263,-111.909119,1293.1,-9999.0,-9999.0,-9999.0,13.53,28.33,21.9,15.47,27.0,2.0,26.39,11.0,883.7,0.0,-0.8,2.2,41.5,826.7,45.5,32.8,78.3,32.4,801.7,1.97,115.2,0.0,0,0,"time.struct_time(tm_year=2022, tm_mon=3, tm_mday=1, tm_hour=4, tm_min=36, tm_sec=0, tm_wday=1, tm_yday=60, tm_isdst=-1)",2022-03-01,2022,3,60,1,36
2022-03-01 04:38:30,40.765247,-111.909111,1294.2,-9999.0,-9999.0,-9999.0,13.52,28.34,21.96,15.33,28.0,2.0,26.39,11.0,883.9,0.0,-2.2,2.19,41.6,827.1,167.0,42.2,209.2,32.4,801.8,1.97,115.1,0.0,0,0,"time.struct_time(tm_year=2022, tm_mon=3, tm_mday=1, tm_hour=4, tm_min=38, tm_sec=30, tm_wday=1, tm_yday=60, tm_isdst=-1)",2022-03-01,2022,3,60,1,38
2022-03-01 04:41:00,40.765244,-111.909103,1294.7,-9999.0,-9999.0,-9999.0,13.53,28.35,22.06,16.14,26.0,2.0,26.5,11.0,883.9,0.0,-3.0,2.19,41.6,826.6,142.4,43.8,186.2,32.4,801.6,1.97,115.2,0.0,0,0,"time.struct_time(tm_year=2022, tm_mon=3, tm_mday=1, tm_hour=4, tm_min=41, tm_sec=0, tm_wday=1, tm_yday=60, tm_isdst=-1)",2022-03-01,2022,3,60,1,41
2022-03-01 04:43:30,40.765217,-111.909142,1293.6,-9999.0,-9999.0,-9999.0,13.53,28.36,22.14,16.02,20.0,2.0,26.39,11.0,883.7,0.0,1.1,2.2,41.5,827.1,148.1,54.4,202.5,32.4,801.6,1.97,115.5,0.0,0,0,"time.struct_time(tm_year=2022, tm_mon=3, tm_mday=1, tm_hour=4, tm_min=43, tm_sec=30, tm_wday=1, tm_yday=60, tm_isdst=-1)",2022-03-01,2022,3,60,1,43
2022-03-01 04:46:00,40.765251,-111.909126,1295.2,-9999.0,-9999.0,-9999.0,13.53,28.38,22.22,15.92,19.0,2.0,26.5,11.0,883.8,0.0,-1.1,2.18,41.6,826.7,146.1,52.7,198.8,32.4,801.6,1.97,115.3,0.0,0,0,"time.struct_time(tm_year=2022, tm_mon=3, tm_mday=1, tm_hour=4, tm_min=46, tm_sec=0, tm_wday=1, tm_yday=60, tm_isdst=-1)",2022-03-01,2022,3,60,1,46
2022-03-01 04:48:30,40.765251,-111.909096,1299.1,-9999.0,-9999.0,-9999.0,13.53,28.39,22.3,15.88,18.0,2.0,26.5,11.0,883.8,0.0,-3.7,2.19,41.6,827.1,137.8,56.2,194.0,32.4,801.6,1.97,115.3,0.0,0,0,"time.struct_time(tm_year=2022, tm_mon=3, tm_mday=1, tm_hour=4, tm_min=48, tm_sec=30, tm_wday=1, tm_yday=60, tm_isdst=-1)",2022-03-01,2022,3,60,1,48
2022-03-01 04:51:00,40.765255,-111.909096,1299.7,-9999.0,-9999.0,-9999.0,13.52,28.4,22.38,15.82,17.0,2.0,26.5,11.0,883.7,0.0,-0.8,2.18,41.6,826.7,118.1,61.1,179.2,32.4,801.7,1.97,115.2,0.0,0,0,"time.struct_time(tm_year=2022, tm_mon=3, tm_mday=1, tm_hour=4, tm_min=51, tm_sec=0, tm_wday=1, tm_yday=60, tm_isdst=-1)",2022-03-01,2022,3,60,1,51
2022-03-01 04:53:30,40.765251,-111.909088,1299.8,-9999.0,-9999.0,-9999.0,13.53,28.42,22.46,15.8,15.0,2.0,26.5,11.0,883.9,0.0,-2.6,2.18,41.6,827.2,117.4,58.2,175.6,32.4,801.7,1.97,115.2,0.0,0,0,"time.struct_time(tm_year=2022, tm_mon=3, tm_mday=1, tm_hour=4, tm_min=53, tm_sec=30, tm_wday=1, tm_yday=60, tm_isdst=-1)",2022-03-01,2022,3,60,1,53
2022-03-01 04:56:00,40.765247,-111.909081,1301.8,-9999.0,-9999.0,-9999.0,13.52,28.43,22.52,15.8,15.0,2.0,26.61,11.0,883.8,0.0,-2.4,2.19,41.6,826.7,108.2,50.2,158.4,32.4,801.6,1.97,115.4,0.0,0,0,"time.struct_time(tm_year=2022, tm_mon=3, tm_mday=1, tm_hour=4, tm_min=56, tm_sec=0, tm_wday=1, tm_yday=60, tm_isdst=-1)",2022-03-01,2022,3,60,1,56
2022-03-01 04:58:30,40.765312,-111.909187,1306.2,-9999.0,-9999.0,-9999.0,13.52,28.45,22.58,15.72,15.0,2.0,26.61,11.0,883.9,0.0,-0.3,2.18,41.6,827.1,105.4,56.0,161.4,32.4,801.8,1.97,115.3,0.0,0,0,"time.struct_time(tm_year=2022, tm_mon=3, tm_mday=1, tm_hour=4, tm_min=58, tm_sec=30, tm_wday=1, tm_yday=60, tm_isdst=-1)",2022-03-01,2022,3,60,1,58
2022-03-01 05:01:00,40.765301,-111.90921,1306.3,-9999.0,-9999.0,-9999.0,13.53,28.46,22.64,15.76,14.0,2.0,26.61,11.0,883.8,0.0,-2.1,2.19,41.6,826.7,100.5,58.5,159.0,32.4,801.8,1.97,115.2,0.0,0,0,"time.struct_time(tm_year=2022, tm_mon=3, tm_mday=1, tm_hour=5, tm_min=1, tm_sec=0, tm_wday=1, tm_yday=60, tm_isdst=-1)",2022-03-01,2022,3,60,1,1
2022-03-01 05:03:30,40.765293,-111.909203,1305.9,-9999.0,-9999.0,-9999.0,13.52,28.48,22.7,15.72,13.0,2.0,26.61,11.0,883.8,0.0,-0.8,2.18,41.6,827.2,97.3,54.7,152.0,32.4,801.7,1.97,115.3,0.0,0,0,"time.struct_time(tm_year=2022, tm_mon=3, tm_mday=1, tm_hour=5, tm_min=3, tm_sec=30, tm_wday=1, tm_yday=60, tm_isdst=-1)",2022-03-01,2022,3,60,1,3
2022-03-01 05:06:00,40.765278,-111.90918,1305.8,-9999.0,-9999.0,-9999.0,13.53,28.49,22.76,15.89,12.0,2.0,26.61,11.0,883.7,0.0,-2.5,2.19,41.7,826.7,96.0,58.3,154.3,32.4,801.8,1.96,115.0,0.0,0,0,"time.struct_time(tm_year=2022, tm_mon=3, tm_mday=1, tm_hour=5, tm_min=6, tm_sec=0, tm_wday=1, tm_yday=60, tm_isdst=-1)",2022-03-01,2022,3,60,1,6
2022-03-01 05:08:30,40.765301,-111.909142,1306.1,-9999.0,-9999.0,-9999.0,13.53,28.51,22.79,16.16,14.0,2.0,26.61,11.0,883.8,0.0,-1.5,2.19,41.7,827.1,99.1,62.3,161.4,32.4,801.9,1.96,115.1,0.0,0,0,"time.struct_time(tm_year=2022, tm_mon=3, tm_mday=1, tm_hour=5, tm_min=8, tm_sec=30, tm_wday=1, tm_yday=60, tm_isdst=-1)",2022-03-01,2022,3,60,1,8
2022-03-01 05:11:00,40.765289,-111.909126,1310.0,-9999.0,-9999.0,-9999.0,13.53,28.53,22.8,17.9,14.0,2.0,26.72,11.0,883.7,0.0,-2.8,2.2,41.7,826.7,98.1,51.9,150.0,32.4,801.7,1.97,115.3,0.0,0,0,"time.struct_time(tm_year=2022, tm_mon=3, tm_mday=1, tm_hour=5, tm_min=11, tm_sec=0, tm_wday=1, tm_yday=60, tm_isdst=-1)",2022-03-01,2022,3,60,1,11
2022-03-01 05:13:30,40.765232,-111.909103,1310.0,-9999.0,-9999.0,-9999.0,13.53,28.54,22.81,16.86,12.0,2.0,26.72,11.0,883.7,0.0,-2.4,2.19,41.7,827.0,92.2,51.5,143.7,32.4,801.6,1.97,115.5,0.0,0,0,"time.struct_time(tm_year=2022, tm_mon=3, tm_mday=1, tm_hour=5, tm_min=13, tm_sec=30, tm_wday=1, tm_yday=60, tm_isdst=-1)",2022-03-01,2022,3,60,1,13
2022-03-01 05:16:00,40.765217,-111.909111,1311.0,-9999.0,-9999.0,-9999.0,13.53,28.56,22.81,17.4,13.0,2.0,26.72,12.0,883.7,0.0,1.8,2.19,41.7,826.6,83.6,48.3,131.9,32.4,801.7,1.96,115.1,0.0,0,0,"time.struct_time(tm_year=2022, tm_mon=3, tm_mday=1, tm_hour=5, tm_min=16, tm_sec=0, tm_wday=1, tm_yday=60, tm_isdst=-1)",2022-03-01,2022,3,60,1,16
2022-03-01 05:18:30,40.765221,-111.909111,1310.6,-9999.0,-9999.0,-9999.0,13.53,28.58,22.8,17.01,14.0,2.0,26.72,12.0,883.6,0.0,-0.8,2.19,41.8,827.0,102.2,56.3,158.5,32.4,801.6,1.97,115.4,0.0,0,0,"time.struct_time(tm_year=2022, tm_mon=3, tm_mday=1, tm_hour=5, tm_min=18, tm_sec=30, tm_wday=1, tm_yday=60, tm_isdst=-1)",2022-03-01,2022,3,60,1,18
2022-03-01 05:21:00,40.765228,-111.909164,1311.2,-9999.0,-9999.0,-9999.0,13.53,28.59,22.77,16.72,18.0,2.0,26.72,12.0,883.8,0.0,2.0,2.19,41.8,826.6,124.8,48.6,173.4,32.4,801.7,1.97,115.1,0.0,0,0,"time.struct_time(tm_year=2022, tm_mon=3, tm_mday=1, tm_hour=5, tm_min=21, tm_sec=0, tm_wday=1, tm_yday=60, tm_isdst=-1)",2022-03-01,2022,3,60,1,21
2022-03-01 05:23:30,40.765213,-111.909149,1311.4,-9999.0,-9999.0,-9999.0,13.53,28.6,22.72,16.56,16.0,2.0,26.72,11.0,883.6,0.0,-2.4,2.18,41.7,827.0,183.8,46.9,230.7,32.4,801.7,1.96,115.2,0.0,0,0,"time.struct_time(tm_year=2022, tm_mon=3, tm_mday=1, tm_hour=5, tm_min=23, tm_sec=30, tm_wday=1, tm_yday=60, tm_isdst=-1)",2022-03-01,2022,3,60,1,23
2022-03-01 05:26:00,40.765217,-111.909126,1312.4,-9999.0,-9999.0,-9999.0,13.52,28.61,22.66,16.7,17.0,2.0,26.72,11.0,883.7,0.0,0.2,2.18,41.8,826.6,214.9,46.1,261.0,32.4,801.7,1.96,115.1,0.0,0,0,"time.struct_time(tm_year=2022, tm_mon=3, tm_mday=1, tm_hour=5, tm_min=26, tm_sec=0, tm_wday=1, tm_yday=60, tm_isdst=-1)",2022-03-01,2022,3,60,1,26
2022-03-01 05:29:35,40.765236,-111.909119,1311.8,-9999.0,-9999.0,-9999.0,13.53,28.62,22.52,17.12,16.0,2.0,26.72,11.0,883.9,0.0,0.5,2.2,41.8,826.6,222.4,42.8,265.2,32.4,801.8,2.03,114.4,0.0,0,0,"time.struct_time(tm_year=2022, tm_mon=3, tm_mday=1, tm_hour=5, tm_min=29, tm_sec=35, tm_wday=1, tm_yday=60, tm_isdst=-1)",2022-03-01,2022,3,60,1,29
2022-03-01 05:32:05,40.765247,-111.909111,1311.0,-9999.0,-9999.0,-9999.0,13.53,28.63,22.44,17.44,16.0,2.0,26.72,11.0,883.7,0.0,-0.1,2.2,41.8,827.1,212.8,57.2,270.0,32.4,801.7,2.03,114.4,0.0,0,0,"time.struct_time(tm_year=2022, tm_mon=3, tm_mday=1, tm_hour=5, tm_min=32, tm_sec=5, tm_wday=1, tm_yday=60, tm_isdst=-1)",2022-03-01,2022,3,60,1,32
2022-03-01 05:34:35,40.765263,-111.909103,1309.2,-9999.0,-9999.0,-9999.0,13.53,28.63,22.34,17.7,16.0,2.0,26.72,12.0,883.7,0.0,-1.2,2.19,41.8,826.7,208.8,41.8,250.6,32.5,801.7,2.03,114.3,0.0,0,0,"time.struct_time(tm_year=2022, tm_mon=3, tm_mday=1, tm_hour=5, tm_min=34, tm_sec=35, tm_wday=1, tm_yday=60, tm_isdst=-1)",2022-03-01,2022,3,60,1,34
2022-03-01 05:37:05,40.765282,-111.909096,1309.5,-9999.0,-9999.0,-9999.0,13.53,28.64,22.24,17.98,13.0,2.0,26.61,12.0,883.6,0.0,-0.6,2.19,41.9,827.0,192.2,43.6,235.8,32.5,801.7,2.03,114.4,0.0,0,0,"time.struct_time(tm_year=2022, tm_mon=3, tm_mday=1, tm_hour=5, tm_min=37, tm_sec=5, tm_wday=1, tm_yday=60, tm_isdst=-1)",2022-03-01,2022,3,60,1,37
2022-03-01 05:39:35,40.765285,-111.909111,1311.5,-9999.0,-9999.0,-9999.0,13.53,28.64,22.16,18.47,14.0,2.0,26.72,12.0,883.6,0.0,-3.1,2.18,41.9,826.7,175.5,37.4,212.9,32.5,801.7,2.03,114.3,0.0,0,0,"time.struct_time(tm_year=2022, tm_mon=3, tm_mday=1, tm_hour=5, tm_min=39, tm_sec=35, tm_wday=1, tm_yday=60, tm_isdst=-1)",2022-03-01,2022,3,60,1,39
2022-03-01 05:42:05,40.765263,-111.909126,1312.6,-9999.0,-9999.0,-9999.0,13.53,28.64,22.06,18.68,17.0,2.0,26.72,12.0,883.9,0.0,-0.8,2.19,41.9,827.1,167.7,48.3,216.0,32.5,801.7,2.03,114.6,0.0,0,0,"time.struct_time(tm_year=2022, tm_mon=3, tm_mday=1, tm_hour=5, tm_min=42, tm_sec=5, tm_wday=1, tm_yday=60, tm_isdst=-1)",2022-03-01,2022,3,60,1,42
2022-03-01 05:44:35,40.76527,-111.909134,1312.9,-9999.0,-9999.0,-9999.0,13.53,28.64,21.98,18.5,23.0,2.0,26.61,12.0,883.7,0.0,0.5,2.2,41.9,826.7,154.9,38.1,193.0,32.5,801.7,2.03,114.2,0.0,0,0,"time.struct_time(tm_year=2022, tm_mon=3, tm_mday=1, tm_hour=5, tm_min=44, tm_sec=35, tm_wday=1, tm_yday=60, tm_isdst=-1)",2022-03-01,2022,3,60,1,44
2022-03-01 05:47:05,40.765278,-111.909126,1312.6,-9999.0,-9999.0,-9999.0,13.53,28.64,21.9,18.08,17.0,2.0,26.61,12.0,883.7,0.0,0.4,2.19,41.9,827.1,144.0,38.2,182.2,32.5,801.7,2.03,114.4,0.0,0,0,"time.struct_time(tm_year=2022, tm_mon=3, tm_mday=1, tm_hour=5, tm_min=47, tm_sec=5, tm_wday=1, tm_yday=60, tm_isdst=-1)",2022-03-01,2022,3,60,1,47
2022-03-01 05:49:35,40.765263,-111.909103,1307.6,-9999.0,-9999.0,-9999.0,13.53,28.64,21.82,17.58,14.0,2.0,26.72,12.0,883.8,0.0,-2.5,2.19,41.9,826.6,131.2,33.3,164.5,32.5,801.7,2.03,114.5,0.0,0,0,"time.struct_time(tm_year=2022, tm_mon=3, tm_mday=1, tm_hour=5, tm_min=49, tm_sec=35, tm_wday=1, tm_yday=60, tm_isdst=-1)",2022-03-01,2022,3,60,1,49
2022-03-01 05:52:20,40.765308,-111.909119,1308.9,-9999.0,-9999.0,-9999.0,13.52,28.63,21.74,18.23,12.0,2.0,26.61,12.0,883.7,0.0,-0.7,2.2,41.9,826.6,133.7,40.9,174.6,32.5,801.6,2.03,114.4,0.0,0,0,"time.struct_time(tm_year=2022, tm_mon=3, tm_mday=1, tm_hour=5, tm_min=52, tm_sec=20, tm_wday=1, tm_yday=60, tm_isdst=-1)",2022-03-01,2022,3,60,1,52
2022-03-01 05:54:50,40.765335,-111.909203,1313.2,-9999.0,-9999.0,-9999.0,13.53,28.63,21.65,18.14,15.0,2.0,26.61,12.0,883.8,0.0,0.4,2.2,41.9,827.1,120.7,44.0,164.7,32.5,801.7,2.03,114.3,0.0,0,0,"time.struct_time(tm_year=2022, tm_mon=3, tm_mday=1, tm_hour=5, tm_min=54, tm_sec=50, tm_wday=1, tm_yday=60, tm_isdst=-1)",2022-03-01,2022,3,60,1,54
2022-03-01 05:57:20,40.765427,-111.909142,1315.6,-9999.0,-9999.0,-9999.0,13.53,28.62,21.6,17.88,11.0,2.0,26.61,11.0,883.6,0.0,-1.0,2.19,41.9,826.7,116.9,43.1,160.0,32.5,801.7,2.03,114.6,0.0,0,0,"time.struct_time(tm_year=2022, tm_mon=3, tm_mday=1, tm_hour=5, tm_min=57, tm_sec=20, tm_wday=1, tm_yday=60, tm_isdst=-1)",2022-03-01,2022,3,60,1,57
2022-03-01 05:59:50,40.765369,-111.90921,1314.5,-9999.0,-9999.0,-9999.0,13.53,28.62,21.55,17.78,12.0,2.0,26.61,11.0,883.6,0.0,1.1,2.19,41.9,827.1,112.5,45.5,158.0,32.5,801.7,2.03,114.4,0.0,0,0,"time.struct_time(tm_year=2022, tm_mon=3, tm_mday=1, tm_hour=5, tm_min=59, tm_sec=50, tm_wday=1, tm_yday=60, tm_isdst=-1)",2022-03-01,2022,3,60,1,59
2022-03-01 06:02:20,40.765347,-111.909157,1315.0,-9999.0,-9999.0,-9999.0,13.53,28.61,21.51,17.56,12.0,2.0,26.61,11.0,883.8,0.0,-0.5,2.19,41.9,826.7,112.3,37.9,150.2,32.5,801.6,2.03,114.4,0.0,0,0,"time.struct_time(tm_year=2022, tm_mon=3, tm_mday=1, tm_hour=6, tm_min=2, tm_sec=20, tm_wday=1, tm_yday=60, tm_isdst=-1)",2022-03-01,2022,3,60,1,2
2022-03-01 06:04:50,40.765377,-111.909126,1315.2,-9999.0,-9999.0,-9999.0,13.53,28.6,21.47,17.45,11.0,2.0,26.61,11.0,883.9,0.0,1.7,2.2,41.9,827.2,103.8,41.5,145.3,32.5,801.7,2.03,114.3,0.0,0,0,"time.struct_time(tm_year=2022, tm_mon=3, tm_mday=1, tm_hour=6, tm_min=4, tm_sec=50, tm_wday=1, tm_yday=60, tm_isdst=-1)",2022-03-01,2022,3,60,1,4
2022-03-01 06:07:20,40.765236,-111.909142,1315.6,-9999.0,-9999.0,-9999.0,13.53,28.59,21.46,17.4,9.0,2.0,26.61,11.0,883.9,0.0,1.7,2.19,41.9,826.8,100.2,42.3,142.5,32.5,801.7,2.03,114.3,0.0,0,0,"time.struct_time(tm_year=2022, tm_mon=3, tm_mday=1, tm_hour=6, tm_min=7, tm_sec=20, tm_wday=1, tm_yday=60, tm_isdst=-1)",2022-03-01,2022,3,60,1,7
2022-03-01 06:09:50,40.765327,-111.909035,1315.6,-9999.0,-9999.0,-9999.0,13.53,28.59,21.43,17.4,11.0,2.0,26.61,11.0,883.6,0.0,0.2,2.19,41.9,827.0,102.3,40.1,142.4,32.5,801.7,2.03,114.2,0.0,0,0,"time.struct_time(tm_year=2022, tm_mon=3, tm_mday=1, tm_hour=6, tm_min=9, tm_sec=50, tm_wday=1, tm_yday=60, tm_isdst=-1)",2022-03-01,2022,3,60,1,9
2022-03-01 06:12:20,40.765388,-111.909172,1314.4,-9999.0,-9999.0,-9999.0,13.53,28.58,21.37,17.34,10.0,2.0,26.5,11.0,883.9,0.0,1.9,2.19,41.9,826.7,97.1,49.4,146.5,32.5,801.8,2.03,114.4,0.0,0,0,"time.struct_time(tm_year=2022, tm_mon=3, tm_mday=1, tm_hour=6, tm_min=12, tm_sec=20, tm_wday=1, tm_yday=60, tm_isdst=-1)",2022-03-01,2022,3,60,1,12
2022-03-01 06:14:50,40.765305,-111.909157,1313.4,-9999.0,-9999.0,-9999.0,13.53,28.57,21.37,17.31,10.0,2.0,26.61,11.0,883.6,0.0,-0.7,2.2,41.9,827.0,83.9,40.8,124.7,32.5,801.6,2.03,114.3,0.0,0,0,"time.struct_time(tm_year=2022, tm_mon=3, tm_mday=1, tm_hour=6, tm_min=14, tm_sec=50, tm_wday=1, tm_yday=60, tm_isdst=-1)",2022-03-01,2022,3,60,1,14
2022-03-01 06:17:20,40.765285,-111.909134,1311.4,-9999.0,-9999.0,-9999.0,13.53,28.57,21.33,17.26,11.0,2.0,26.61,11.0,883.8,0.0,0.6,2.19,41.9,826.6,82.8,42.3,125.1,32.5,801.5,2.03,114.4,0.0,0,0,"time.struct_time(tm_year=2022, tm_mon=3, tm_mday=1, tm_hour=6, tm_min=17, tm_sec=20, tm_wday=1, tm_yday=60, tm_isdst=-1)",2022-03-01,2022,3,60,1,17
2022-03-01 06:19:50,40.765293,-111.909103,1310.4,-9999.0,-9999.0,-9999.0,13.53,28.56,21.31,17.31,12.0,2.0,26.5,11.0,883.6,0.0,0.2,2.18,41.9,827.0,82.5,38.2,120.7,32.5,801.5,2.04,114.3,0.0,0,0,"time.struct_time(tm_year=2022, tm_mon=3, tm_mday=1, tm_hour=6, tm_min=19, tm_sec=50, tm_wday=1, tm_yday=60, tm_isdst=-1)",2022-03-01,2022,3,60,1,19
2022-03-01 06:22:20,40.765274,-111.909111,1309.6,-9999.0,-9999.0,-9999.0,13.53,28.55,21.32,17.42,11.0,2.0,26.5,11.0,883.5,0.0,-0.2,2.19,41.9,826.5,78.2,32.0,110.2,32.5,801.4,2.03,114.6,0.0,0,0,"time.struct_time(tm_year=2022, tm_mon=3, tm_mday=1, tm_hour=6, tm_min=22, tm_sec=20, tm_wday=1, tm_yday=60, tm_isdst=-1)",2022-03-01,2022,3,60,1,22
2022-03-01 06:24:50,40.765209,-111.909225,1309.4,-9999.0,-9999.0,-9999.0,13.53,28.53,21.29,17.92,13.0,2.0,26.5,11.0,883.5,0.0,-1.5,2.19,41.9,827.0,86.1,39.6,125.7,32.5,801.6,2.03,114.4,0.0,0,0,"time.struct_time(tm_year=2022, tm_mon=3, tm_mday=1, tm_hour=6, tm_min=24, tm_sec=50, tm_wday=1, tm_yday=60, tm_isdst=-1)",2022-03-01,2022,3,60,1,24
2022-03-01 06:27:20,40.765266,-111.909149,1309.0,-9999.0,-9999.0,-9999.0,13.53,28.53,21.28,18.1,11.0,2.0,26.5,11.0,883.4,0.0,3.6,2.2,41.8,826.6,87.1,31.2,118.3,32.5,801.5,2.03,114.7,0.0,0,0,"time.struct_time(tm_year=2022, tm_mon=3, tm_mday=1, tm_hour=6, tm_min=27, tm_sec=20, tm_wday=1, tm_yday=60, tm_isdst=-1)",2022-03-01,2022,3,60,1,27
2022-03-01 06:30:55,40.765301,-111.909111,1309.1,-9999.0,-9999.0,-9999.0,13.53,28.51,21.3,18.7,11.0,2.0,26.5,11.0,883.6,0.0,0.8,2.21,41.8,826.5,88.0,43.4,131.4,32.5,801.4,1.97,114.1,0.0,0,0,"time.struct_time(tm_year=2022, tm_mon=3, tm_mday=1, tm_hour=6, tm_min=30, tm_sec=55, tm_wday=1, tm_yday=60, tm_isdst=-1)",2022-03-01,2022,3,60,1,30
2022-03-01 06:33:25,40.765316,-111.909065,1309.7,-9999.0,-9999.0,-9999.0,13.53,28.5,21.3,18.67,10.0,2.0,26.5,12.0,883.5,0.0,-1.0,2.19,41.8,826.9,173.1,35.1,208.2,32.5,801.4,1.97,114.2,0.0,0,0,"time.struct_time(tm_year=2022, tm_mon=3, tm_mday=1, tm_hour=6, tm_min=33, tm_sec=25, tm_wday=1, tm_yday=60, tm_isdst=-1)",2022-03-01,2022,3,60,1,33
2022-03-01 06:35:55,40.765324,-111.909065,1309.5,-9999.0,-9999.0,-9999.0,13.52,28.49,21.28,18.5,11.0,2.0,26.5,11.0,883.6,0.0,-1.5,2.19,41.8,826.5,132.2,37.9,170.1,32.5,801.5,1.96,113.9,0.0,0,0,"time.struct_time(tm_year=2022, tm_mon=3, tm_mday=1, tm_hour=6, tm_min=35, tm_sec=55, tm_wday=1, tm_yday=60, tm_isdst=-1)",2022-03-01,2022,3,60,1,35
2022-03-01 06:38:25,40.76527,-111.909019,1308.7,-9999.0,-9999.0,-9999.0,13.52,28.48,21.28,19.15,10.0,2.0,26.39,11.0,883.3,0.0,-1.0,2.19,41.8,826.8,132.9,30.7,163.6,32.5,801.4,1.97,114.0,0.0,0,0,"time.struct_time(tm_year=2022, tm_mon=3, tm_mday=1, tm_hour=6, tm_min=38, tm_sec=25, tm_wday=1, tm_yday=60, tm_isdst=-1)",2022-03-01,2022,3,60,1,38
2022-03-01 06:40:55,40.765217,-111.909248,1308.3,-9999.0,-9999.0,-9999.0,13.53,28.48,21.28,17.26,9.0,2.0,26.5,11.0,883.5,0.0,1.4,2.2,41.8,826.5,121.5,30.0,151.5,32.5,801.4,1.97,114.0,0.0,0,0,"time.struct_time(tm_year=2022, tm_mon=3, tm_mday=1, tm_hour=6, tm_min=40, tm_sec=55, tm_wday=1, tm_yday=60, tm_isdst=-1)",2022-03-01,2022,3,60,1,40
2022-03-01 06:43:25,40.765175,-111.909264,1308.6,-9999.0,-9999.0,-9999.0,13.53,28.47,21.28,16.96,9.0,2.0,26.5,11.0,883.4,0.0,-0.4,2.19,41.8,826.8,90.1,40.9,131.0,32.5,801.4,1.97,114.2,0.0,0,0,"time.struct_time(tm_year=2022, tm_mon=3, tm_mday=1, tm_hour=6, tm_min=43, tm_sec=25, tm_wday=1, tm_yday=60, tm_isdst=-1)",2022-03-01,2022,3,60,1,43
2022-03-01 06:45:55,40.765259,-111.909126,1308.0,-9999.0,-9999.0,-9999.0,13.53,28.46,21.26,17.26,9.0,2.0,26.39,11.0,883.4,0.0,0.3,2.19,41.8,826.4,93.9,32.5,126.4,32.5,801.3,1.96,114.1,0.0,0,0,"time.struct_time(tm_year=2022, tm_mon=3, tm_mday=1, tm_hour=6, tm_min=45, tm_sec=55, tm_wday=1, tm_yday=60, tm_isdst=-1)",2022-03-01,2022,3,60,1,45
2022-03-01 06:48:25,40.765259,-111.909088,1307.9,-9999.0,-9999.0,-9999.0,13.52,28.45,21.26,16.78,9.0,2.0,26.39,11.0,883.6,0.0,2.4,2.18,41.8,826.8,89.3,33.2,122.5,32.5,801.4,1.96,113.9,0.0,0,0,"time.struct_time(tm_year=2022, tm_mon=3, tm_mday=1, tm_hour=6, tm_min=48, tm_sec=25, tm_wday=1, tm_yday=60, tm_isdst=-1)",2022-03-01,2022,3,60,1,48
2022-03-01 06:50:55,40.765278,-111.909073,1307.9,-9999.0,-9999.0,-9999.0,13.53,28.44,21.24,17.3,10.0,2.0,26.39,11.0,883.5,0.0,0.9,2.2,41.8,826.3,94.3,26.7,121.0,32.5,801.3,1.97,113.9,0.0,0,0,"time.struct_time(tm_year=2022, tm_mon=3, tm_mday=1, tm_hour=6, tm_min=50, tm_sec=55, tm_wday=1, tm_yday=60, tm_isdst=-1)",2022-03-01,2022,3,60,1,50
2022-03-01 06:53:25,40.765331,-111.909088,1307.7,-9999.0,-9999.0,-9999.0,13.53,28.43,21.24,17.18,11.0,2.0,26.39,11.0,883.5,0.0,0.5,2.2,41.8,826.7,86.9,32.5,119.4,32.5,801.2,1.96,114.1,0.0,0,0,"time.struct_time(tm_year=2022, tm_mon=3, tm_mday=1, tm_hour=6, tm_min=53, tm_sec=25, tm_wday=1, tm_yday=60, tm_isdst=-1)",2022-03-01,2022,3,60,1,53
2022-03-01 06:55:55,40.765251,-111.909035,1307.5,-9999.0,-9999.0,-9999.0,13.53,28.42,21.24,16.96,8.0,2.0,26.39,11.0,883.2,0.0,0.9,2.19,41.7,826.3,77.8,33.5,111.3,32.5,801.2,1.97,113.9,0.0,0,0,"time.struct_time(tm_year=2022, tm_mon=3, tm_mday=1, tm_hour=6, tm_min=55, tm_sec=55, tm_wday=1, tm_yday=60, tm_isdst=-1)",2022-03-01,2022,3,60,1,55
2022-03-01 06:58:25,40.765289,-111.909065,1306.5,-9999.0,-9999.0,-9999.0,13.52,28.41,21.24,17.13,9.0,2.0,26.39,11.0,883.4,0.0,0.6,2.19,41.7,826.7,82.2,31.9,114.1,32.5,801.2,1.97,114.1,0.0,0,0,"time.struct_time(tm_year=2022, tm_mon=3, tm_mday=1, tm_hour=6, tm_min=58, tm_sec=25, tm_wday=1, tm_yday=60, tm_isdst=-1)",2022-03-01,2022,3,60,1,58
2022-03-01 07:00:55,40.765282,-111.909103,1306.2,-9999.0,-9999.0,-9999.0,13.53,28.41,21.24,16.7,8.0,2.0,26.39,11.0,883.4,0.0,3.4,2.2,41.7,826.3,79.1,27.4,106.5,32.5,801.2,1.97,114.1,0.0,0,0,"time.struct_time(tm_year=2022, tm_mon=3, tm_mday=1, tm_hour=7, tm_min=0, tm_sec=55, tm_wday=1, tm_yday=60, tm_isdst=-1)",2022-03-01,2022,3,60,1,0
2022-03-01 07:03:25,40.765297,-111.909126,1305.7,-9999.0,-9999.0,-9999.0,13.52,28.4,21.26,16.82,8.0,2.0,26.39,11.0,883.4,0.0,-2.6,2.19,41.7,826.7,80.6,22.1,102.7,32.5,801.2,1.97,114.0,0.0,0,0,"time.struct_time(tm_year=2022, tm_mon=3, tm_mday=1, tm_hour=7, tm_min=3, tm_sec=25, tm_wday=1, tm_yday=60, tm_isdst=-1)",2022-03-01,2022,3,60,1,3
2022-03-01 07:05:55,40.76532,-111.909019,1305.7,-9999.0,-9999.0,-9999.0,13.52,28.39,21.26,16.56,8.0,2.0,26.39,11.0,883.3,0.0,-0.0,2.19,41.7,826.3,68.6,27.9,96.5,32.5,801.2,1.96,113.7,0.0,0,0,"time.struct_time(tm_year=2022, tm_mon=3, tm_mday=1, tm_hour=7, tm_min=5, tm_sec=55, tm_wday=1, tm_yday=60, tm_isdst=-1)",2022-03-01,2022,3,60,1,5
2022-03-01 07:08:25,40.765297,-111.909157,1304.9,-9999.0,-9999.0,-9999.0,13.52,28.38,21.28,16.58,7.0,2.0,26.39,11.0,883.4,0.0,-1.8,2.19,41.7,826.6,67.9,27.6,95.5,32.5,801.2,1.96,114.1,0.0,0,0,"time.struct_time(tm_year=2022, tm_mon=3, tm_mday=1, tm_hour=7, tm_min=8, tm_sec=25, tm_wday=1, tm_yday=60, tm_isdst=-1)",2022-03-01,2022,3,60,1,8
2022-03-01 07:10:55,40.765331,-111.90921,1304.9,-9999.0,-9999.0,-9999.0,13.53,28.37,21.28,16.54,8.0,2.0,26.39,11.0,883.2,0.0,0.4,2.19,41.7,826.3,65.6,22.2,87.8,32.5,801.2,1.97,114.0,0.0,0,0,"time.struct_time(tm_year=2022, tm_mon=3, tm_mday=1, tm_hour=7, tm_min=10, tm_sec=55, tm_wday=1, tm_yday=60, tm_isdst=-1)",2022-03-01,2022,3,60,1,10
2022-03-01 07:13:25,40.765305,-111.909218,1303.8,-9999.0,-9999.0,-9999.0,13.52,28.37,21.26,16.94,9.0,2.0,26.39,11.0,883.1,0.0,-3.6,2.19,41.7,826.6,168.8,32.3,201.1,32.5,801.2,1.97,114.0,0.0,0,0,"time.struct_time(tm_year=2022, tm_mon=3, tm_mday=1, tm_hour=7, tm_min=13, tm_sec=25, tm_wday=1, tm_yday=60, tm_isdst=-1)",2022-03-01,2022,3,60,1,13
2022-03-01 07:15:55,40.765228,-111.909195,1302.8,-9999.0,-9999.0,-9999.0,13.53,28.36,21.22,16.03,8.0,2.0,26.39,11.0,883.2,0.0,-1.1,2.2,41.7,826.2,139.8,32.5,172.3,32.5,801.0,1.97,114.2,0.0,0,0,"time.struct_time(tm_year=2022, tm_mon=3, tm_mday=1, tm_hour=7, tm_min=15, tm_sec=55, tm_wday=1, tm_yday=60, tm_isdst=-1)",2022-03-01,2022,3,60,1,15
2022-03-01 07:18:25,40.765327,-111.909164,1302.2,-9999.0,-9999.0,-9999.0,13.52,28.36,21.18,15.85,7.0,2.0,26.28,11.0,883.2,0.0,-1.2,2.18,41.6,826.6,122.5,34.5,157.0,32.5,801.2,1.97,114.1,0.0,0,0,"time.struct_time(tm_year=2022, tm_mon=3, tm_mday=1, tm_hour=7, tm_min=18, tm_sec=25, tm_wday=1, tm_yday=60, tm_isdst=-1)",2022-03-01,2022,3,60,1,18
2022-03-01 07:20:55,40.765339,-111.909195,1302.3,-9999.0,-9999.0,-9999.0,13.53,28.35,21.14,15.67,8.0,2.0,26.28,10.0,883.3,0.0,-0.8,2.19,41.6,826.3,109.1,30.9,140.0,32.5,801.2,1.97,114.1,0.0,0,0,"time.struct_time(tm_year=2022, tm_mon=3, tm_mday=1, tm_hour=7, tm_min=20, tm_sec=55, tm_wday=1, tm_yday=60, tm_isdst=-1)",2022-03-01,2022,3,60,1,20
2022-03-01 07:23:25,40.76527,-111.909149,1302.3,-9999.0,-9999.0,-9999.0,13.52,28.34,21.12,15.49,8.0,2.0,26.28,10.0,883.1,0.0,-2.9,2.18,41.6,826.7,98.8,33.9,132.7,32.5,801.2,1.97,114.1,0.0,0,0,"time.struct_time(tm_year=2022, tm_mon=3, tm_mday=1, tm_hour=7, tm_min=23, tm_sec=25, tm_wday=1, tm_yday=60, tm_isdst=-1)",2022-03-01,2022,3,60,1,23
2022-03-01 07:25:55,40.765282,-111.909134,1302.2,-9999.0,-9999.0,-9999.0,13.53,28.33,21.08,15.51,8.0,2.0,26.28,10.0,883.3,0.0,-0.8,2.19,41.6,826.2,90.2,24.9,115.1,32.5,801.1,1.97,114.2,0.0,0,0,"time.struct_time(tm_year=2022, tm_mon=3, tm_mday=1, tm_hour=7, tm_min=25, tm_sec=55, tm_wday=1, tm_yday=60, tm_isdst=-1)",2022-03-01,2022,3,60,1,25
2022-03-01 07:28:25,40.76524,-111.909081,1302.1,-9999.0,-9999.0,-9999.0,13.53,28.32,21.08,15.39,8.0,2.0,26.28,10.0,883.4,0.0,-0.8,2.19,41.6,826.6,76.0,28.1,104.1,32.5,801.2,1.97,114.1,0.0,0,0,"time.struct_time(tm_year=2022, tm_mon=3, tm_mday=1, tm_hour=7, tm_min=28, tm_sec=25, tm_wday=1, tm_yday=60, tm_isdst=-1)",2022-03-01,2022,3,60,1,28
2022-03-01 07:32:00,40.765186,-111.909134,1301.9,-9999.0,-9999.0,-9999.0,13.53,28.3,21.06,15.31,7.0,2.0,26.28,10.0,883.2,0.0,0.8,2.19,41.6,826.3,68.5,21.5,90.0,32.5,801.2,1.97,115.4,0.0,0,0,"time.struct_time(tm_year=2022, tm_mon=3, tm_mday=1, tm_hour=7, tm_min=32, tm_sec=0, tm_wday=1, tm_yday=60, tm_isdst=-1)",2022-03-01,2022,3,60,1,32
2022-03-01 07:34:30,40.765228,-111.909149,1301.9,-9999.0,-9999.0,-9999.0,13.52,28.3,21.06,15.15,7.0,2.0,26.28,10.0,883.3,0.0,-1.4,2.19,41.6,826.3,60.0,27.8,87.8,32.5,801.2,1.97,115.0,0.0,0,0,"time.struct_time(tm_year=2022, tm_mon=3, tm_mday=1, tm_hour=7, tm_min=34, tm_sec=30, tm_wday=1, tm_yday=60, tm_isdst=-1)",2022-03-01,2022,3,60,1,34
2022-03-01 07:37:00,40.76524,-111.909058,1301.9,-9999.0,-9999.0,-9999.0,13.53,28.29,21.04,15.18,5.0,2.0,26.22,10.0,883.6,0.0,-1.0,2.2,41.6,826.4,58.0,31.6,89.6,32.5,801.2,1.97,115.2,0.0,0,0,"time.struct_time(tm_year=2022, tm_mon=3, tm_mday=1, tm_hour=7, tm_min=37, tm_sec=0, tm_wday=1, tm_yday=60, tm_isdst=-1)",2022-03-01,2022,3,60,1,37
2022-03-01 07:39:30,40.765285,-111.909096,1301.6,-9999.0,-9999.0,-9999.0,13.53,28.28,21.06,14.83,7.0,2.0,26.28,10.0,883.3,0.0,-1.5,2.18,41.6,826.4,50.5,32.8,83.3,32.5,801.3,1.97,115.3,0.0,0,0,"time.struct_time(tm_year=2022, tm_mon=3, tm_mday=1, tm_hour=7, tm_min=39, tm_sec=30, tm_wday=1, tm_yday=60, tm_isdst=-1)",2022-03-01,2022,3,60,1,39
2022-03-01 07:42:00,40.765244,-111.909103,1301.7,-9999.0,-9999.0,-9999.0,13.53,28.27,21.04,14.93,7.0,2.0,26.28,10.0,883.6,0.0,-2.6,2.19,41.6,826.5,48.1,27.1,75.2,32.5,801.3,1.97,115.4,0.0,0,0,"time.struct_time(tm_year=2022, tm_mon=3, tm_mday=1, tm_hour=7, tm_min=42, tm_sec=0, tm_wday=1, tm_yday=60, tm_isdst=-1)",2022-03-01,2022,3,60,1,42
2022-03-01 07:44:30,40.765293,-111.909119,1299.0,-9999.0,-9999.0,-9999.0,13.53,28.26,21.04,14.99,6.0,2.0,26.28,10.0,883.7,0.0,-0.4,2.18,41.6,826.5,52.3,25.8,78.1,32.5,801.3,1.97,115.5,0.0,0,0,"time.struct_time(tm_year=2022, tm_mon=3, tm_mday=1, tm_hour=7, tm_min=44, tm_sec=30, tm_wday=1, tm_yday=60, tm_isdst=-1)",2022-03-01,2022,3,60,1,44
2022-03-01 07:47:00,40.765232,-111.909035,1299.2,-9999.0,-9999.0,-9999.0,13.53,28.25,21.03,15.07,7.0,2.0,26.28,10.0,883.6,0.0,-0.6,2.18,41.5,826.5,44.1,26.1,70.2,32.4,801.4,1.97,114.9,0.0,0,0,"time.struct_time(tm_year=2022, tm_mon=3, tm_mday=1, tm_hour=7, tm_min=47, tm_sec=0, tm_wday=1, tm_yday=60, tm_isdst=-1)",2022-03-01,2022,3,60,1,47
2022-03-01 07:49:30,40.765251,-111.909065,1298.8,-9999.0,-9999.0,-9999.0,13.53,28.24,21.03,14.89,6.0,2.0,26.28,10.0,883.4,0.0,-0.4,2.18,41.5,826.4,44.1,30.7,74.8,32.4,801.4,1.97,115.5,0.0,0,0,"time.struct_time(tm_year=2022, tm_mon=3, tm_mday=1, tm_hour=7, tm_min=49, tm_sec=30, tm_wday=1, tm_yday=60, tm_isdst=-1)",2022-03-01,2022,3,60,1,49
2022-03-01 07:52:00,40.765244,-111.909119,1299.6,-9999.0,-9999.0,-9999.0,13.52,28.23,21.05,14.87,6.0,2.0,26.22,10.0,883.7,0.0,-0.3,2.21,41.5,826.6,37.9,22.7,60.6,32.4,801.4,1.97,115.6,0.0,0,0,"time.struct_time(tm_year=2022, tm_mon=3, tm_mday=1, tm_hour=7, tm_min=52, tm_sec=0, tm_wday=1, tm_yday=60, tm_isdst=-1)",2022-03-01,2022,3,60,1,52
2022-03-01 07:54:30,40.765251,-111.909073,1300.5,-9999.0,-9999.0,-9999.0,13.53,28.22,21.05,14.85,6.0,2.0,26.22,10.0,883.6,0.0,-4.6,2.19,41.5,826.5,33.6,34.3,67.9,32.4,801.4,1.97,115.4,0.0,0,0,"time.struct_time(tm_year=2022, tm_mon=3, tm_mday=1, tm_hour=7, tm_min=54, tm_sec=30, tm_wday=1, tm_yday=60, tm_isdst=-1)",2022-03-01,2022,3,60,1,54
2022-03-01 07:57:00,40.765236,-111.909058,1300.0,-9999.0,-9999.0,-9999.0,13.53,28.21,21.05,14.78,6.0,2.0,26.28,10.0,883.5,0.0,0.4,2.19,41.5,826.5,44.1,30.8,74.9,32.4,801.4,1.97,115.5,0.0,0,0,"time.struct_time(tm_year=2022, tm_mon=3, tm_mday=1, tm_hour=7, tm_min=57, tm_sec=0, tm_wday=1, tm_yday=60, tm_isdst=-1)",2022-03-01,2022,3,60,1,57
2022-03-01 07:59:30,40.765308,-111.909119,1297.3,-9999.0,-9999.0,-9999.0,13.53,28.2,21.03,14.77,6.0,2.0,26.22,10.0,883.7,0.0,-1.2,2.19,41.5,826.5,36.2,29.0,65.2,32.4,801.5,1.97,115.1,0.0,0,0,"time.struct_time(tm_year=2022, tm_mon=3, tm_mday=1, tm_hour=7, tm_min=59, tm_sec=30, tm_wday=1, tm_yday=60, tm_isdst=-1)",2022-03-01,2022,3,60,1,59
2022-03-01 08:02:00,40.765305,-111.909027,1295.9,-9999.0,-9999.0,-9999.0,13.53,28.19,21.03,14.72,6.0,2.0,26.28,10.0,883.6,0.0,0.0,2.19,41.5,826.5,37.5,27.5,65.0,32.4,801.5,1.97,115.3,0.0,0,0,"time.struct_time(tm_year=2022, tm_mon=3, tm_mday=1, tm_hour=8, tm_min=2, tm_sec=0, tm_wday=1, tm_yday=60, tm_isdst=-1)",2022-03-01,2022,3,60,1,2
2022-03-01 08:04:30,40.765251,-111.908913,1297.1,-9999.0,-9999.0,-9999.0,13.53,28.18,21.03,14.63,6.0,2.0,26.22,10.0,883.8,0.0,-3.1,2.19,41.5,826.6,37.8,24.8,62.6,32.4,801.4,1.97,115.5,0.0,0,0,"time.struct_time(tm_year=2022, tm_mon=3, tm_mday=1, tm_hour=8, tm_min=4, tm_sec=30, tm_wday=1, tm_yday=60, tm_isdst=-1)",2022-03-01,2022,3,60,1,4
2022-03-01 08:07:00,40.765217,-111.909103,1295.6,-9999.0,-9999.0,-9999.0,13.53,28.17,21.01,14.58,6.0,2.0,26.28,10.0,883.7,0.0,-0.9,2.19,41.5,826.6,38.5,33.0,71.5,32.4,801.6,1.97,115.4,0.0,0,0,"time.struct_time(tm_year=2022, tm_mon=3, tm_mday=1, tm_hour=8, tm_min=7, tm_sec=0, tm_wday=1, tm_yday=60, tm_isdst=-1)",2022-03-01,2022,3,60,1,7
2022-03-01 08:09:30,40.765255,-111.909126,1294.7,-9999.0,-9999.0,-9999.0,13.53,28.16,21.02,14.49,6.0,2.0,26.22,10.0,883.7,0.0,1.9,2.2,41.5,826.6,38.9,25.7,64.6,32.4,801.5,1.97,115.3,0.0,0,0,"time.struct_time(tm_year=2022, tm_mon=3, tm_mday=1, tm_hour=8, tm_min=9, tm_sec=30, tm_wday=1, tm_yday=60, tm_isdst=-1)",2022-03-01,2022,3,60,1,9
2022-03-01 08:12:00,40.765251,-111.909134,1294.6,-9999.0,-9999.0,-9999.0,13.53,28.15,20.99,14.43,5.0,2.0,26.22,10.0,883.7,0.0,-1.6,2.18,41.5,826.6,38.1,24.9,63.0,32.4,801.7,1.97,115.2,0.0,0,0,"time.struct_time(tm_year=2022, tm_mon=3, tm_mday=1, tm_hour=8, tm_min=12, tm_sec=0, tm_wday=1, tm_yday=60, tm_isdst=-1)",2022-03-01,2022,3,60,1,12
2022-03-01 08:14:30,40.765282,-111.909126,1295.0,-9999.0,-9999.0,-9999.0,13.53,28.14,20.99,14.4,6.0,2.0,26.22,10.0,883.9,0.0,-0.2,2.18,41.5,826.7,37.2,24.5,61.7,32.4,801.5,1.97,115.8,0.0,0,0,"time.struct_time(tm_year=2022, tm_mon=3, tm_mday=1, tm_hour=8, tm_min=14, tm_sec=30, tm_wday=1, tm_yday=60, tm_isdst=-1)",2022-03-01,2022,3,60,1,14
2022-03-01 08:17:00,40.76532,-111.909073,1296.1,-9999.0,-9999.0,-9999.0,13.53,28.13,20.99,14.26,6.0,2.0,26.22,10.0,883.8,0.0,-0.5,2.18,41.4,826.7,29.8,31.0,60.8,32.4,801.6,1.97,115.5,0.0,0,0,"time.struct_time(tm_year=2022, tm_mon=3, tm_mday=1, tm_hour=8, tm_min=17, tm_sec=0, tm_wday=1, tm_yday=60, tm_isdst=-1)",2022-03-01,2022,3,60,1,17
2022-03-01 08:19:30,40.765335,-111.909103,1296.4,-9999.0,-9999.0,-9999.0,13.52,28.12,20.97,14.38,6.0,2.0,26.22,10.0,883.8,0.0,-3.5,2.18,41.4,826.7,31.7,34.6,66.3,32.4,801.6,1.97,115.5,0.0,0,0,"time.struct_time(tm_year=2022, tm_mon=3, tm_mday=1, tm_hour=8, tm_min=19, tm_sec=30, tm_wday=1, tm_yday=60, tm_isdst=-1)",2022-03-01,2022,3,60,1,19
2022-03-01 08:22:00,40.765278,-111.909103,1296.4,-9999.0,-9999.0,-9999.0,13.53,28.11,20.97,14.4,6.0,2.0,26.22,10.0,883.7,0.0,-1.1,2.18,41.4,826.7,34.2,26.8,61.0,32.4,801.6,1.97,115.4,0.0,0,0,"time.struct_time(tm_year=2022, tm_mon=3, tm_mday=1, tm_hour=8, tm_min=22, tm_sec=0, tm_wday=1, tm_yday=60, tm_isdst=-1)",2022-03-01,2022,3,60,1,22
2022-03-01 08:24:30,40.765293,-111.909126,1295.2,-9999.0,-9999.0,-9999.0,13.53,28.11,21.02,14.39,7.0,2.0,26.22,10.0,883.6,0.0,-2.4,2.19,41.4,826.6,25.8,26.8,52.6,32.4,801.6,1.97,115.4,0.0,0,0,"time.struct_time(tm_year=2022, tm_mon=3, tm_mday=1, tm_hour=8, tm_min=24, tm_sec=30, tm_wday=1, tm_yday=60, tm_isdst=-1)",2022-03-01,2022,3,60,1,24
2022-03-01 08:27:00,40.765221,-111.909119,1295.1,-9999.0,-9999.0,-9999.0,13.52,28.1,20.95,14.22,6.0,2.0,26.22,10.0,883.7,0.0,-2.4,2.18,41.4,826.7,28.9,31.6,60.5,32.4,801.5,1.97,115.5,0.0,0,0,"time.struct_time(tm_year=2022, tm_mon=3, tm_mday=1, tm_hour=8, tm_min=27, tm_sec=0, tm_wday=1, tm_yday=60, tm_isdst=-1)",2022-03-01,2022,3,60,1,27
2022-03-01 08:29:30,40.765202,-111.909157,1294.7,-9999.0,-9999.0,-9999.0,13.53,28.09,20.93,14.26,6.0,2.0,26.22,10.0,883.9,0.0,1.2,2.19,41.4,826.6,26.5,34.7,61.2,32.4,801.6,1.97,115.5,0.0,0,0,"time.struct_time(tm_year=2022, tm_mon=3, tm_mday=1, tm_hour=8, tm_min=29, tm_sec=30, tm_wday=1, tm_yday=60, tm_isdst=-1)",2022-03-01,2022,3,60,1,29
2022-03-01 08:33:05,40.765213,-111.909164,1293.8,-9999.0,-9999.0,-9999.0,13.53,28.08,20.93,14.12,6.0,2.0,26.22,10.0,883.9,0.0,0.2,2.19,41.4,827.0,31.9,23.9,55.8,32.4,801.5,2.04,114.8,0.0,0,0,"time.struct_time(tm_year=2022, tm_mon=3, tm_mday=1, tm_hour=8, tm_min=33, tm_sec=5, tm_wday=1, tm_yday=60, tm_isdst=-1)",2022-03-01,2022,3,60,1,33
2022-03-01 08:35:35,40.765213,-111.909172,1295.4,-9999.0,-9999.0,-9999.0,13.53,28.08,20.93,14.2,7.0,2.0,26.22,10.0,883.7,0.0,1.7,2.19,41.4,826.6,29.3,27.3,56.6,32.3,801.6,2.04,114.8,0.0,0,0,"time.struct_time(tm_year=2022, tm_mon=3, tm_mday=1, tm_hour=8, tm_min=35, tm_sec=35, tm_wday=1, tm_yday=60, tm_isdst=-1)",2022-03-01,2022,3,60,1,35
2022-03-01 08:38:05,40.765163,-111.909164,1297.8,-9999.0,-9999.0,-9999.0,13.53,28.07,20.91,14.14,6.0,2.0,26.22,10.0,883.6,0.0,-3.0,2.19,41.4,827.0,27.9,28.2,56.1,32.3,801.8,2.04,114.6,0.0,0,0,"time.struct_time(tm_year=2022, tm_mon=3, tm_mday=1, tm_hour=8, tm_min=38, tm_sec=5, tm_wday=1, tm_yday=60, tm_isdst=-1)",2022-03-01,2022,3,60,1,38
2022-03-01 08:40:35,40.765209,-111.909149,1299.0,-9999.0,-9999.0,-9999.0,13.53,28.06,20.89,14.04,6.0,2.0,26.11,10.0,883.7,0.0,-0.8,2.18,41.4,826.7,24.5,29.4,53.9,32.3,801.7,2.04,114.5,0.0,0,0,"time.struct_time(tm_year=2022, tm_mon=3, tm_mday=1, tm_hour=8, tm_min=40, tm_sec=35, tm_wday=1, tm_yday=60, tm_isdst=-1)",2022-03-01,2022,3,60,1,40
2022-03-01 08:43:05,40.765282,-111.909142,1297.8,-9999.0,-9999.0,-9999.0,13.53,28.05,20.87,14.04,6.0,2.0,26.11,10.0,883.9,0.0,0.6,2.17,41.4,827.1,22.6,28.4,51.0,32.3,801.6,2.04,114.7,0.0,0,0,"time.struct_time(tm_year=2022, tm_mon=3, tm_mday=1, tm_hour=8, tm_min=43, tm_sec=5, tm_wday=1, tm_yday=60, tm_isdst=-1)",2022-03-01,2022,3,60,1,43
2022-03-01 08:45:35,40.765377,-111.909134,1298.5,-9999.0,-9999.0,-9999.0,13.53,28.04,20.85,14.06,5.0,2.0,26.11,10.0,883.8,0.0,0.9,2.19,41.4,826.7,31.1,33.6,64.7,32.3,801.6,2.04,114.6,0.0,0,0,"time.struct_time(tm_year=2022, tm_mon=3, tm_mday=1, tm_hour=8, tm_min=45, tm_sec=35, tm_wday=1, tm_yday=60, tm_isdst=-1)",2022-03-01,2022,3,60,1,45
2022-03-01 08:48:05,40.765305,-111.909142,1299.6,-9999.0,-9999.0,-9999.0,13.53,28.03,20.81,14.02,6.0,2.0,26.11,9.0,883.8,0.0,-4.0,2.19,41.3,827.1,21.5,38.3,59.8,32.3,801.6,2.04,114.7,0.0,0,0,"time.struct_time(tm_year=2022, tm_mon=3, tm_mday=1, tm_hour=8, tm_min=48, tm_sec=5, tm_wday=1, tm_yday=60, tm_isdst=-1)",2022-03-01,2022,3,60,1,48
2022-03-01 08:50:35,40.765274,-111.909142,1298.7,-9999.0,-9999.0,-9999.0,13.53,28.02,20.83,14.01,5.0,2.0,26.11,9.0,883.7,0.0,-1.3,2.18,41.3,826.7,27.4,31.3,58.7,32.3,801.5,2.04,114.7,0.0,0,0,"time.struct_time(tm_year=2022, tm_mon=3, tm_mday=1, tm_hour=8, tm_min=50, tm_sec=35, tm_wday=1, tm_yday=60, tm_isdst=-1)",2022-03-01,2022,3,60,1,50
2022-03-01 08:53:05,40.765347,-111.909096,1298.9,-9999.0,-9999.0,-9999.0,13.53,28.01,20.73,14.04,5.0,2.0,26.11,9.0,883.7,0.0,-0.3,2.19,41.3,827.1,26.9,40.7,67.6,32.3,801.5,2.04,114.8,0.0,0,0,"time.struct_time(tm_year=2022, tm_mon=3, tm_mday=1, tm_hour=8, tm_min=53, tm_sec=5, tm_wday=1, tm_yday=60, tm_isdst=-1)",2022-03-01,2022,3,60,1,53
2022-03-01 08:55:35,40.765224,-111.909126,1298.3,-9999.0,-9999.0,-9999.0,13.53,28.0,20.67,14.06,5.0,2.0,26.0,9.0,883.7,0.0,0.6,2.19,41.3,826.7,32.2,29.9,62.1,32.3,801.4,2.04,114.7,0.0,0,0,"time.struct_time(tm_year=2022, tm_mon=3, tm_mday=1, tm_hour=8, tm_min=55, tm_sec=35, tm_wday=1, tm_yday=60, tm_isdst=-1)",2022-03-01,2022,3,60,1,55
2022-03-01 08:58:05,40.765171,-111.909126,1297.5,-9999.0,-9999.0,-9999.0,13.53,27.99,20.61,14.1,5.0,2.0,26.0,9.0,883.6,0.0,0.2,2.19,41.3,827.0,24.8,35.0,59.8,32.3,801.5,2.04,114.5,0.0,0,0,"time.struct_time(tm_year=2022, tm_mon=3, tm_mday=1, tm_hour=8, tm_min=58, tm_sec=5, tm_wday=1, tm_yday=60, tm_isdst=-1)",2022-03-01,2022,3,60,1,58
2022-03-01 09:00:35,40.765213,-111.909134,1297.2,-9999.0,-9999.0,-9999.0,13.53,27.98,20.53,14.28,6.0,2.0,26.0,9.0,883.6,0.0,-2.9,2.19,41.3,826.7,27.2,36.1,63.3,32.3,801.5,2.04,114.7,0.0,0,0,"time.struct_time(tm_year=2022, tm_mon=3, tm_mday=1, tm_hour=9, tm_min=0, tm_sec=35, tm_wday=1, tm_yday=60, tm_isdst=-1)",2022-03-01,2022,3,60,1,0
2022-03-01 09:03:05,40.765312,-111.909103,1296.0,-9999.0,-9999.0,-9999.0,13.53,27.96,20.47,14.34,6.0,2.0,26.0,9.0,883.8,0.0,-1.8,2.19,41.3,827.1,30.8,37.1,67.9,32.3,801.4,2.04,114.8,0.0,0,0,"time.struct_time(tm_year=2022, tm_mon=3, tm_mday=1, tm_hour=9, tm_min=3, tm_sec=5, tm_wday=1, tm_yday=60, tm_isdst=-1)",2022-03-01,2022,3,60,1,3
2022-03-01 09:05:35,40.765289,-111.909103,1296.2,-9999.0,-9999.0,-9999.0,13.53,27.94,20.37,14.38,6.0,2.0,26.0,9.0,883.8,0.0,-2.4,2.18,41.3,826.7,25.3,34.1,59.4,32.3,801.6,2.04,114.7,0.0,0,0,"time.struct_time(tm_year=2022, tm_mon=3, tm_mday=1, tm_hour=9, tm_min=5, tm_sec=35, tm_wday=1, tm_yday=60, tm_isdst=-1)",2022-03-01,2022,3,60,1,5
2022-03-01 09:08:05,40.76527,-111.909081,1294.4,-9999.0,-9999.0,-9999.0,13.53,27.93,20.31,14.38,5.0,2.0,26.0,9.0,883.7,0.0,-2.9,2.19,41.3,827.1,28.9,33.8,62.7,32.3,801.6,2.04,114.8,0.0,0,0,"time.struct_time(tm_year=2022, tm_mon=3, tm_mday=1, tm_hour=9, tm_min=8, tm_sec=5, tm_wday=1, tm_yday=60, tm_isdst=-1)",2022-03-01,2022,3,60,1,8
2022-03-01 09:10:35,40.765297,-111.909103,1293.6,-9999.0,-9999.0,-9999.0,13.53,27.91,20.29,14.44,5.0,2.0,25.89,9.0,883.8,0.0,1.5,2.18,41.3,826.8,21.9,33.1,55.0,32.3,801.6,2.04,114.7,0.0,0,0,"time.struct_time(tm_year=2022, tm_mon=3, tm_mday=1, tm_hour=9, tm_min=10, tm_sec=35, tm_wday=1, tm_yday=60, tm_isdst=-1)",2022-03-01,2022,3,60,1,10
2022-03-01 09:13:05,40.765255,-111.909103,1293.7,-9999.0,-9999.0,-9999.0,13.53,27.89,20.15,14.5,6.0,2.0,25.89,9.0,883.9,0.0,1.7,2.19,41.2,827.2,30.6,36.4,67.0,32.2,801.5,2.04,114.9,0.0,0,0,"time.struct_time(tm_year=2022, tm_mon=3, tm_mday=1, tm_hour=9, tm_min=13, tm_sec=5, tm_wday=1, tm_yday=60, tm_isdst=-1)",2022-03-01,2022,3,60,1,13
2022-03-01 09:15:35,40.765251,-111.909119,1293.9,-9999.0,-9999.0,-9999.0,13.53,27.87,20.07,14.78,5.0,2.0,25.78,9.0,883.7,0.0,-0.5,2.19,41.2,826.8,23.8,41.8,65.6,32.2,801.6,2.04,114.8,0.0,0,0,"time.struct_time(tm_year=2022, tm_mon=3, tm_mday=1, tm_hour=9, tm_min=15, tm_sec=35, tm_wday=1, tm_yday=60, tm_isdst=-1)",2022-03-01,2022,3,60,1,15
2022-03-01 09:18:05,40.765244,-111.909111,1293.1,-9999.0,-9999.0,-9999.0,13.53,27.86,20.03,14.74,5.0,2.0,25.78,9.0,883.6,0.0,3.5,2.18,41.2,827.2,27.6,35.5,63.1,32.2,801.5,2.04,114.8,0.0,0,0,"time.struct_time(tm_year=2022, tm_mon=3, tm_mday=1, tm_hour=9, tm_min=18, tm_sec=5, tm_wday=1, tm_yday=60, tm_isdst=-1)",2022-03-01,2022,3,60,1,18
2022-03-01 09:20:35,40.765285,-111.909149,1293.2,-9999.0,-9999.0,-9999.0,13.52,27.84,20.03,14.78,5.0,2.0,25.78,9.0,883.7,0.0,0.0,2.19,41.2,826.7,22.1,36.8,58.9,32.2,801.5,2.04,114.8,0.0,0,0,"time.struct_time(tm_year=2022, tm_mon=3, tm_mday=1, tm_hour=9, tm_min=20, tm_sec=35, tm_wday=1, tm_yday=60, tm_isdst=-1)",2022-03-01,2022,3,60,1,20
2022-03-01 09:23:05,40.765251,-111.909157,1293.7,-9999.0,-9999.0,-9999.0,13.53,27.82,19.93,14.81,5.0,2.0,25.78,9.0,883.7,0.0,1.4,2.2,41.2,827.0,36.4,43.3,79.7,32.2,801.4,2.04,114.9,0.0,0,0,"time.struct_time(tm_year=2022, tm_mon=3, tm_mday=1, tm_hour=9, tm_min=23, tm_sec=5, tm_wday=1, tm_yday=60, tm_isdst=-1)",2022-03-01,2022,3,60,1,23
2022-03-01 09:25:35,40.765316,-111.909248,1294.9,-9999.0,-9999.0,-9999.0,13.53,27.8,19.89,14.87,5.0,2.0,25.78,9.0,883.8,0.0,-1.5,2.17,41.2,826.7,42.8,40.0,82.8,32.2,801.5,2.04,114.7,0.0,0,0,"time.struct_time(tm_year=2022, tm_mon=3, tm_mday=1, tm_hour=9, tm_min=25, tm_sec=35, tm_wday=1, tm_yday=60, tm_isdst=-1)",2022-03-01,2022,3,60,1,25
2022-03-01 09:28:05,40.765274,-111.909126,1294.7,-9999.0,-9999.0,-9999.0,13.53,27.78,19.85,14.93,5.0,2.0,25.72,9.0,883.6,0.0,0.2,2.18,41.1,827.0,34.8,39.8,74.6,32.2,801.5,2.04,114.6,0.0,0,0,"time.struct_time(tm_year=2022, tm_mon=3, tm_mday=1, tm_hour=9, tm_min=28, tm_sec=5, tm_wday=1, tm_yday=60, tm_isdst=-1)",2022-03-01,2022,3,60,1,28
2022-03-01 09:30:35,40.765293,-111.909142,1295.5,-9999.0,-9999.0,-9999.0,13.53,27.76,19.81,14.89,5.0,2.0,25.78,9.0,883.5,0.0,2.1,2.18,41.1,826.6,32.4,39.5,71.9,32.2,801.3,2.04,115.0,0.0,0,0,"time.struct_time(tm_year=2022, tm_mon=3, tm_mday=1, tm_hour=9, tm_min=30, tm_sec=35, tm_wday=1, tm_yday=60, tm_isdst=-1)",2022-03-01,2022,3,60,1,30
2022-03-01 09:34:10,40.765224,-111.909119,1297.0,-9999.0,-9999.0,-9999.0,13.53,27.73,19.77,14.97,6.0,2.0,25.72,9.0,883.6,0.0,-2.1,2.17,41.1,826.5,36.9,34.6,71.5,32.2,801.3,1.97,114.4,0.0,0,0,"time.struct_time(tm_year=2022, tm_mon=3, tm_mday=1, tm_hour=9, tm_min=34, tm_sec=10, tm_wday=1, tm_yday=60, tm_isdst=-1)",2022-03-01,2022,3,60,1,34
2022-03-01 09:36:40,40.765293,-111.90918,1297.6,-9999.0,-9999.0,-9999.0,13.53,27.71,19.75,15.15,5.0,2.0,25.72,9.0,883.4,0.0,-0.8,2.19,41.1,826.8,24.8,41.6,66.4,32.2,801.2,1.97,114.4,0.0,0,0,"time.struct_time(tm_year=2022, tm_mon=3, tm_mday=1, tm_hour=9, tm_min=36, tm_sec=40, tm_wday=1, tm_yday=60, tm_isdst=-1)",2022-03-01,2022,3,60,1,36
2022-03-01 09:39:10,40.765236,-111.909172,1297.8,-9999.0,-9999.0,-9999.0,13.53,27.69,19.69,15.15,5.0,2.0,25.61,9.0,883.4,0.0,-2.6,2.18,41.1,826.5,27.1,36.0,63.1,32.2,801.2,1.97,114.3,0.0,0,0,"time.struct_time(tm_year=2022, tm_mon=3, tm_mday=1, tm_hour=9, tm_min=39, tm_sec=10, tm_wday=1, tm_yday=60, tm_isdst=-1)",2022-03-01,2022,3,60,1,39
2022-03-01 09:41:40,40.765343,-111.909126,1298.7,-9999.0,-9999.0,-9999.0,13.53,27.67,19.67,15.11,5.0,2.0,25.61,9.0,883.5,0.0,-1.3,2.19,41.1,826.9,29.2,35.5,64.7,32.1,801.3,1.97,114.5,0.0,0,0,"time.struct_time(tm_year=2022, tm_mon=3, tm_mday=1, tm_hour=9, tm_min=41, tm_sec=40, tm_wday=1, tm_yday=60, tm_isdst=-1)",2022-03-01,2022,3,60,1,41
2022-03-01 09:44:10,40.765266,-111.909119,1299.0,-9999.0,-9999.0,-9999.0,13.53,27.65,19.65,14.99,5.0,2.0,25.61,9.0,883.6,0.0,0.8,2.18,41.0,826.5,24.3,41.7,66.0,32.1,801.2,1.97,114.5,0.0,0,0,"time.struct_time(tm_year=2022, tm_mon=3, tm_mday=1, tm_hour=9, tm_min=44, tm_sec=10, tm_wday=1, tm_yday=60, tm_isdst=-1)",2022-03-01,2022,3,60,1,44
2022-03-01 09:46:40,40.765324,-111.909233,1299.1,-9999.0,-9999.0,-9999.0,13.53,27.63,19.67,14.99,5.0,2.0,25.61,9.0,883.4,0.0,-0.7,2.18,41.0,826.9,18.7,43.9,62.6,32.1,801.3,1.97,114.4,0.0,0,0,"time.struct_time(tm_year=2022, tm_mon=3, tm_mday=1, tm_hour=9, tm_min=46, tm_sec=40, tm_wday=1, tm_yday=60, tm_isdst=-1)",2022-03-01,2022,3,60,1,46
2022-03-01 09:49:10,40.765339,-111.909195,1299.7,-9999.0,-9999.0,-9999.0,13.53,27.61,19.59,15.31,4.0,2.0,25.61,9.0,883.3,0.0,-3.2,2.19,41.0,826.5,29.5,28.3,57.8,32.1,801.2,1.97,114.4,0.0,0,0,"time.struct_time(tm_year=2022, tm_mon=3, tm_mday=1, tm_hour=9, tm_min=49, tm_sec=10, tm_wday=1, tm_yday=60, tm_isdst=-1)",2022-03-01,2022,3,60,1,49
2022-03-01 09:51:40,40.765327,-111.909172,1299.9,-9999.0,-9999.0,-9999.0,13.53,27.59,19.55,15.31,5.0,2.0,25.5,9.0,883.4,0.0,2.0,2.19,41.0,826.9,34.1,29.4,63.5,32.1,801.2,1.97,114.7,0.0,0,0,"time.struct_time(tm_year=2022, tm_mon=3, tm_mday=1, tm_hour=9, tm_min=51, tm_sec=40, tm_wday=1, tm_yday=60, tm_isdst=-1)",2022-03-01,2022,3,60,1,51
2022-03-01 09:54:10,40.765289,-111.909065,1299.5,-9999.0,-9999.0,-9999.0,13.53,27.57,19.52,15.14,4.0,2.0,25.5,9.0,883.5,0.0,-1.1,2.19,41.0,826.5,28.9,33.4,62.3,32.1,801.2,1.97,114.5,0.0,0,0,"time.struct_time(tm_year=2022, tm_mon=3, tm_mday=1, tm_hour=9, tm_min=54, tm_sec=10, tm_wday=1, tm_yday=60, tm_isdst=-1)",2022-03-01,2022,3,60,1,54
2022-03-01 09:56:40,40.76527,-111.90905,1298.9,-9999.0,-9999.0,-9999.0,13.53,27.55,19.53,14.98,4.0,2.0,25.5,9.0,883.6,0.0,1.0,2.19,40.9,826.9,23.8,28.2,52.0,32.1,801.3,1.97,114.4,0.0,0,0,"time.struct_time(tm_year=2022, tm_mon=3, tm_mday=1, tm_hour=9, tm_min=56, tm_sec=40, tm_wday=1, tm_yday=60, tm_isdst=-1)",2022-03-01,2022,3,60,1,56
2022-03-01 09:59:10,40.765244,-111.909157,1298.6,-9999.0,-9999.0,-9999.0,13.53,27.53,19.5,15.04,4.0,2.0,25.5,9.0,883.5,0.0,-0.8,2.17,40.9,826.5,21.8,33.3,55.1,32.1,801.4,1.97,114.4,0.0,0,0,"time.struct_time(tm_year=2022, tm_mon=3, tm_mday=1, tm_hour=9, tm_min=59, tm_sec=10, tm_wday=1, tm_yday=60, tm_isdst=-1)",2022-03-01,2022,3,60,1,59
2022-03-01 10:01:40,40.765198,-111.909103,1299.1,-9999.0,-9999.0,-9999.0,13.53,27.51,19.5,15.06,4.0,2.0,25.5,9.0,883.4,0.0,-2.7,2.19,40.9,826.9,24.0,32.7,56.7,32.0,801.4,1.97,114.3,0.0,0,0,"time.struct_time(tm_year=2022, tm_mon=3, tm_mday=1, tm_hour=10, tm_min=1, tm_sec=40, tm_wday=1, tm_yday=60, tm_isdst=-1)",2022-03-01,2022,3,60,1,1
2022-03-01 10:04:10,40.765266,-111.909012,1299.6,-9999.0,-9999.0,-9999.0,13.53,27.49,19.48,15.06,4.0,2.0,25.39,9.0,883.4,0.0,-4.1,2.2,40.9,826.5,19.4,38.0,57.4,32.0,801.3,1.97,114.5,0.0,0,0,"time.struct_time(tm_year=2022, tm_mon=3, tm_mday=1, tm_hour=10, tm_min=4, tm_sec=10, tm_wday=1, tm_yday=60, tm_isdst=-1)",2022-03-01,2022,3,60,1,4
2022-03-01 10:06:40,40.765388,-111.909142,1299.3,-9999.0,-9999.0,-9999.0,13.53,27.47,19.48,15.12,5.0,2.0,25.39,9.0,883.6,0.0,-2.5,2.19,40.9,827.0,21.4,36.4,57.8,32.0,801.3,1.97,114.7,0.0,0,0,"time.struct_time(tm_year=2022, tm_mon=3, tm_mday=1, tm_hour=10, tm_min=6, tm_sec=40, tm_wday=1, tm_yday=60, tm_isdst=-1)",2022-03-01,2022,3,60,1,6
2022-03-01 10:09:10,40.765381,-111.909172,1299.8,-9999.0,-9999.0,-9999.0,13.56,27.46,19.46,15.12,5.0,2.0,25.5,9.0,883.6,0.0,1.0,2.18,40.9,826.7,23.4,37.5,60.9,32.0,801.4,1.97,114.6,0.0,0,0,"time.struct_time(tm_year=2022, tm_mon=3, tm_mday=1, tm_hour=10, tm_min=9, tm_sec=10, tm_wday=1, tm_yday=60, tm_isdst=-1)",2022-03-01,2022,3,60,1,9
2022-03-01 10:11:40,40.765289,-111.909187,1299.5,-9999.0,-9999.0,-9999.0,13.56,27.44,19.46,15.21,5.0,2.0,25.39,9.0,883.6,0.0,-0.8,2.19,40.8,827.0,20.8,33.5,54.3,32.0,801.3,1.97,114.5,0.0,0,0,"time.struct_time(tm_year=2022, tm_mon=3, tm_mday=1, tm_hour=10, tm_min=11, tm_sec=40, tm_wday=1, tm_yday=60, tm_isdst=-1)",2022-03-01,2022,3,60,1,11
2022-03-01 10:14:10,40.765266,-111.909142,1298.2,-9999.0,-9999.0,-9999.0,13.56,27.42,19.44,15.37,5.0,2.0,25.39,10.0,883.4,0.0,2.3,2.19,40.8,826.6,22.7,32.1,54.8,32.0,801.2,1.97,114.8,0.0,0,0,"time.struct_time(tm_year=2022, tm_mon=3, tm_mday=1, tm_hour=10, tm_min=14, tm_sec=10, tm_wday=1, tm_yday=60, tm_isdst=-1)",2022-03-01,2022,3,60,1,14
2022-03-01 10:16:40,40.765289,-111.909111,1298.1,-9999.0,-9999.0,-9999.0,13.56,27.4,19.45,15.32,4.0,2.0,25.39,10.0,883.7,0.0,-1.8,2.2,40.8,827.1,24.2,33.4,57.6,32.0,801.3,1.97,114.5,0.0,0,0,"time.struct_time(tm_year=2022, tm_mon=3, tm_mday=1, tm_hour=10, tm_min=16, tm_sec=40, tm_wday=1, tm_yday=60, tm_isdst=-1)",2022-03-01,2022,3,60,1,16
2022-03-01 10:19:10,40.765263,-111.909035,1298.8,-9999.0,-9999.0,-9999.0,13.57,27.38,19.49,15.36,4.0,2.0,25.39,10.0,883.7,0.0,-0.0,2.19,40.8,826.6,27.8,40.1,67.9,32.0,801.4,1.97,114.4,0.0,0,0,"time.struct_time(tm_year=2022, tm_mon=3, tm_mday=1, tm_hour=10, tm_min=19, tm_sec=10, tm_wday=1, tm_yday=60, tm_isdst=-1)",2022-03-01,2022,3,60,1,19
2022-03-01 10:21:40,40.765213,-111.909103,1298.8,-9999.0,-9999.0,-9999.0,13.56,27.36,19.49,15.29,5.0,2.0,25.28,10.0,883.7,0.0,-2.6,2.19,40.8,827.1,34.9,32.3,67.2,31.9,801.4,1.97,114.5,0.0,0,0,"time.struct_time(tm_year=2022, tm_mon=3, tm_mday=1, tm_hour=10, tm_min=21, tm_sec=40, tm_wday=1, tm_yday=60, tm_isdst=-1)",2022-03-01,2022,3,60,1,21
2022-03-01 10:24:10,40.76532,-111.909157,1297.3,-9999.0,-9999.0,-9999.0,13.56,27.35,19.5,15.3,5.0,2.0,25.28,10.0,883.5,0.0,1.4,2.19,40.7,826.6,36.1,46.3,82.4,31.9,801.3,1.97,114.4,0.0,0,0,"time.struct_time(tm_year=2022, tm_mon=3, tm_mday=1, tm_hour=10, tm_min=24, tm_sec=10, tm_wday=1, tm_yday=60, tm_isdst=-1)",2022-03-01,2022,3,60,1,24
2022-03-01 10:26:40,40.765297,-111.909012,1297.9,-9999.0,-9999.0,-9999.0,13.56,27.33,19.55,15.31,5.0,2.0,25.39,10.0,883.6,0.0,1.4,2.17,40.7,826.9,36.0,39.8,75.8,31.9,801.2,1.97,114.7,0.0,0,0,"time.struct_time(tm_year=2022, tm_mon=3, tm_mday=1, tm_hour=10, tm_min=26, tm_sec=40, tm_wday=1, tm_yday=60, tm_isdst=-1)",2022-03-01,2022,3,60,1,26
2022-03-01 10:29:10,40.765316,-111.90905,1297.5,-9999.0,-9999.0,-9999.0,13.57,27.32,19.66,15.37,5.0,2.0,25.28,10.0,883.4,0.0,-1.6,2.19,40.7,826.4,42.9,43.1,86.0,31.9,801.2,1.97,114.6,0.0,0,0,"time.struct_time(tm_year=2022, tm_mon=3, tm_mday=1, tm_hour=10, tm_min=29, tm_sec=10, tm_wday=1, tm_yday=60, tm_isdst=-1)",2022-03-01,2022,3,60,1,29
2022-03-01 10:31:40,40.765308,-111.909126,1296.9,-9999.0,-9999.0,-9999.0,13.57,27.31,19.67,15.41,5.0,2.0,25.28,10.0,883.5,0.0,-0.6,2.19,40.7,826.8,37.6,54.0,91.6,31.9,801.2,1.97,114.9,0.0,0,0,"time.struct_time(tm_year=2022, tm_mon=3, tm_mday=1, tm_hour=10, tm_min=31, tm_sec=40, tm_wday=1, tm_yday=60, tm_isdst=-1)",2022-03-01,2022,3,60,1,31
2022-03-01 10:35:15,40.765228,-111.909073,1297.8,-9999.0,-9999.0,-9999.0,13.56,27.31,19.82,15.39,6.0,2.0,25.28,10.0,883.4,0.0,-1.1,2.18,40.7,826.6,54.1,42.5,96.6,31.9,801.3,1.97,116.0,0.0,0,0,"time.struct_time(tm_year=2022, tm_mon=3, tm_mday=1, tm_hour=10, tm_min=35, tm_sec=15, tm_wday=1, tm_yday=60, tm_isdst=-1)",2022-03-01,2022,3,60,1,35
2022-03-01 10:37:45,40.765232,-111.909149,1297.8,-9999.0,-9999.0,-9999.0,13.56,27.3,19.81,15.37,5.0,2.0,25.28,10.0,883.7,0.0,0.4,2.17,40.7,826.9,50.6,56.2,106.8,31.9,801.2,1.97,115.7,0.0,0,0,"time.struct_time(tm_year=2022, tm_mon=3, tm_mday=1, tm_hour=10, tm_min=37, tm_sec=45, tm_wday=1, tm_yday=60, tm_isdst=-1)",2022-03-01,2022,3,60,1,37
2022-03-01 10:40:15,40.765179,-111.909111,1298.9,-9999.0,-9999.0,-9999.0,13.56,27.3,19.87,15.35,6.0,2.0,25.28,10.0,883.5,0.0,0.7,2.18,40.7,826.6,49.9,51.6,101.5,31.8,801.3,1.98,115.7,0.0,0,0,"time.struct_time(tm_year=2022, tm_mon=3, tm_mday=1, tm_hour=10, tm_min=40, tm_sec=15, tm_wday=1, tm_yday=60, tm_isdst=-1)",2022-03-01,2022,3,60,1,40
2022-03-01 10:42:45,40.765316,-111.909172,1296.4,-9999.0,-9999.0,-9999.0,13.56,27.3,19.93,15.41,8.0,2.0,25.28,10.0,883.6,0.0,0.1,2.18,40.6,827.0,44.6,48.7,93.3,31.8,801.4,1.97,115.8,0.0,0,0,"time.struct_time(tm_year=2022, tm_mon=3, tm_mday=1, tm_hour=10, tm_min=42, tm_sec=45, tm_wday=1, tm_yday=60, tm_isdst=-1)",2022-03-01,2022,3,60,1,42
2022-03-01 10:45:15,40.765049,-111.909302,1296.0,-9999.0,-9999.0,-9999.0,13.56,27.3,19.97,15.39,8.0,2.0,25.39,10.0,883.6,0.0,-1.3,2.18,40.6,826.7,52.6,43.7,96.3,31.8,801.4,1.97,115.8,0.0,0,0,"time.struct_time(tm_year=2022, tm_mon=3, tm_mday=1, tm_hour=10, tm_min=45, tm_sec=15, tm_wday=1, tm_yday=60, tm_isdst=-1)",2022-03-01,2022,3,60,1,45
2022-03-01 10:47:45,40.765099,-111.909172,1296.0,-9999.0,-9999.0,-9999.0,13.56,27.3,19.99,15.35,7.0,2.0,25.28,10.0,883.6,0.0,2.0,2.18,40.6,827.0,57.0,40.4,97.4,31.8,801.3,1.97,115.8,0.0,0,0,"time.struct_time(tm_year=2022, tm_mon=3, tm_mday=1, tm_hour=10, tm_min=47, tm_sec=45, tm_wday=1, tm_yday=60, tm_isdst=-1)",2022-03-01,2022,3,60,1,47
2022-03-01 10:50:15,40.765289,-111.90905,1296.8,-9999.0,-9999.0,-9999.0,13.56,27.29,19.99,15.37,8.0,2.0,25.28,10.0,883.6,0.0,0.7,2.19,40.6,826.6,47.2,41.0,88.2,31.8,801.3,1.97,115.8,0.0,0,0,"time.struct_time(tm_year=2022, tm_mon=3, tm_mday=1, tm_hour=10, tm_min=50, tm_sec=15, tm_wday=1, tm_yday=60, tm_isdst=-1)",2022-03-01,2022,3,60,1,50
2022-03-01 10:52:45,40.765247,-111.909065,1298.3,-9999.0,-9999.0,-9999.0,13.56,27.29,19.97,15.45,9.0,2.0,25.28,10.0,883.7,0.0,4.2,2.17,40.6,826.9,50.8,40.4,91.2,31.8,801.4,1.97,115.7,0.0,0,0,"time.struct_time(tm_year=2022, tm_mon=3, tm_mday=1, tm_hour=10, tm_min=52, tm_sec=45, tm_wday=1, tm_yday=60, tm_isdst=-1)",2022-03-01,2022,3,60,1,52
2022-03-01 10:55:15,40.765347,-111.909058,1297.9,-9999.0,-9999.0,-9999.0,13.56,27.29,19.95,15.55,8.0,2.0,25.28,10.0,883.7,0.0,1.9,2.19,40.6,826.6,55.1,36.6,91.7,31.8,801.4,1.97,115.9,0.0,0,0,"time.struct_time(tm_year=2022, tm_mon=3, tm_mday=1, tm_hour=10, tm_min=55, tm_sec=15, tm_wday=1, tm_yday=60, tm_isdst=-1)",2022-03-01,2022,3,60,1,55
2022-03-01 10:57:45,40.765114,-111.909225,1293.9,-9999.0,-9999.0,-9999.0,13.56,27.28,19.91,15.59,9.0,2.0,25.28,10.0,883.7,0.0,1.9,2.17,40.6,827.0,56.5,36.1,92.6,31.8,801.4,1.97,115.8,0.0,0,0,"time.struct_time(tm_year=2022, tm_mon=3, tm_mday=1, tm_hour=10, tm_min=57, tm_sec=45, tm_wday=1, tm_yday=60, tm_isdst=-1)",2022-03-01,2022,3,60,1,57
2022-03-01 11:00:15,40.765202,-111.909195,1294.1,-9999.0,-9999.0,-9999.0,13.56,27.27,19.89,15.63,8.0,2.0,25.28,10.0,883.5,0.0,-3.1,2.18,40.6,826.6,56.6,37.2,93.8,31.8,801.4,1.97,115.8,0.0,0,0,"time.struct_time(tm_year=2022, tm_mon=3, tm_mday=1, tm_hour=11, tm_min=0, tm_sec=15, tm_wday=1, tm_yday=60, tm_isdst=-1)",2022-03-01,2022,3,60,1,0
2022-03-01 11:02:45,40.765263,-111.909081,1294.8,-9999.0,-9999.0,-9999.0,13.56,27.27,19.83,15.87,9.0,2.0,25.28,10.0,883.5,0.0,-1.0,2.18,40.6,827.0,53.5,38.5,92.0,31.7,801.3,1.97,115.9,0.0,0,0,"time.struct_time(tm_year=2022, tm_mon=3, tm_mday=1, tm_hour=11, tm_min=2, tm_sec=45, tm_wday=1, tm_yday=60, tm_isdst=-1)",2022-03-01,2022,3,60,1,2
2022-03-01 11:05:15,40.765224,-111.909096,1295.0,-9999.0,-9999.0,-9999.0,13.56,27.26,19.79,15.89,9.0,2.0,25.28,10.0,883.5,0.0,-5.2,2.18,40.6,826.6,62.6,39.1,101.7,31.7,801.3,1.97,115.6,0.0,0,0,"time.struct_time(tm_year=2022, tm_mon=3, tm_mday=1, tm_hour=11, tm_min=5, tm_sec=15, tm_wday=1, tm_yday=60, tm_isdst=-1)",2022-03-01,2022,3,60,1,5
2022-03-01 11:07:45,40.765072,-111.909294,1296.6,-9999.0,-9999.0,-9999.0,13.57,27.25,19.75,16.8,13.0,2.0,25.28,10.0,883.5,0.0,1.0,2.18,40.6,826.9,63.2,36.8,100.0,31.7,801.3,1.98,115.9,0.0,0,0,"time.struct_time(tm_year=2022, tm_mon=3, tm_mday=1, tm_hour=11, tm_min=7, tm_sec=45, tm_wday=1, tm_yday=60, tm_isdst=-1)",2022-03-01,2022,3,60,1,7
2022-03-01 11:10:15,40.765022,-111.909241,1298.6,-9999.0,-9999.0,-9999.0,13.56,27.24,19.63,18.78,20.0,2.0,25.28,11.0,883.6,0.0,-2.7,2.2,40.6,826.5,79.9,42.5,122.4,31.7,801.3,1.97,115.8,0.0,0,0,"time.struct_time(tm_year=2022, tm_mon=3, tm_mday=1, tm_hour=11, tm_min=10, tm_sec=15, tm_wday=1, tm_yday=60, tm_isdst=-1)",2022-03-01,2022,3,60,1,10
2022-03-01 11:12:45,40.765038,-111.909248,1299.4,-9999.0,-9999.0,-9999.0,13.56,27.23,19.53,18.11,11.0,2.0,25.28,11.0,883.5,0.0,0.4,2.17,40.6,826.9,88.2,44.8,133.0,31.7,801.2,1.98,116.1,0.0,0,0,"time.struct_time(tm_year=2022, tm_mon=3, tm_mday=1, tm_hour=11, tm_min=12, tm_sec=45, tm_wday=1, tm_yday=60, tm_isdst=-1)",2022-03-01,2022,3,60,1,12
2022-03-01 11:15:15,40.765182,-111.909164,1301.7,-9999.0,-9999.0,-9999.0,13.56,27.22,19.48,16.93,10.0,2.0,25.22,10.0,883.5,0.0,-0.6,2.18,40.6,826.5,69.9,40.7,110.6,31.7,801.3,1.97,116.0,0.0,0,0,"time.struct_time(tm_year=2022, tm_mon=3, tm_mday=1, tm_hour=11, tm_min=15, tm_sec=15, tm_wday=1, tm_yday=60, tm_isdst=-1)",2022-03-01,2022,3,60,1,15
2022-03-01 11:17:45,40.765205,-111.909081,1303.6,-9999.0,-9999.0,-9999.0,13.56,27.21,19.48,16.61,9.0,2.0,25.22,10.0,883.4,0.0,-1.9,2.17,40.6,826.9,70.7,41.3,112.0,31.7,801.2,1.97,115.8,0.0,0,0,"time.struct_time(tm_year=2022, tm_mon=3, tm_mday=1, tm_hour=11, tm_min=17, tm_sec=45, tm_wday=1, tm_yday=60, tm_isdst=-1)",2022-03-01,2022,3,60,1,17
2022-03-01 11:20:15,40.765202,-111.909149,1304.7,-9999.0,-9999.0,-9999.0,13.56,27.2,19.47,16.56,8.0,2.0,25.22,10.0,883.5,0.0,0.8,2.17,40.6,826.5,73.2,39.2,112.4,31.7,801.3,1.97,115.9,0.0,0,0,"time.struct_time(tm_year=2022, tm_mon=3, tm_mday=1, tm_hour=11, tm_min=20, tm_sec=15, tm_wday=1, tm_yday=60, tm_isdst=-1)",2022-03-01,2022,3,60,1,20
2022-03-01 11:22:45,40.765373,-111.909081,1293.1,-9999.0,-9999.0,-9999.0,13.56,27.19,19.47,16.43,10.0,2.0,25.22,10.0,883.4,0.0,-1.9,2.19,40.6,826.9,72.6,41.1,113.7,31.7,801.3,1.97,115.6,0.0,0,0,"time.struct_time(tm_year=2022, tm_mon=3, tm_mday=1, tm_hour=11, tm_min=22, tm_sec=45, tm_wday=1, tm_yday=60, tm_isdst=-1)",2022-03-01,2022,3,60,1,22
2022-03-01 11:25:15,40.76524,-111.909195,1269.4,-9999.0,-9999.0,-9999.0,13.56,27.17,19.45,16.47,9.0,2.0,25.22,10.0,883.4,0.0,2.6,2.19,40.5,826.6,76.6,39.6,116.2,31.7,801.2,1.97,116.2,0.0,0,0,"time.struct_time(tm_year=2022, tm_mon=3, tm_mday=1, tm_hour=11, tm_min=25, tm_sec=15, tm_wday=1, tm_yday=60, tm_isdst=-1)",2022-03-01,2022,3,60,1,25
2022-03-01 11:27:45,40.765209,-111.90918,1280.1,-9999.0,-9999.0,-9999.0,13.56,27.16,19.41,16.57,8.0,2.0,25.22,10.0,883.5,0.0,0.9,2.18,40.5,826.9,78.6,42.7,121.3,31.6,801.4,1.97,115.8,0.0,0,0,"time.struct_time(tm_year=2022, tm_mon=3, tm_mday=1, tm_hour=11, tm_min=27, tm_sec=45, tm_wday=1, tm_yday=60, tm_isdst=-1)",2022-03-01,2022,3,60,1,27
2022-03-01 11:30:15,40.765202,-111.90918,1302.2,-9999.0,-9999.0,-9999.0,13.56,27.15,19.39,16.51,7.0,2.0,25.11,10.0,883.5,0.0,-1.4,2.18,40.5,826.6,77.2,44.7,121.9,31.6,801.3,1.98,116.0,0.0,0,0,"time.struct_time(tm_year=2022, tm_mon=3, tm_mday=1, tm_hour=11, tm_min=30, tm_sec=15, tm_wday=1, tm_yday=60, tm_isdst=-1)",2022-03-01,2022,3,60,1,30
2022-03-01 11:32:45,40.765259,-111.909142,1307.4,-9999.0,-9999.0,-9999.0,13.56,27.14,19.37,16.47,8.0,2.0,25.11,10.0,883.4,0.0,1.0,2.17,40.5,827.0,84.8,45.9,130.7,31.6,801.2,1.98,115.8,0.0,0,0,"time.struct_time(tm_year=2022, tm_mon=3, tm_mday=1, tm_hour=11, tm_min=32, tm_sec=45, tm_wday=1, tm_yday=60, tm_isdst=-1)",2022-03-01,2022,3,60,1,32
2022-03-01 11:36:20,40.76527,-111.909134,1307.6,-9999.0,-9999.0,-9999.0,13.56,27.12,19.37,16.53,7.0,2.0,25.11,10.0,883.6,0.0,3.9,2.18,40.5,826.9,80.9,43.8,124.7,31.6,801.4,2.04,115.1,0.0,0,0,"time.struct_time(tm_year=2022, tm_mon=3, tm_mday=1, tm_hour=11, tm_min=36, tm_sec=20, tm_wday=1, tm_yday=60, tm_isdst=-1)",2022-03-01,2022,3,60,1,36
2022-03-01 11:38:50,40.765236,-111.909096,1306.6,-9999.0,-9999.0,-9999.0,13.56,27.11,19.39,16.49,8.0,2.0,25.11,10.0,883.5,0.0,0.2,2.17,40.5,826.6,88.5,43.7,132.2,31.6,801.3,2.04,115.0,0.0,0,0,"time.struct_time(tm_year=2022, tm_mon=3, tm_mday=1, tm_hour=11, tm_min=38, tm_sec=50, tm_wday=1, tm_yday=60, tm_isdst=-1)",2022-03-01,2022,3,60,1,38
2022-03-01 11:41:20,40.765137,-111.909111,1306.3,-9999.0,-9999.0,-9999.0,13.56,27.1,19.4,16.49,8.0,2.0,25.11,10.0,883.7,0.0,-0.6,2.18,40.5,827.1,80.4,44.8,125.2,31.6,801.3,2.04,115.0,0.0,0,0,"time.struct_time(tm_year=2022, tm_mon=3, tm_mday=1, tm_hour=11, tm_min=41, tm_sec=20, tm_wday=1, tm_yday=60, tm_isdst=-1)",2022-03-01,2022,3,60,1,41
2022-03-01 11:43:50,40.765289,-111.909111,1306.9,-9999.0,-9999.0,-9999.0,13.56,27.1,19.46,16.47,8.0,2.0,25.11,10.0,883.5,0.0,-2.9,2.17,40.5,826.6,85.0,56.4,141.4,31.6,801.3,2.04,115.1,0.0,0,0,"time.struct_time(tm_year=2022, tm_mon=3, tm_mday=1, tm_hour=11, tm_min=43, tm_sec=50, tm_wday=1, tm_yday=60, tm_isdst=-1)",2022-03-01,2022,3,60,1,43
2022-03-01 11:46:20,40.765251,-111.909164,1306.5,-9999.0,-9999.0,-9999.0,13.56,27.09,19.49,16.41,7.0,2.0,25.11,10.0,883.6,0.0,-1.8,2.19,40.5,827.1,86.1,46.9,133.0,31.6,801.4,2.04,115.0,0.0,0,0,"time.struct_time(tm_year=2022, tm_mon=3, tm_mday=1, tm_hour=11, tm_min=46, tm_sec=20, tm_wday=1, tm_yday=60, tm_isdst=-1)",2022-03-01,2022,3,60,1,46
2022-03-01 11:48:50,40.765324,-111.909149,1306.3,-9999.0,-9999.0,-9999.0,13.56,27.08,19.57,16.31,8.0,2.0,25.11,10.0,883.8,0.0,-0.9,2.19,40.5,826.7,87.8,47.5,135.3,31.6,801.4,2.04,115.1,0.0,0,0,"time.struct_time(tm_year=2022, tm_mon=3, tm_mday=1, tm_hour=11, tm_min=48, tm_sec=50, tm_wday=1, tm_yday=60, tm_isdst=-1)",2022-03-01,2022,3,60,1,48
2022-03-01 11:51:20,40.765244,-111.909134,1306.0,-9999.0,-9999.0,-9999.0,13.56,27.08,19.63,16.33,7.0,2.0,25.11,10.0,883.6,0.0,1.7,2.19,40.4,827.1,96.8,50.9,147.7,31.6,801.3,2.04,115.1,0.0,0,0,"time.struct_time(tm_year=2022, tm_mon=3, tm_mday=1, tm_hour=11, tm_min=51, tm_sec=20, tm_wday=1, tm_yday=60, tm_isdst=-1)",2022-03-01,2022,3,60,1,51
2022-03-01 11:53:50,40.765312,-111.909142,1305.6,-9999.0,-9999.0,-9999.0,13.56,27.08,19.76,16.34,8.0,2.0,25.11,10.0,883.6,0.0,4.2,2.17,40.4,826.7,95.0,46.3,141.3,31.5,801.5,2.04,115.0,0.0,0,0,"time.struct_time(tm_year=2022, tm_mon=3, tm_mday=1, tm_hour=11, tm_min=53, tm_sec=50, tm_wday=1, tm_yday=60, tm_isdst=-1)",2022-03-01,2022,3,60,1,53
2022-03-01 11:56:20,40.765293,-111.909004,1305.9,-9999.0,-9999.0,-9999.0,13.56,27.08,19.77,16.15,8.0,2.0,25.11,10.0,883.8,0.0,-1.2,2.18,40.4,827.1,103.5,50.0,153.5,31.5,801.4,2.04,115.3,0.0,0,0,"time.struct_time(tm_year=2022, tm_mon=3, tm_mday=1, tm_hour=11, tm_min=56, tm_sec=20, tm_wday=1, tm_yday=60, tm_isdst=-1)",2022-03-01,2022,3,60,1,56
2022-03-01 11:58:50,40.765343,-111.909073,1305.2,-9999.0,-9999.0,-9999.0,13.56,27.08,19.85,16.11,7.0,2.0,25.22,10.0,883.7,0.0,0.2,2.19,40.4,826.8,89.0,61.3,150.3,31.5,801.4,2.04,115.1,0.0,0,0,"time.struct_time(tm_year=2022, tm_mon=3, tm_mday=1, tm_hour=11, tm_min=58, tm_sec=50, tm_wday=1, tm_yday=60, tm_isdst=-1)",2022-03-01,2022,3,60,1,58
2022-03-01 12:01:20,40.765266,-111.909119,1306.2,-9999.0,-9999.0,-9999.0,13.56,27.08,19.95,15.99,8.0,2.0,25.22,10.0,883.6,0.0,-1.0,2.18,40.4,827.1,95.5,41.5,137.0,31.5,801.4,2.04,115.3,0.0,0,0,"time.struct_time(tm_year=2022, tm_mon=3, tm_mday=1, tm_hour=12, tm_min=1, tm_sec=20, tm_wday=1, tm_yday=60, tm_isdst=-1)",2022-03-01,2022,3,60,1,1
2022-03-01 12:03:50,40.765415,-111.909012,1306.6,-9999.0,-9999.0,-9999.0,13.56,27.09,20.07,16.01,9.0,2.0,25.22,10.0,883.7,0.0,1.7,2.18,40.4,826.7,98.4,45.4,143.8,31.5,801.4,2.04,115.2,0.0,0,0,"time.struct_time(tm_year=2022, tm_mon=3, tm_mday=1, tm_hour=12, tm_min=3, tm_sec=50, tm_wday=1, tm_yday=60, tm_isdst=-1)",2022-03-01,2022,3,60,1,3
2022-03-01 12:06:20,40.765301,-111.909042,1309.0,-9999.0,-9999.0,-9999.0,13.56,27.09,20.19,16.03,10.0,2.0,25.22,10.0,883.6,0.0,-0.8,2.17,40.4,827.1,101.6,46.0,147.6,31.5,801.4,2.04,115.0,0.0,0,0,"time.struct_time(tm_year=2022, tm_mon=3, tm_mday=1, tm_hour=12, tm_min=6, tm_sec=20, tm_wday=1, tm_yday=60, tm_isdst=-1)",2022-03-01,2022,3,60,1,6
2022-03-01 12:08:50,40.765312,-111.90905,1308.3,-9999.0,-9999.0,-9999.0,13.56,27.11,20.33,16.15,9.0,2.0,25.28,10.0,883.6,0.0,0.8,2.19,40.4,826.6,100.9,51.7,152.6,31.5,801.4,2.04,115.0,0.0,0,0,"time.struct_time(tm_year=2022, tm_mon=3, tm_mday=1, tm_hour=12, tm_min=8, tm_sec=50, tm_wday=1, tm_yday=60, tm_isdst=-1)",2022-03-01,2022,3,60,1,8
2022-03-01 12:11:20,40.765285,-111.909111,1306.5,-9999.0,-9999.0,-9999.0,13.56,27.12,20.47,16.01,8.0,2.0,25.28,10.0,883.5,0.0,0.1,2.18,40.4,827.0,107.6,46.9,154.5,31.5,801.3,2.04,115.3,0.0,0,0,"time.struct_time(tm_year=2022, tm_mon=3, tm_mday=1, tm_hour=12, tm_min=11, tm_sec=20, tm_wday=1, tm_yday=60, tm_isdst=-1)",2022-03-01,2022,3,60,1,11
2022-03-01 12:13:50,40.765266,-111.909157,1306.2,-9999.0,-9999.0,-9999.0,13.56,27.14,20.57,15.91,10.0,2.0,25.28,10.0,883.6,0.0,-0.1,2.2,40.4,826.6,103.5,57.7,161.2,31.5,801.4,2.04,114.8,0.0,0,0,"time.struct_time(tm_year=2022, tm_mon=3, tm_mday=1, tm_hour=12, tm_min=13, tm_sec=50, tm_wday=1, tm_yday=60, tm_isdst=-1)",2022-03-01,2022,3,60,1,13
2022-03-01 12:16:20,40.765236,-111.909126,1305.2,-9999.0,-9999.0,-9999.0,13.56,27.15,20.71,15.65,9.0,2.0,25.28,11.0,883.8,0.0,-1.5,2.19,40.4,827.0,101.2,53.3,154.5,31.5,801.4,2.04,115.1,0.0,0,0,"time.struct_time(tm_year=2022, tm_mon=3, tm_mday=1, tm_hour=12, tm_min=16, tm_sec=20, tm_wday=1, tm_yday=60, tm_isdst=-1)",2022-03-01,2022,3,60,1,16
2022-03-01 12:18:50,40.76527,-111.909164,1304.3,-9999.0,-9999.0,-9999.0,13.56,27.17,20.79,15.65,10.0,2.0,25.28,11.0,883.5,0.0,0.4,2.19,40.5,826.7,109.8,54.3,164.1,31.5,801.3,2.04,115.2,0.0,0,0,"time.struct_time(tm_year=2022, tm_mon=3, tm_mday=1, tm_hour=12, tm_min=18, tm_sec=50, tm_wday=1, tm_yday=60, tm_isdst=-1)",2022-03-01,2022,3,60,1,18
2022-03-01 12:21:20,40.765282,-111.909111,1304.4,-9999.0,-9999.0,-9999.0,13.56,27.19,20.91,15.49,8.0,2.0,25.28,11.0,883.8,0.0,-2.0,2.17,40.5,827.1,105.6,57.0,162.6,31.5,801.4,2.04,115.2,0.0,0,0,"time.struct_time(tm_year=2022, tm_mon=3, tm_mday=1, tm_hour=12, tm_min=21, tm_sec=20, tm_wday=1, tm_yday=60, tm_isdst=-1)",2022-03-01,2022,3,60,1,21
2022-03-01 12:23:50,40.765224,-111.909187,1304.5,-9999.0,-9999.0,-9999.0,13.56,27.2,21.04,15.37,8.0,2.0,25.39,11.0,883.8,0.0,-0.4,2.18,40.5,826.7,106.2,50.8,157.0,31.5,801.5,2.04,115.2,0.0,0,0,"time.struct_time(tm_year=2022, tm_mon=3, tm_mday=1, tm_hour=12, tm_min=23, tm_sec=50, tm_wday=1, tm_yday=60, tm_isdst=-1)",2022-03-01,2022,3,60,1,23
2022-03-01 12:26:20,40.765194,-111.909157,1304.4,-9999.0,-9999.0,-9999.0,13.56,27.22,21.07,14.69,9.0,2.0,25.39,10.0,883.9,0.0,0.6,2.18,40.5,827.1,95.9,41.2,137.1,31.5,801.5,2.04,114.9,0.0,0,0,"time.struct_time(tm_year=2022, tm_mon=3, tm_mday=1, tm_hour=12, tm_min=26, tm_sec=20, tm_wday=1, tm_yday=60, tm_isdst=-1)",2022-03-01,2022,3,60,1,26
2022-03-01 12:28:50,40.765297,-111.909302,1304.5,-9999.0,-9999.0,-9999.0,13.56,27.24,21.16,14.65,7.0,2.0,25.39,10.0,883.6,0.0,-2.3,2.17,40.5,826.7,93.1,49.2,142.3,31.5,801.4,2.04,115.1,0.0,0,0,"time.struct_time(tm_year=2022, tm_mon=3, tm_mday=1, tm_hour=12, tm_min=28, tm_sec=50, tm_wday=1, tm_yday=60, tm_isdst=-1)",2022-03-01,2022,3,60,1,28
