Timestamp_UTC,Latitude_ddeg,Longitude_ddeg,Elevation_m,GPS_Speed_m/s,GPS_Direction_deg,GPS_RMC_Valid_binary,Battery_Voltage_volts,Bus_Box_Temperature_degC,Bus_Top_Temperature_degC,Bus_Top_Relative_Humidity_%,ES642_PM2.5_Concentration_ug/m3,ES642_Air_Flow_Rate_L/min,ES642_Internal_Air_Temperature_degC,ES642_Internal_Relative_Humidity_%,ES642_Internal_Air_Pressure_hpa,ES642_Error_Code_code,2B_Ozone_Concentration_ppbv,2B_Air_Flow_Rate_L/min,2B_Internal_Air_Temperature_degC,2B_Internal_Air_Pressure_hpa,2B405_NO_Concentration_ppbv,2B405_NO2_Concentration_ppbv,2B405_NOX_Concentration_ppbv,2B405_Internal_Air_Temperature_degC,2B405_Internal_Air_Pressure_hpa,2B405_Air_Flow_Rate_L/min,2B405_Cell_O3_Flow_Rate_mL/min,PM2.5_Data_Flagged_binary,Ozone_Data_Flagged_binary,GPS_Data_Flagged_binary,Time_Tuple,Date,Year,Month,Day_of_Year,Day_of_Month,Minute
2023-08-07 17:58:25,40.761631,-111.910683,1232.1,0.0,133.7,1.0,13.57,26.61,26.68,29.83,3.0,2.0,27.0,27.0,876.9,0.0,25.8,1.83,37.4,835.9,-9999.0,-9999.0,-9999.0,-9999.0,-9999.0,-9999.0,-9999.0,0.0,0,1,"time.struct_time(tm_year=2023, tm_mon=8, tm_mday=7, tm_hour=17, tm_min=58, tm_sec=25, tm_wday=0, tm_yday=219, tm_isdst=-1)",2023-08-07,2023,8,219,7,58
2023-08-07 18:00:55,40.761673,-111.91066,1238.5,0.0,133.7,1.0,13.57,26.84,26.57,29.89,3.0,2.0,27.22,27.0,877.0,0.0,24.2,1.82,37.8,835.8,-9999.0,-9999.0,-9999.0,-9999.0,-9999.0,-9999.0,-9999.0,0.0,0,1,"time.struct_time(tm_year=2023, tm_mon=8, tm_mday=7, tm_hour=18, tm_min=0, tm_sec=55, tm_wday=0, tm_yday=219, tm_isdst=-1)",2023-08-07,2023,8,219,7,0
2023-08-07 18:03:25,40.761623,-111.910645,1238.7,0.0,133.7,1.0,13.53,27.05,26.68,29.41,3.0,2.0,27.39,27.0,876.7,0.0,25.3,1.84,38.1,835.9,-9999.0,-9999.0,-9999.0,-9999.0,-9999.0,-9999.0,-9999.0,0.0,0,1,"time.struct_time(tm_year=2023, tm_mon=8, tm_mday=7, tm_hour=18, tm_min=3, tm_sec=25, tm_wday=0, tm_yday=219, tm_isdst=-1)",2023-08-07,2023,8,219,7,3
2023-08-07 18:05:55,40.761517,-111.910606,1243.4,0.0,133.7,1.0,13.53,27.26,26.69,28.49,2.0,2.0,27.5,26.0,876.8,0.0,27.8,1.85,38.5,835.7,-9999.0,-9999.0,-9999.0,-9999.0,-9999.0,-9999.0,-9999.0,0.0,0,1,"time.struct_time(tm_year=2023, tm_mon=8, tm_mday=7, tm_hour=18, tm_min=5, tm_sec=55, tm_wday=0, tm_yday=219, tm_isdst=-1)",2023-08-07,2023,8,219,7,5
2023-08-07 18:09:30,40.761642,-111.910583,1249.3,0.0,349.1,1.0,13.54,27.53,26.95,28.41,3.0,2.0,27.72,26.0,876.8,0.0,26.5,1.84,38.9,835.7,-9999.0,-9999.0,-9999.0,-9999.0,-9999.0,-9999.0,-9999.0,0.0,0,1,"time.struct_time(tm_year=2023, tm_mon=8, tm_mday=7, tm_hour=18, tm_min=9, tm_sec=30, tm_wday=0, tm_yday=219, tm_isdst=-1)",2023-08-07,2023,8,219,7,9
2023-08-07 18:12:00,40.761635,-111.910545,1256.2,0.0,160.6,1.0,13.54,27.72,27.15,27.93,3.0,2.0,27.89,26.0,876.9,0.0,26.0,1.83,39.2,835.7,-9999.0,-9999.0,-9999.0,-9999.0,-9999.0,-9999.0,-9999.0,0.0,0,1,"time.struct_time(tm_year=2023, tm_mon=8, tm_mday=7, tm_hour=18, tm_min=12, tm_sec=0, tm_wday=0, tm_yday=219, tm_isdst=-1)",2023-08-07,2023,8,219,7,12
2023-08-07 18:14:30,40.761646,-111.910568,1260.5,0.0,160.6,1.0,13.54,27.89,27.51,27.28,3.0,2.0,28.0,26.0,876.7,0.0,23.4,1.84,39.5,835.6,-9999.0,-9999.0,-9999.0,-9999.0,-9999.0,-9999.0,-9999.0,0.0,0,1,"time.struct_time(tm_year=2023, tm_mon=8, tm_mday=7, tm_hour=18, tm_min=14, tm_sec=30, tm_wday=0, tm_yday=219, tm_isdst=-1)",2023-08-07,2023,8,219,7,14
2023-08-07 18:17:00,40.761848,-111.910713,1318.4,0.31,1.8,1.0,13.54,28.07,27.65,26.91,4.0,2.0,28.11,26.0,876.9,0.0,30.3,1.85,39.8,835.6,-9999.0,-9999.0,-9999.0,-9999.0,-9999.0,-9999.0,-9999.0,0.0,0,1,"time.struct_time(tm_year=2023, tm_mon=8, tm_mday=7, tm_hour=18, tm_min=17, tm_sec=0, tm_wday=0, tm_yday=219, tm_isdst=-1)",2023-08-07,2023,8,219,7,17
2023-08-07 18:19:30,40.761738,-111.910782,1333.7,0.0,326.2,1.0,13.53,28.24,27.55,27.35,3.0,2.0,28.28,25.0,876.8,0.0,32.0,1.85,40.0,835.6,-9999.0,-9999.0,-9999.0,-9999.0,-9999.0,-9999.0,-9999.0,0.0,0,1,"time.struct_time(tm_year=2023, tm_mon=8, tm_mday=7, tm_hour=18, tm_min=19, tm_sec=30, tm_wday=0, tm_yday=219, tm_isdst=-1)",2023-08-07,2023,8,219,7,19
2023-08-07 18:22:00,40.761635,-111.910713,1307.0,0.0,326.2,1.0,13.53,28.41,27.5,27.32,3.0,2.0,28.39,25.0,876.7,0.0,27.7,1.85,40.3,835.6,-9999.0,-9999.0,-9999.0,-9999.0,-9999.0,-9999.0,-9999.0,0.0,0,1,"time.struct_time(tm_year=2023, tm_mon=8, tm_mday=7, tm_hour=18, tm_min=22, tm_sec=0, tm_wday=0, tm_yday=219, tm_isdst=-1)",2023-08-07,2023,8,219,7,22
2023-08-07 18:24:30,40.761711,-111.910667,1294.2,0.0,326.2,1.0,13.53,28.56,27.5,27.18,3.0,2.0,28.5,25.0,876.7,0.0,30.7,1.84,40.5,835.5,-9999.0,-9999.0,-9999.0,-9999.0,-9999.0,-9999.0,-9999.0,0.0,0,1,"time.struct_time(tm_year=2023, tm_mon=8, tm_mday=7, tm_hour=18, tm_min=24, tm_sec=30, tm_wday=0, tm_yday=219, tm_isdst=-1)",2023-08-07,2023,8,219,7,24
2023-08-07 18:27:00,40.761585,-111.910583,1267.8,0.0,326.2,1.0,13.54,28.71,27.53,26.91,3.0,2.0,28.61,25.0,876.7,0.0,33.1,1.85,40.8,835.5,-9999.0,-9999.0,-9999.0,-9999.0,-9999.0,-9999.0,-9999.0,0.0,0,1,"time.struct_time(tm_year=2023, tm_mon=8, tm_mday=7, tm_hour=18, tm_min=27, tm_sec=0, tm_wday=0, tm_yday=219, tm_isdst=-1)",2023-08-07,2023,8,219,7,27
2023-08-07 18:29:30,40.761631,-111.910614,1267.9,0.0,326.2,1.0,13.53,28.86,27.53,27.07,2.0,2.0,28.72,25.0,876.8,0.0,30.9,1.86,41.0,835.5,-9999.0,-9999.0,-9999.0,-9999.0,-9999.0,-9999.0,-9999.0,0.0,0,1,"time.struct_time(tm_year=2023, tm_mon=8, tm_mday=7, tm_hour=18, tm_min=29, tm_sec=30, tm_wday=0, tm_yday=219, tm_isdst=-1)",2023-08-07,2023,8,219,7,29
2023-08-07 18:32:00,40.761639,-111.910606,1268.1,0.0,326.2,1.0,13.53,28.99,27.49,26.32,3.0,2.0,28.78,24.0,876.6,0.0,34.8,1.85,41.2,835.6,-9999.0,-9999.0,-9999.0,-9999.0,-9999.0,-9999.0,-9999.0,0.0,0,1,"time.struct_time(tm_year=2023, tm_mon=8, tm_mday=7, tm_hour=18, tm_min=32, tm_sec=0, tm_wday=0, tm_yday=219, tm_isdst=-1)",2023-08-07,2023,8,219,7,32
2023-08-07 18:34:30,40.761639,-111.910606,1268.2,0.0,326.2,1.0,13.5,29.13,27.47,26.09,2.0,2.0,28.89,25.0,876.7,0.0,34.1,1.85,41.4,835.5,-9999.0,-9999.0,-9999.0,-9999.0,-9999.0,-9999.0,-9999.0,0.0,0,1,"time.struct_time(tm_year=2023, tm_mon=8, tm_mday=7, tm_hour=18, tm_min=34, tm_sec=30, tm_wday=0, tm_yday=219, tm_isdst=-1)",2023-08-07,2023,8,219,7,34
2023-08-07 18:37:00,40.761642,-111.910606,1268.0,0.0,326.2,1.0,13.5,29.26,27.45,27.37,2.0,2.0,28.89,24.0,876.7,0.0,36.8,1.85,41.6,835.5,-9999.0,-9999.0,-9999.0,-9999.0,-9999.0,-9999.0,-9999.0,0.0,0,1,"time.struct_time(tm_year=2023, tm_mon=8, tm_mday=7, tm_hour=18, tm_min=37, tm_sec=0, tm_wday=0, tm_yday=219, tm_isdst=-1)",2023-08-07,2023,8,219,7,37
2023-08-07 18:39:30,40.761681,-111.910637,1263.0,0.0,326.2,1.0,13.5,29.38,27.63,27.15,3.0,2.0,29.0,24.0,876.6,0.0,34.6,1.85,41.9,835.4,-9999.0,-9999.0,-9999.0,-9999.0,-9999.0,-9999.0,-9999.0,0.0,0,1,"time.struct_time(tm_year=2023, tm_mon=8, tm_mday=7, tm_hour=18, tm_min=39, tm_sec=30, tm_wday=0, tm_yday=219, tm_isdst=-1)",2023-08-07,2023,8,219,7,39
2023-08-07 18:42:00,40.761444,-111.910507,1256.9,0.0,167.2,1.0,13.5,29.5,27.61,27.11,2.0,2.0,29.11,24.0,876.6,0.0,38.0,1.87,42.0,835.5,-9999.0,-9999.0,-9999.0,-9999.0,-9999.0,-9999.0,-9999.0,0.0,0,1,"time.struct_time(tm_year=2023, tm_mon=8, tm_mday=7, tm_hour=18, tm_min=42, tm_sec=0, tm_wday=0, tm_yday=219, tm_isdst=-1)",2023-08-07,2023,8,219,7,42
2023-08-07 18:44:30,40.76149,-111.9105,1257.6,0.0,167.2,1.0,13.5,29.61,27.54,27.41,3.0,2.0,29.22,24.0,876.5,0.0,35.5,1.85,42.2,835.3,-9999.0,-9999.0,-9999.0,-9999.0,-9999.0,-9999.0,-9999.0,0.0,0,1,"time.struct_time(tm_year=2023, tm_mon=8, tm_mday=7, tm_hour=18, tm_min=44, tm_sec=30, tm_wday=0, tm_yday=219, tm_isdst=-1)",2023-08-07,2023,8,219,7,44
2023-08-07 18:47:00,40.761707,-111.91069,1279.5,0.0,326.7,1.0,13.5,29.73,27.5,28.07,3.0,2.0,29.28,25.0,876.7,0.0,34.1,1.87,42.4,835.5,-9999.0,-9999.0,-9999.0,-9999.0,-9999.0,-9999.0,-9999.0,0.0,0,1,"time.struct_time(tm_year=2023, tm_mon=8, tm_mday=7, tm_hour=18, tm_min=47, tm_sec=0, tm_wday=0, tm_yday=219, tm_isdst=-1)",2023-08-07,2023,8,219,7,47
2023-08-07 18:49:30,40.761723,-111.91069,1281.2,0.0,326.7,1.0,13.5,29.84,27.82,27.58,2.0,2.0,29.28,24.0,876.6,0.0,38.2,1.86,42.6,835.3,-9999.0,-9999.0,-9999.0,-9999.0,-9999.0,-9999.0,-9999.0,0.0,0,1,"time.struct_time(tm_year=2023, tm_mon=8, tm_mday=7, tm_hour=18, tm_min=49, tm_sec=30, tm_wday=0, tm_yday=219, tm_isdst=-1)",2023-08-07,2023,8,219,7,49
2023-08-07 18:52:00,40.761723,-111.910683,1281.5,0.0,326.7,1.0,13.5,29.95,27.75,29.07,3.0,2.0,29.39,25.0,876.6,0.0,36.4,1.86,42.7,835.4,-9999.0,-9999.0,-9999.0,-9999.0,-9999.0,-9999.0,-9999.0,0.0,0,1,"time.struct_time(tm_year=2023, tm_mon=8, tm_mday=7, tm_hour=18, tm_min=52, tm_sec=0, tm_wday=0, tm_yday=219, tm_isdst=-1)",2023-08-07,2023,8,219,7,52
2023-08-07 18:54:30,40.761719,-111.910675,1282.4,0.0,326.7,1.0,13.5,30.05,27.73,29.26,2.0,2.0,29.5,25.0,876.8,0.0,35.7,1.86,42.9,835.2,-9999.0,-9999.0,-9999.0,-9999.0,-9999.0,-9999.0,-9999.0,0.0,0,1,"time.struct_time(tm_year=2023, tm_mon=8, tm_mday=7, tm_hour=18, tm_min=54, tm_sec=30, tm_wday=0, tm_yday=219, tm_isdst=-1)",2023-08-07,2023,8,219,7,54
2023-08-07 18:57:00,40.761692,-111.910706,1285.7,0.0,326.7,1.0,13.5,30.15,27.56,30.49,2.0,2.0,29.5,25.0,876.7,0.0,40.1,1.87,43.1,835.3,-9999.0,-9999.0,-9999.0,-9999.0,-9999.0,-9999.0,-9999.0,0.0,0,1,"time.struct_time(tm_year=2023, tm_mon=8, tm_mday=7, tm_hour=18, tm_min=57, tm_sec=0, tm_wday=0, tm_yday=219, tm_isdst=-1)",2023-08-07,2023,8,219,7,57
2023-08-07 18:59:30,40.761692,-111.910706,1285.2,0.0,326.7,1.0,13.5,30.25,27.52,29.86,2.0,2.0,29.61,25.0,876.6,0.0,41.2,1.86,43.2,835.2,-9999.0,-9999.0,-9999.0,-9999.0,-9999.0,-9999.0,-9999.0,0.0,0,1,"time.struct_time(tm_year=2023, tm_mon=8, tm_mday=7, tm_hour=18, tm_min=59, tm_sec=30, tm_wday=0, tm_yday=219, tm_isdst=-1)",2023-08-07,2023,8,219,7,59
2023-08-07 19:02:00,40.761715,-111.910667,1286.5,0.0,326.7,1.0,13.5,30.33,27.47,29.98,2.0,2.0,29.61,25.0,876.5,0.0,42.5,1.88,43.4,835.3,-9999.0,-9999.0,-9999.0,-9999.0,-9999.0,-9999.0,-9999.0,0.0,0,1,"time.struct_time(tm_year=2023, tm_mon=8, tm_mday=7, tm_hour=19, tm_min=2, tm_sec=0, tm_wday=0, tm_yday=219, tm_isdst=-1)",2023-08-07,2023,8,219,7,2
2023-08-07 19:04:30,40.761673,-111.910645,1288.5,0.0,326.7,1.0,13.5,30.41,27.43,29.14,3.0,2.0,29.72,25.0,876.5,0.0,41.6,1.87,43.5,835.2,-9999.0,-9999.0,-9999.0,-9999.0,-9999.0,-9999.0,-9999.0,0.0,0,1,"time.struct_time(tm_year=2023, tm_mon=8, tm_mday=7, tm_hour=19, tm_min=4, tm_sec=30, tm_wday=0, tm_yday=219, tm_isdst=-1)",2023-08-07,2023,8,219,7,4
2023-08-07 19:07:00,40.761669,-111.910645,1289.7,0.0,326.7,1.0,13.5,30.49,27.52,28.02,2.0,2.0,29.72,24.0,876.6,0.0,43.2,1.88,43.6,835.3,-9999.0,-9999.0,-9999.0,-9999.0,-9999.0,-9999.0,-9999.0,0.0,0,1,"time.struct_time(tm_year=2023, tm_mon=8, tm_mday=7, tm_hour=19, tm_min=7, tm_sec=0, tm_wday=0, tm_yday=219, tm_isdst=-1)",2023-08-07,2023,8,219,7,7
2023-08-07 19:10:35,40.761681,-111.91066,1289.1,0.0,326.7,1.0,13.5,30.59,27.78,27.11,3.0,2.0,29.78,24.0,876.5,0.0,42.0,1.87,43.8,835.1,-9999.0,-9999.0,-9999.0,-9999.0,-9999.0,-9999.0,-9999.0,0.0,0,1,"time.struct_time(tm_year=2023, tm_mon=8, tm_mday=7, tm_hour=19, tm_min=10, tm_sec=35, tm_wday=0, tm_yday=219, tm_isdst=-1)",2023-08-07,2023,8,219,7,10
2023-08-07 19:13:05,40.761681,-111.91066,1288.4,0.0,326.7,1.0,13.5,30.66,27.84,25.71,3.0,2.0,29.78,23.0,876.5,0.0,40.5,1.86,43.9,835.2,-9999.0,-9999.0,-9999.0,-9999.0,-9999.0,-9999.0,-9999.0,0.0,0,1,"time.struct_time(tm_year=2023, tm_mon=8, tm_mday=7, tm_hour=19, tm_min=13, tm_sec=5, tm_wday=0, tm_yday=219, tm_isdst=-1)",2023-08-07,2023,8,219,7,13
2023-08-07 19:15:35,40.761681,-111.91066,1288.0,0.0,326.7,1.0,13.5,30.73,27.9,24.34,2.0,2.0,29.78,22.0,876.6,0.0,43.1,1.86,44.0,835.1,-9999.0,-9999.0,-9999.0,-9999.0,-9999.0,-9999.0,-9999.0,0.0,0,1,"time.struct_time(tm_year=2023, tm_mon=8, tm_mday=7, tm_hour=19, tm_min=15, tm_sec=35, tm_wday=0, tm_yday=219, tm_isdst=-1)",2023-08-07,2023,8,219,7,15
2023-08-07 19:18:05,40.761688,-111.910667,1287.5,0.0,326.7,1.0,13.5,30.79,27.92,24.22,2.0,2.0,29.89,22.0,876.6,0.0,43.7,1.87,44.1,835.1,-9999.0,-9999.0,-9999.0,-9999.0,-9999.0,-9999.0,-9999.0,0.0,0,1,"time.struct_time(tm_year=2023, tm_mon=8, tm_mday=7, tm_hour=19, tm_min=18, tm_sec=5, tm_wday=0, tm_yday=219, tm_isdst=-1)",2023-08-07,2023,8,219,7,18
2023-08-07 19:20:35,40.761711,-111.910728,1283.4,0.0,326.7,1.0,13.5,30.86,28.26,23.14,3.0,2.0,29.89,22.0,876.6,0.0,42.0,1.87,44.3,835.0,-9999.0,-9999.0,-9999.0,-9999.0,-9999.0,-9999.0,-9999.0,0.0,0,1,"time.struct_time(tm_year=2023, tm_mon=8, tm_mday=7, tm_hour=19, tm_min=20, tm_sec=35, tm_wday=0, tm_yday=219, tm_isdst=-1)",2023-08-07,2023,8,219,7,20
2023-08-07 19:23:05,40.761726,-111.910759,1279.2,0.0,326.7,1.0,13.5,30.93,28.34,22.11,2.0,2.0,30.0,21.0,876.5,0.0,43.4,1.88,44.3,835.1,-9999.0,-9999.0,-9999.0,-9999.0,-9999.0,-9999.0,-9999.0,0.0,0,1,"time.struct_time(tm_year=2023, tm_mon=8, tm_mday=7, tm_hour=19, tm_min=23, tm_sec=5, tm_wday=0, tm_yday=219, tm_isdst=-1)",2023-08-07,2023,8,219,7,23
2023-08-07 19:25:35,40.761719,-111.910759,1279.3,0.0,326.7,1.0,13.5,30.99,28.28,22.49,2.0,2.0,30.11,21.0,876.3,0.0,33.4,1.87,44.5,834.9,-9999.0,-9999.0,-9999.0,-9999.0,-9999.0,-9999.0,-9999.0,0.0,0,1,"time.struct_time(tm_year=2023, tm_mon=8, tm_mday=7, tm_hour=19, tm_min=25, tm_sec=35, tm_wday=0, tm_yday=219, tm_isdst=-1)",2023-08-07,2023,8,219,7,25
2023-08-07 19:28:05,40.761711,-111.910728,1279.7,0.0,326.7,1.0,13.5,31.06,28.2,22.85,2.0,2.0,30.11,21.0,876.5,0.0,44.7,1.87,44.5,835.1,-9999.0,-9999.0,-9999.0,-9999.0,-9999.0,-9999.0,-9999.0,0.0,0,1,"time.struct_time(tm_year=2023, tm_mon=8, tm_mday=7, tm_hour=19, tm_min=28, tm_sec=5, tm_wday=0, tm_yday=219, tm_isdst=-1)",2023-08-07,2023,8,219,7,28
2023-08-07 19:30:35,40.761715,-111.910728,1279.6,0.0,326.7,1.0,13.5,31.13,28.23,23.64,2.0,2.0,30.22,21.0,876.4,0.0,43.1,1.87,44.6,834.9,-9999.0,-9999.0,-9999.0,-9999.0,-9999.0,-9999.0,-9999.0,0.0,0,1,"time.struct_time(tm_year=2023, tm_mon=8, tm_mday=7, tm_hour=19, tm_min=30, tm_sec=35, tm_wday=0, tm_yday=219, tm_isdst=-1)",2023-08-07,2023,8,219,7,30
2023-08-07 19:33:05,40.761719,-111.910721,1279.5,0.0,326.7,1.0,13.5,31.19,28.36,24.04,3.0,2.0,30.22,21.0,876.4,0.0,39.5,1.88,44.7,835.0,-9999.0,-9999.0,-9999.0,-9999.0,-9999.0,-9999.0,-9999.0,0.0,0,1,"time.struct_time(tm_year=2023, tm_mon=8, tm_mday=7, tm_hour=19, tm_min=33, tm_sec=5, tm_wday=0, tm_yday=219, tm_isdst=-1)",2023-08-07,2023,8,219,7,33
2023-08-07 19:35:35,40.761719,-111.910713,1279.5,0.0,326.7,1.0,13.5,31.25,28.38,24.92,3.0,2.0,30.28,22.0,876.3,0.0,31.8,1.87,44.8,834.8,-9999.0,-9999.0,-9999.0,-9999.0,-9999.0,-9999.0,-9999.0,0.0,0,1,"time.struct_time(tm_year=2023, tm_mon=8, tm_mday=7, tm_hour=19, tm_min=35, tm_sec=35, tm_wday=0, tm_yday=219, tm_isdst=-1)",2023-08-07,2023,8,219,7,35
2023-08-07 19:38:05,40.761723,-111.910706,1280.0,0.0,326.7,1.0,13.5,31.31,28.3,24.98,2.0,2.0,30.28,22.0,876.4,0.0,38.6,1.87,44.9,834.9,-9999.0,-9999.0,-9999.0,-9999.0,-9999.0,-9999.0,-9999.0,0.0,0,1,"time.struct_time(tm_year=2023, tm_mon=8, tm_mday=7, tm_hour=19, tm_min=38, tm_sec=5, tm_wday=0, tm_yday=219, tm_isdst=-1)",2023-08-07,2023,8,219,7,38
2023-08-07 19:40:35,40.761723,-111.910706,1279.8,0.0,326.7,1.0,13.5,31.37,28.36,24.94,1.0,2.0,30.39,22.0,876.4,0.0,37.5,1.88,45.0,834.8,-9999.0,-9999.0,-9999.0,-9999.0,-9999.0,-9999.0,-9999.0,0.0,0,1,"time.struct_time(tm_year=2023, tm_mon=8, tm_mday=7, tm_hour=19, tm_min=40, tm_sec=35, tm_wday=0, tm_yday=219, tm_isdst=-1)",2023-08-07,2023,8,219,7,40
2023-08-07 19:43:05,40.761723,-111.910698,1279.8,0.0,326.7,1.0,13.47,31.43,28.6,24.04,2.0,2.0,30.39,22.0,876.4,0.0,47.4,1.88,45.1,834.8,-9999.0,-9999.0,-9999.0,-9999.0,-9999.0,-9999.0,-9999.0,0.0,0,1,"time.struct_time(tm_year=2023, tm_mon=8, tm_mday=7, tm_hour=19, tm_min=43, tm_sec=5, tm_wday=0, tm_yday=219, tm_isdst=-1)",2023-08-07,2023,8,219,7,43
2023-08-07 19:45:35,40.76173,-111.91069,1280.0,0.0,326.7,1.0,13.47,31.5,28.64,24.26,3.0,2.0,30.5,22.0,876.4,0.0,46.7,1.88,45.2,834.7,-9999.0,-9999.0,-9999.0,-9999.0,-9999.0,-9999.0,-9999.0,0.0,0,1,"time.struct_time(tm_year=2023, tm_mon=8, tm_mday=7, tm_hour=19, tm_min=45, tm_sec=35, tm_wday=0, tm_yday=219, tm_isdst=-1)",2023-08-07,2023,8,219,7,45
2023-08-07 19:48:05,40.761734,-111.91069,1280.2,0.0,326.7,1.0,13.46,31.56,28.74,23.02,2.0,2.0,30.61,21.0,876.2,0.0,45.4,1.87,45.2,834.8,-9999.0,-9999.0,-9999.0,-9999.0,-9999.0,-9999.0,-9999.0,0.0,0,1,"time.struct_time(tm_year=2023, tm_mon=8, tm_mday=7, tm_hour=19, tm_min=48, tm_sec=5, tm_wday=0, tm_yday=219, tm_isdst=-1)",2023-08-07,2023,8,219,7,48
2023-08-07 19:50:35,40.761581,-111.910675,1287.1,0.0,172.3,1.0,13.47,31.62,28.64,22.73,2.0,2.0,30.61,21.0,876.2,0.0,43.7,1.87,45.3,834.7,-9999.0,-9999.0,-9999.0,-9999.0,-9999.0,-9999.0,-9999.0,0.0,0,1,"time.struct_time(tm_year=2023, tm_mon=8, tm_mday=7, tm_hour=19, tm_min=50, tm_sec=35, tm_wday=0, tm_yday=219, tm_isdst=-1)",2023-08-07,2023,8,219,7,50
2023-08-07 19:53:05,40.761658,-111.910789,1297.8,0.0,329.1,1.0,13.46,31.68,28.79,22.67,2.0,2.0,30.72,21.0,876.1,0.0,33.3,1.88,45.4,834.7,-9999.0,-9999.0,-9999.0,-9999.0,-9999.0,-9999.0,-9999.0,0.0,0,1,"time.struct_time(tm_year=2023, tm_mon=8, tm_mday=7, tm_hour=19, tm_min=53, tm_sec=5, tm_wday=0, tm_yday=219, tm_isdst=-1)",2023-08-07,2023,8,219,7,53
2023-08-07 19:55:35,40.761753,-111.910774,1307.8,0.0,29.4,1.0,13.46,31.74,28.93,23.91,2.0,2.0,30.72,21.0,876.1,0.0,42.6,1.88,45.5,834.6,-9999.0,-9999.0,-9999.0,-9999.0,-9999.0,-9999.0,-9999.0,0.0,0,1,"time.struct_time(tm_year=2023, tm_mon=8, tm_mday=7, tm_hour=19, tm_min=55, tm_sec=35, tm_wday=0, tm_yday=219, tm_isdst=-1)",2023-08-07,2023,8,219,7,55
2023-08-07 19:58:05,40.761745,-111.910759,1308.8,0.0,29.4,1.0,13.46,31.8,29.19,24.27,3.0,2.0,30.72,21.0,876.2,0.0,47.3,1.87,45.5,834.6,-9999.0,-9999.0,-9999.0,-9999.0,-9999.0,-9999.0,-9999.0,0.0,0,1,"time.struct_time(tm_year=2023, tm_mon=8, tm_mday=7, tm_hour=19, tm_min=58, tm_sec=5, tm_wday=0, tm_yday=219, tm_isdst=-1)",2023-08-07,2023,8,219,7,58
2023-08-07 20:00:35,40.761757,-111.910751,1308.8,0.0,29.4,1.0,13.47,31.85,29.25,22.28,3.0,2.0,30.78,21.0,876.2,0.0,43.2,1.87,45.6,834.5,-9999.0,-9999.0,-9999.0,-9999.0,-9999.0,-9999.0,-9999.0,0.0,0,1,"time.struct_time(tm_year=2023, tm_mon=8, tm_mday=7, tm_hour=20, tm_min=0, tm_sec=35, tm_wday=0, tm_yday=219, tm_isdst=-1)",2023-08-07,2023,8,219,7,0
2023-08-07 20:03:05,40.761761,-111.910713,1304.0,0.0,29.4,1.0,13.47,31.91,29.2,22.66,2.0,2.0,30.89,21.0,876.1,0.0,45.4,1.89,45.7,834.6,-9999.0,-9999.0,-9999.0,-9999.0,-9999.0,-9999.0,-9999.0,0.0,0,1,"time.struct_time(tm_year=2023, tm_mon=8, tm_mday=7, tm_hour=20, tm_min=3, tm_sec=5, tm_wday=0, tm_yday=219, tm_isdst=-1)",2023-08-07,2023,8,219,7,3
2023-08-07 20:05:35,40.761787,-111.91069,1297.9,0.0,335.2,1.0,13.47,31.97,29.12,21.99,2.0,2.0,31.0,20.0,876.1,0.0,47.2,1.89,45.8,834.5,-9999.0,-9999.0,-9999.0,-9999.0,-9999.0,-9999.0,-9999.0,0.0,0,1,"time.struct_time(tm_year=2023, tm_mon=8, tm_mday=7, tm_hour=20, tm_min=5, tm_sec=35, tm_wday=0, tm_yday=219, tm_isdst=-1)",2023-08-07,2023,8,219,7,5
2023-08-07 20:08:05,40.761703,-111.91066,1285.7,0.0,170.3,1.0,13.47,32.03,29.06,21.99,2.0,2.0,31.0,20.0,876.3,0.0,41.3,1.89,45.8,834.6,-9999.0,-9999.0,-9999.0,-9999.0,-9999.0,-9999.0,-9999.0,0.0,0,1,"time.struct_time(tm_year=2023, tm_mon=8, tm_mday=7, tm_hour=20, tm_min=8, tm_sec=5, tm_wday=0, tm_yday=219, tm_isdst=-1)",2023-08-07,2023,8,219,7,8
2023-08-07 20:11:40,40.761654,-111.910767,1303.6,0.0,215.4,1.0,13.47,32.11,29.04,23.41,2.0,2.0,31.11,20.0,876.1,0.0,41.2,1.89,45.9,834.6,-9999.0,-9999.0,-9999.0,-9999.0,-9999.0,-9999.0,-9999.0,0.0,0,1,"time.struct_time(tm_year=2023, tm_mon=8, tm_mday=7, tm_hour=20, tm_min=11, tm_sec=40, tm_wday=0, tm_yday=219, tm_isdst=-1)",2023-08-07,2023,8,219,7,11
2023-08-07 20:14:10,40.761623,-111.91066,1301.0,0.0,158.5,1.0,13.47,32.17,29.24,24.46,3.0,2.0,31.11,21.0,876.2,0.0,50.4,1.89,46.0,834.5,-9999.0,-9999.0,-9999.0,-9999.0,-9999.0,-9999.0,-9999.0,0.0,0,1,"time.struct_time(tm_year=2023, tm_mon=8, tm_mday=7, tm_hour=20, tm_min=14, tm_sec=10, tm_wday=0, tm_yday=219, tm_isdst=-1)",2023-08-07,2023,8,219,7,14
2023-08-07 20:16:40,40.761673,-111.910652,1298.7,0.0,158.5,1.0,13.46,32.23,29.16,24.14,3.0,2.0,31.22,21.0,876.2,0.0,46.2,1.88,46.1,834.5,-9999.0,-9999.0,-9999.0,-9999.0,-9999.0,-9999.0,-9999.0,0.0,0,1,"time.struct_time(tm_year=2023, tm_mon=8, tm_mday=7, tm_hour=20, tm_min=16, tm_sec=40, tm_wday=0, tm_yday=219, tm_isdst=-1)",2023-08-07,2023,8,219,7,16
2023-08-07 20:19:10,40.761608,-111.910645,1278.4,0.0,158.5,1.0,13.47,32.28,29.15,24.14,3.0,2.0,31.22,21.0,876.3,0.0,45.6,1.88,46.1,834.4,-9999.0,-9999.0,-9999.0,-9999.0,-9999.0,-9999.0,-9999.0,0.0,0,1,"time.struct_time(tm_year=2023, tm_mon=8, tm_mday=7, tm_hour=20, tm_min=19, tm_sec=10, tm_wday=0, tm_yday=219, tm_isdst=-1)",2023-08-07,2023,8,219,7,19
2023-08-07 20:21:40,40.761574,-111.910667,1264.3,0.0,158.5,1.0,13.47,32.33,28.98,23.98,4.0,2.0,31.28,20.0,876.1,0.0,48.5,1.88,46.2,834.5,-9999.0,-9999.0,-9999.0,-9999.0,-9999.0,-9999.0,-9999.0,0.0,0,1,"time.struct_time(tm_year=2023, tm_mon=8, tm_mday=7, tm_hour=20, tm_min=21, tm_sec=40, tm_wday=0, tm_yday=219, tm_isdst=-1)",2023-08-07,2023,8,219,7,21
2023-08-07 20:24:10,40.761597,-111.910698,1265.1,0.0,158.5,1.0,13.47,32.37,28.81,23.9,3.0,2.0,31.28,20.0,876.1,0.0,48.1,1.88,46.2,834.4,-9999.0,-9999.0,-9999.0,-9999.0,-9999.0,-9999.0,-9999.0,0.0,0,1,"time.struct_time(tm_year=2023, tm_mon=8, tm_mday=7, tm_hour=20, tm_min=24, tm_sec=10, tm_wday=0, tm_yday=219, tm_isdst=-1)",2023-08-07,2023,8,219,7,24
2023-08-07 20:26:40,40.761452,-111.910652,1249.9,0.51,166.8,1.0,13.46,32.41,28.78,22.8,3.0,2.0,31.28,20.0,876.2,0.0,44.0,1.88,46.3,834.4,-9999.0,-9999.0,-9999.0,-9999.0,-9999.0,-9999.0,-9999.0,0.0,0,1,"time.struct_time(tm_year=2023, tm_mon=8, tm_mday=7, tm_hour=20, tm_min=26, tm_sec=40, tm_wday=0, tm_yday=219, tm_isdst=-1)",2023-08-07,2023,8,219,7,26
2023-08-07 20:29:10,40.761787,-111.910652,1301.8,0.0,353.7,1.0,13.46,32.44,28.96,22.87,2.0,2.0,31.28,20.0,876.0,0.0,39.5,1.88,46.4,834.3,-9999.0,-9999.0,-9999.0,-9999.0,-9999.0,-9999.0,-9999.0,0.0,0,1,"time.struct_time(tm_year=2023, tm_mon=8, tm_mday=7, tm_hour=20, tm_min=29, tm_sec=10, tm_wday=0, tm_yday=219, tm_isdst=-1)",2023-08-07,2023,8,219,7,29
2023-08-07 20:31:40,40.761742,-111.910645,1287.5,0.0,353.7,1.0,13.47,32.47,28.93,22.6,3.0,2.0,31.28,20.0,875.9,0.0,45.7,1.89,46.4,834.4,-9999.0,-9999.0,-9999.0,-9999.0,-9999.0,-9999.0,-9999.0,0.0,0,1,"time.struct_time(tm_year=2023, tm_mon=8, tm_mday=7, tm_hour=20, tm_min=31, tm_sec=40, tm_wday=0, tm_yday=219, tm_isdst=-1)",2023-08-07,2023,8,219,7,31
2023-08-07 20:34:10,40.761723,-111.910652,1287.2,0.0,353.7,1.0,13.46,32.5,28.92,21.63,3.0,2.0,31.28,19.0,876.0,0.0,47.4,1.88,46.5,834.3,-9999.0,-9999.0,-9999.0,-9999.0,-9999.0,-9999.0,-9999.0,0.0,0,1,"time.struct_time(tm_year=2023, tm_mon=8, tm_mday=7, tm_hour=20, tm_min=34, tm_sec=10, tm_wday=0, tm_yday=219, tm_isdst=-1)",2023-08-07,2023,8,219,7,34
2023-08-07 20:36:40,40.761684,-111.91066,1283.1,0.0,353.7,1.0,13.47,32.52,29.04,21.52,3.0,2.0,31.39,19.0,876.0,0.0,44.5,1.88,46.5,834.3,-9999.0,-9999.0,-9999.0,-9999.0,-9999.0,-9999.0,-9999.0,0.0,0,1,"time.struct_time(tm_year=2023, tm_mon=8, tm_mday=7, tm_hour=20, tm_min=36, tm_sec=40, tm_wday=0, tm_yday=219, tm_isdst=-1)",2023-08-07,2023,8,219,7,36
2023-08-07 20:39:10,40.761692,-111.910637,1282.5,0.0,353.7,1.0,13.47,32.55,29.23,20.89,3.0,2.0,31.39,19.0,875.9,0.0,37.3,1.9,46.6,834.1,-9999.0,-9999.0,-9999.0,-9999.0,-9999.0,-9999.0,-9999.0,0.0,0,1,"time.struct_time(tm_year=2023, tm_mon=8, tm_mday=7, tm_hour=20, tm_min=39, tm_sec=10, tm_wday=0, tm_yday=219, tm_isdst=-1)",2023-08-07,2023,8,219,7,39
2023-08-07 20:41:40,40.76173,-111.910583,1276.3,0.0,353.7,1.0,13.46,32.58,29.42,20.26,3.0,2.0,31.39,19.0,876.0,0.0,39.9,1.89,46.6,834.2,-9999.0,-9999.0,-9999.0,-9999.0,-9999.0,-9999.0,-9999.0,0.0,0,1,"time.struct_time(tm_year=2023, tm_mon=8, tm_mday=7, tm_hour=20, tm_min=41, tm_sec=40, tm_wday=0, tm_yday=219, tm_isdst=-1)",2023-08-07,2023,8,219,7,41
2023-08-07 20:44:10,40.761627,-111.910629,1244.8,0.0,197.3,1.0,13.47,32.61,29.56,19.23,4.0,2.0,31.5,18.0,875.9,0.0,38.7,1.88,46.6,834.1,-9999.0,-9999.0,-9999.0,-9999.0,-9999.0,-9999.0,-9999.0,0.0,0,1,"time.struct_time(tm_year=2023, tm_mon=8, tm_mday=7, tm_hour=20, tm_min=44, tm_sec=10, tm_wday=0, tm_yday=219, tm_isdst=-1)",2023-08-07,2023,8,219,7,44
2023-08-07 20:46:40,40.761562,-111.910553,1245.3,0.0,177.5,1.0,13.47,32.64,29.48,18.62,3.0,2.0,31.5,18.0,875.7,0.0,44.0,1.89,46.7,834.2,-9999.0,-9999.0,-9999.0,-9999.0,-9999.0,-9999.0,-9999.0,0.0,0,1,"time.struct_time(tm_year=2023, tm_mon=8, tm_mday=7, tm_hour=20, tm_min=46, tm_sec=40, tm_wday=0, tm_yday=219, tm_isdst=-1)",2023-08-07,2023,8,219,7,46
2023-08-07 20:49:10,40.761555,-111.910614,1246.5,0.0,213.8,1.0,13.46,32.68,29.51,19.52,3.0,2.0,31.5,18.0,875.7,0.0,47.8,1.89,46.7,833.9,-9999.0,-9999.0,-9999.0,-9999.0,-9999.0,-9999.0,-9999.0,0.0,0,1,"time.struct_time(tm_year=2023, tm_mon=8, tm_mday=7, tm_hour=20, tm_min=49, tm_sec=10, tm_wday=0, tm_yday=219, tm_isdst=-1)",2023-08-07,2023,8,219,7,49
2023-08-07 20:51:40,40.761528,-111.910721,1247.2,0.0,213.8,1.0,13.47,32.71,29.63,18.9,3.0,2.0,31.61,18.0,875.7,0.0,42.4,1.9,46.8,834.1,-9999.0,-9999.0,-9999.0,-9999.0,-9999.0,-9999.0,-9999.0,0.0,0,1,"time.struct_time(tm_year=2023, tm_mon=8, tm_mday=7, tm_hour=20, tm_min=51, tm_sec=40, tm_wday=0, tm_yday=219, tm_isdst=-1)",2023-08-07,2023,8,219,7,51
2023-08-07 20:54:10,40.76149,-111.910759,1248.5,0.0,213.8,1.0,13.46,32.75,29.57,17.96,3.0,2.0,31.61,17.0,875.8,0.0,47.8,1.89,46.8,834.0,-9999.0,-9999.0,-9999.0,-9999.0,-9999.0,-9999.0,-9999.0,0.0,0,1,"time.struct_time(tm_year=2023, tm_mon=8, tm_mday=7, tm_hour=20, tm_min=54, tm_sec=10, tm_wday=0, tm_yday=219, tm_isdst=-1)",2023-08-07,2023,8,219,7,54
2023-08-07 20:56:40,40.761478,-111.910728,1249.2,0.0,337.9,1.0,13.47,32.79,29.32,17.93,2.0,2.0,31.61,17.0,875.7,0.0,47.0,1.89,46.8,834.0,-9999.0,-9999.0,-9999.0,-9999.0,-9999.0,-9999.0,-9999.0,0.0,0,1,"time.struct_time(tm_year=2023, tm_mon=8, tm_mday=7, tm_hour=20, tm_min=56, tm_sec=40, tm_wday=0, tm_yday=219, tm_isdst=-1)",2023-08-07,2023,8,219,7,56
2023-08-07 20:59:10,40.761593,-111.910629,1249.9,0.0,268.0,1.0,13.47,32.82,29.24,17.83,2.0,2.0,31.61,16.0,875.8,0.0,39.9,1.89,46.9,833.9,-9999.0,-9999.0,-9999.0,-9999.0,-9999.0,-9999.0,-9999.0,0.0,0,1,"time.struct_time(tm_year=2023, tm_mon=8, tm_mday=7, tm_hour=20, tm_min=59, tm_sec=10, tm_wday=0, tm_yday=219, tm_isdst=-1)",2023-08-07,2023,8,219,7,59
2023-08-07 21:01:40,40.761566,-111.91066,1248.2,0.0,198.1,1.0,13.47,32.85,29.64,19.05,3.0,2.0,31.72,17.0,875.7,0.0,37.0,1.9,46.9,833.9,-9999.0,-9999.0,-9999.0,-9999.0,-9999.0,-9999.0,-9999.0,0.0,0,1,"time.struct_time(tm_year=2023, tm_mon=8, tm_mday=7, tm_hour=21, tm_min=1, tm_sec=40, tm_wday=0, tm_yday=219, tm_isdst=-1)",2023-08-07,2023,8,219,7,1
2023-08-07 21:04:10,40.761635,-111.910637,1248.8,0.0,198.1,1.0,13.46,32.88,29.82,18.43,3.0,2.0,31.72,17.0,875.8,0.0,37.5,1.89,47.0,833.8,-9999.0,-9999.0,-9999.0,-9999.0,-9999.0,-9999.0,-9999.0,0.0,0,1,"time.struct_time(tm_year=2023, tm_mon=8, tm_mday=7, tm_hour=21, tm_min=4, tm_sec=10, tm_wday=0, tm_yday=219, tm_isdst=-1)",2023-08-07,2023,8,219,7,4
2023-08-07 21:06:40,40.761642,-111.910622,1248.8,0.0,198.1,1.0,13.47,32.92,29.63,18.6,3.0,2.0,31.78,17.0,875.6,0.0,46.4,1.89,47.0,833.9,-9999.0,-9999.0,-9999.0,-9999.0,-9999.0,-9999.0,-9999.0,0.0,0,1,"time.struct_time(tm_year=2023, tm_mon=8, tm_mday=7, tm_hour=21, tm_min=6, tm_sec=40, tm_wday=0, tm_yday=219, tm_isdst=-1)",2023-08-07,2023,8,219,7,6
2023-08-07 21:09:10,40.761612,-111.910652,1247.8,0.0,198.1,1.0,13.47,32.95,29.66,17.98,3.0,2.0,31.78,17.0,875.6,0.0,41.9,1.9,47.0,833.8,-9999.0,-9999.0,-9999.0,-9999.0,-9999.0,-9999.0,-9999.0,0.0,0,1,"time.struct_time(tm_year=2023, tm_mon=8, tm_mday=7, tm_hour=21, tm_min=9, tm_sec=10, tm_wday=0, tm_yday=219, tm_isdst=-1)",2023-08-07,2023,8,219,7,9
2023-08-07 21:12:50,40.761749,-111.910606,1257.8,0.0,198.1,1.0,13.47,33.0,29.89,18.04,3.0,2.0,31.89,16.0,875.6,0.0,49.3,1.89,47.1,833.7,-9999.0,-9999.0,-9999.0,-9999.0,-9999.0,-9999.0,-9999.0,0.0,0,1,"time.struct_time(tm_year=2023, tm_mon=8, tm_mday=7, tm_hour=21, tm_min=12, tm_sec=50, tm_wday=0, tm_yday=219, tm_isdst=-1)",2023-08-07,2023,8,219,7,12
2023-08-07 21:15:20,40.761791,-111.910622,1268.9,0.0,198.1,1.0,13.46,33.04,29.91,18.32,3.0,2.0,31.89,17.0,875.8,0.0,48.1,1.89,47.1,833.9,-9999.0,-9999.0,-9999.0,-9999.0,-9999.0,-9999.0,-9999.0,0.0,0,1,"time.struct_time(tm_year=2023, tm_mon=8, tm_mday=7, tm_hour=21, tm_min=15, tm_sec=20, tm_wday=0, tm_yday=219, tm_isdst=-1)",2023-08-07,2023,8,219,7,15
2023-08-07 21:17:50,40.761852,-111.910606,1272.6,0.0,2.7,1.0,13.47,33.07,29.55,18.58,2.0,2.0,31.89,17.0,875.6,0.0,49.5,1.89,47.2,833.7,-9999.0,-9999.0,-9999.0,-9999.0,-9999.0,-9999.0,-9999.0,0.0,0,1,"time.struct_time(tm_year=2023, tm_mon=8, tm_mday=7, tm_hour=21, tm_min=17, tm_sec=50, tm_wday=0, tm_yday=219, tm_isdst=-1)",2023-08-07,2023,8,219,7,17
2023-08-07 21:20:20,40.761677,-111.910667,1303.6,0.0,206.4,1.0,13.46,33.11,29.3,19.24,2.0,2.0,32.0,17.0,875.6,0.0,43.0,1.89,47.2,833.8,-9999.0,-9999.0,-9999.0,-9999.0,-9999.0,-9999.0,-9999.0,0.0,0,1,"time.struct_time(tm_year=2023, tm_mon=8, tm_mday=7, tm_hour=21, tm_min=20, tm_sec=20, tm_wday=0, tm_yday=219, tm_isdst=-1)",2023-08-07,2023,8,219,7,20
2023-08-07 21:22:50,40.76165,-111.910667,1306.0,0.0,206.4,1.0,13.46,33.14,29.59,18.19,3.0,2.0,32.0,17.0,875.6,0.0,48.2,1.89,47.2,833.6,-9999.0,-9999.0,-9999.0,-9999.0,-9999.0,-9999.0,-9999.0,0.0,0,1,"time.struct_time(tm_year=2023, tm_mon=8, tm_mday=7, tm_hour=21, tm_min=22, tm_sec=50, tm_wday=0, tm_yday=219, tm_isdst=-1)",2023-08-07,2023,8,219,7,22
2023-08-07 21:25:20,40.761768,-111.910698,1309.5,0.0,206.4,1.0,13.47,33.17,29.62,18.59,3.0,2.0,32.11,16.0,875.5,0.0,50.8,1.9,47.3,833.7,-9999.0,-9999.0,-9999.0,-9999.0,-9999.0,-9999.0,-9999.0,0.0,0,1,"time.struct_time(tm_year=2023, tm_mon=8, tm_mday=7, tm_hour=21, tm_min=25, tm_sec=20, tm_wday=0, tm_yday=219, tm_isdst=-1)",2023-08-07,2023,8,219,7,25
2023-08-07 21:27:50,40.761757,-111.910698,1311.4,0.0,206.4,1.0,13.46,33.2,29.74,17.09,2.0,2.0,32.11,16.0,875.4,0.0,48.7,1.89,47.3,833.6,-9999.0,-9999.0,-9999.0,-9999.0,-9999.0,-9999.0,-9999.0,0.0,0,1,"time.struct_time(tm_year=2023, tm_mon=8, tm_mday=7, tm_hour=21, tm_min=27, tm_sec=50, tm_wday=0, tm_yday=219, tm_isdst=-1)",2023-08-07,2023,8,219,7,27
2023-08-07 21:30:20,40.761703,-111.910721,1312.3,0.0,206.4,1.0,13.47,33.23,29.6,18.11,2.0,2.0,32.11,16.0,875.7,0.0,46.3,1.9,47.3,833.6,-9999.0,-9999.0,-9999.0,-9999.0,-9999.0,-9999.0,-9999.0,0.0,0,1,"time.struct_time(tm_year=2023, tm_mon=8, tm_mday=7, tm_hour=21, tm_min=30, tm_sec=20, tm_wday=0, tm_yday=219, tm_isdst=-1)",2023-08-07,2023,8,219,7,30
2023-08-07 21:32:50,40.761787,-111.910706,1313.4,0.0,7.1,1.0,13.47,33.25,29.53,18.95,4.0,2.0,32.11,16.0,875.6,0.0,46.4,1.89,47.4,833.6,-9999.0,-9999.0,-9999.0,-9999.0,-9999.0,-9999.0,-9999.0,0.0,0,1,"time.struct_time(tm_year=2023, tm_mon=8, tm_mday=7, tm_hour=21, tm_min=32, tm_sec=50, tm_wday=0, tm_yday=219, tm_isdst=-1)",2023-08-07,2023,8,219,7,32
2023-08-07 21:35:20,40.761623,-111.910744,1305.8,0.0,195.6,1.0,13.46,33.28,29.76,18.71,3.0,2.0,32.11,16.0,875.7,0.0,48.6,1.88,47.4,833.7,-9999.0,-9999.0,-9999.0,-9999.0,-9999.0,-9999.0,-9999.0,0.0,0,1,"time.struct_time(tm_year=2023, tm_mon=8, tm_mday=7, tm_hour=21, tm_min=35, tm_sec=20, tm_wday=0, tm_yday=219, tm_isdst=-1)",2023-08-07,2023,8,219,7,35
2023-08-07 21:37:50,40.761654,-111.910744,1295.4,0.0,195.6,1.0,13.46,33.3,29.77,19.43,4.0,2.0,32.11,17.0,875.5,0.0,42.8,1.88,47.4,833.6,-9999.0,-9999.0,-9999.0,-9999.0,-9999.0,-9999.0,-9999.0,0.0,0,1,"time.struct_time(tm_year=2023, tm_mon=8, tm_mday=7, tm_hour=21, tm_min=37, tm_sec=50, tm_wday=0, tm_yday=219, tm_isdst=-1)",2023-08-07,2023,8,219,7,37
2023-08-07 21:40:20,40.761696,-111.910721,1290.3,0.0,195.6,1.0,13.47,33.32,29.94,19.21,3.0,2.0,32.22,17.0,875.6,0.0,44.4,1.89,47.5,833.6,-9999.0,-9999.0,-9999.0,-9999.0,-9999.0,-9999.0,-9999.0,0.0,0,1,"time.struct_time(tm_year=2023, tm_mon=8, tm_mday=7, tm_hour=21, tm_min=40, tm_sec=20, tm_wday=0, tm_yday=219, tm_isdst=-1)",2023-08-07,2023,8,219,7,40
2023-08-07 21:42:50,40.761688,-111.910713,1290.3,0.0,195.6,1.0,13.47,33.34,29.68,20.01,3.0,2.0,32.22,17.0,875.4,0.0,50.3,1.9,47.5,833.4,-9999.0,-9999.0,-9999.0,-9999.0,-9999.0,-9999.0,-9999.0,0.0,0,1,"time.struct_time(tm_year=2023, tm_mon=8, tm_mday=7, tm_hour=21, tm_min=42, tm_sec=50, tm_wday=0, tm_yday=219, tm_isdst=-1)",2023-08-07,2023,8,219,7,42
2023-08-07 21:45:20,40.761688,-111.910713,1290.5,0.0,195.6,1.0,13.47,33.36,29.73,17.93,2.0,2.0,32.22,17.0,875.6,0.0,48.2,1.9,47.5,833.5,-9999.0,-9999.0,-9999.0,-9999.0,-9999.0,-9999.0,-9999.0,0.0,0,1,"time.struct_time(tm_year=2023, tm_mon=8, tm_mday=7, tm_hour=21, tm_min=45, tm_sec=20, tm_wday=0, tm_yday=219, tm_isdst=-1)",2023-08-07,2023,8,219,7,45
2023-08-07 21:47:50,40.761696,-111.910744,1281.3,0.0,195.6,1.0,13.47,33.38,29.78,17.39,3.0,2.0,32.22,16.0,875.2,0.0,48.2,1.89,47.6,833.4,-9999.0,-9999.0,-9999.0,-9999.0,-9999.0,-9999.0,-9999.0,0.0,0,1,"time.struct_time(tm_year=2023, tm_mon=8, tm_mday=7, tm_hour=21, tm_min=47, tm_sec=50, tm_wday=0, tm_yday=219, tm_isdst=-1)",2023-08-07,2023,8,219,7,47
2023-08-07 21:50:20,40.761711,-111.910751,1278.1,0.0,195.6,1.0,13.46,33.39,29.85,17.2,3.0,2.0,32.22,16.0,875.2,0.0,41.8,1.9,47.6,833.4,-9999.0,-9999.0,-9999.0,-9999.0,-9999.0,-9999.0,-9999.0,0.0,0,1,"time.struct_time(tm_year=2023, tm_mon=8, tm_mday=7, tm_hour=21, tm_min=50, tm_sec=20, tm_wday=0, tm_yday=219, tm_isdst=-1)",2023-08-07,2023,8,219,7,50
2023-08-07 21:52:50,40.761776,-111.910721,1264.5,0.0,195.6,1.0,13.47,33.41,30.03,18.16,3.0,2.0,32.22,16.0,875.2,0.0,50.0,1.89,47.6,833.2,-9999.0,-9999.0,-9999.0,-9999.0,-9999.0,-9999.0,-9999.0,0.0,0,1,"time.struct_time(tm_year=2023, tm_mon=8, tm_mday=7, tm_hour=21, tm_min=52, tm_sec=50, tm_wday=0, tm_yday=219, tm_isdst=-1)",2023-08-07,2023,8,219,7,52
2023-08-07 21:55:20,40.761757,-111.910736,1265.1,0.0,195.6,1.0,13.47,33.43,29.85,18.56,3.0,2.0,32.22,16.0,875.2,0.0,49.8,1.9,47.6,833.4,-9999.0,-9999.0,-9999.0,-9999.0,-9999.0,-9999.0,-9999.0,0.0,0,1,"time.struct_time(tm_year=2023, tm_mon=8, tm_mday=7, tm_hour=21, tm_min=55, tm_sec=20, tm_wday=0, tm_yday=219, tm_isdst=-1)",2023-08-07,2023,8,219,7,55
2023-08-07 21:57:50,40.761806,-111.910675,1274.9,0.0,0.8,1.0,13.47,33.44,29.92,19.04,3.0,2.0,32.28,16.0,875.4,0.0,51.1,1.91,47.7,833.3,-9999.0,-9999.0,-9999.0,-9999.0,-9999.0,-9999.0,-9999.0,0.0,0,1,"time.struct_time(tm_year=2023, tm_mon=8, tm_mday=7, tm_hour=21, tm_min=57, tm_sec=50, tm_wday=0, tm_yday=219, tm_isdst=-1)",2023-08-07,2023,8,219,7,57
2023-08-07 22:00:20,40.76173,-111.910789,1294.4,0.0,0.8,1.0,13.46,33.46,29.85,19.0,3.0,2.0,32.22,17.0,875.2,0.0,43.7,1.9,47.7,833.4,-9999.0,-9999.0,-9999.0,-9999.0,-9999.0,-9999.0,-9999.0,0.0,0,1,"time.struct_time(tm_year=2023, tm_mon=8, tm_mday=7, tm_hour=22, tm_min=0, tm_sec=20, tm_wday=0, tm_yday=219, tm_isdst=-1)",2023-08-07,2023,8,219,7,0
2023-08-07 22:02:50,40.76173,-111.910782,1294.0,0.0,0.8,1.0,13.47,33.47,29.87,18.42,3.0,2.0,32.28,16.0,875.4,0.0,47.0,1.89,47.7,833.2,-9999.0,-9999.0,-9999.0,-9999.0,-9999.0,-9999.0,-9999.0,0.0,0,1,"time.struct_time(tm_year=2023, tm_mon=8, tm_mday=7, tm_hour=22, tm_min=2, tm_sec=50, tm_wday=0, tm_yday=219, tm_isdst=-1)",2023-08-07,2023,8,219,7,2
2023-08-07 22:05:20,40.761757,-111.910774,1292.9,0.0,0.8,1.0,13.46,33.49,29.77,18.9,3.0,2.0,32.28,16.0,875.1,0.0,47.8,1.89,47.7,833.3,-9999.0,-9999.0,-9999.0,-9999.0,-9999.0,-9999.0,-9999.0,0.0,0,1,"time.struct_time(tm_year=2023, tm_mon=8, tm_mday=7, tm_hour=22, tm_min=5, tm_sec=20, tm_wday=0, tm_yday=219, tm_isdst=-1)",2023-08-07,2023,8,219,7,5
2023-08-07 22:07:50,40.761757,-111.910782,1292.6,0.0,0.8,1.0,13.46,33.5,29.77,18.58,3.0,2.0,32.28,16.0,875.2,0.0,46.1,1.9,47.7,833.2,-9999.0,-9999.0,-9999.0,-9999.0,-9999.0,-9999.0,-9999.0,0.0,0,1,"time.struct_time(tm_year=2023, tm_mon=8, tm_mday=7, tm_hour=22, tm_min=7, tm_sec=50, tm_wday=0, tm_yday=219, tm_isdst=-1)",2023-08-07,2023,8,219,7,7
2023-08-07 22:10:20,40.761818,-111.910774,1292.3,0.0,0.8,1.0,13.47,33.51,29.89,18.1,3.0,2.0,32.28,16.0,875.2,0.0,52.4,1.91,47.8,833.2,-9999.0,-9999.0,-9999.0,-9999.0,-9999.0,-9999.0,-9999.0,0.0,0,1,"time.struct_time(tm_year=2023, tm_mon=8, tm_mday=7, tm_hour=22, tm_min=10, tm_sec=20, tm_wday=0, tm_yday=219, tm_isdst=-1)",2023-08-07,2023,8,219,7,10
2023-08-07 22:14:00,40.761803,-111.910767,1291.8,0.0,0.8,1.0,13.46,33.53,29.76,18.59,3.0,2.0,32.28,16.0,875.2,0.0,50.6,1.89,47.8,833.1,-9999.0,-9999.0,-9999.0,-9999.0,-9999.0,-9999.0,-9999.0,0.0,0,1,"time.struct_time(tm_year=2023, tm_mon=8, tm_mday=7, tm_hour=22, tm_min=14, tm_sec=0, tm_wday=0, tm_yday=219, tm_isdst=-1)",2023-08-07,2023,8,219,7,14
2023-08-07 22:16:30,40.761742,-111.910744,1288.4,0.0,0.8,1.0,13.46,33.54,29.71,18.9,3.0,2.0,32.28,16.0,875.0,0.0,44.1,1.9,47.8,833.0,-9999.0,-9999.0,-9999.0,-9999.0,-9999.0,-9999.0,-9999.0,0.0,0,1,"time.struct_time(tm_year=2023, tm_mon=8, tm_mday=7, tm_hour=22, tm_min=16, tm_sec=30, tm_wday=0, tm_yday=219, tm_isdst=-1)",2023-08-07,2023,8,219,7,16
2023-08-07 22:19:00,40.761742,-111.910736,1287.6,0.0,0.8,1.0,13.47,33.55,29.81,17.41,2.0,2.0,32.28,16.0,875.2,0.0,47.0,1.9,47.8,833.1,-9999.0,-9999.0,-9999.0,-9999.0,-9999.0,-9999.0,-9999.0,0.0,0,1,"time.struct_time(tm_year=2023, tm_mon=8, tm_mday=7, tm_hour=22, tm_min=19, tm_sec=0, tm_wday=0, tm_yday=219, tm_isdst=-1)",2023-08-07,2023,8,219,7,19
2023-08-07 22:21:30,40.761742,-111.910736,1287.1,0.0,0.8,1.0,13.46,33.56,29.67,17.51,2.0,2.0,32.28,15.0,875.0,0.0,48.7,1.9,47.9,833.0,-9999.0,-9999.0,-9999.0,-9999.0,-9999.0,-9999.0,-9999.0,0.0,0,1,"time.struct_time(tm_year=2023, tm_mon=8, tm_mday=7, tm_hour=22, tm_min=21, tm_sec=30, tm_wday=0, tm_yday=219, tm_isdst=-1)",2023-08-07,2023,8,219,7,21
2023-08-07 22:24:00,40.761715,-111.910645,1287.7,0.31,134.6,1.0,13.47,33.56,29.56,17.76,2.0,2.0,32.28,15.0,874.9,0.0,48.2,1.89,47.9,833.1,-9999.0,-9999.0,-9999.0,-9999.0,-9999.0,-9999.0,-9999.0,0.0,0,1,"time.struct_time(tm_year=2023, tm_mon=8, tm_mday=7, tm_hour=22, tm_min=24, tm_sec=0, tm_wday=0, tm_yday=219, tm_isdst=-1)",2023-08-07,2023,8,219,7,24
2023-08-07 22:26:30,40.761784,-111.910637,1277.5,0.0,134.6,1.0,13.46,33.56,29.71,17.37,2.0,2.0,32.28,15.0,874.9,0.0,49.3,1.91,47.9,832.9,-9999.0,-9999.0,-9999.0,-9999.0,-9999.0,-9999.0,-9999.0,0.0,0,1,"time.struct_time(tm_year=2023, tm_mon=8, tm_mday=7, tm_hour=22, tm_min=26, tm_sec=30, tm_wday=0, tm_yday=219, tm_isdst=-1)",2023-08-07,2023,8,219,7,26
2023-08-07 22:29:00,40.761787,-111.91066,1282.1,0.0,134.6,1.0,13.47,33.57,29.71,17.65,2.0,2.0,32.28,15.0,875.2,0.0,54.5,1.89,47.9,833.1,-9999.0,-9999.0,-9999.0,-9999.0,-9999.0,-9999.0,-9999.0,0.0,0,1,"time.struct_time(tm_year=2023, tm_mon=8, tm_mday=7, tm_hour=22, tm_min=29, tm_sec=0, tm_wday=0, tm_yday=219, tm_isdst=-1)",2023-08-07,2023,8,219,7,29
2023-08-07 22:31:30,40.761665,-111.91069,1290.9,0.0,180.0,1.0,13.47,33.58,29.67,18.1,2.0,2.0,32.28,16.0,875.1,0.0,47.9,1.9,47.9,832.9,-9999.0,-9999.0,-9999.0,-9999.0,-9999.0,-9999.0,-9999.0,0.0,0,1,"time.struct_time(tm_year=2023, tm_mon=8, tm_mday=7, tm_hour=22, tm_min=31, tm_sec=30, tm_wday=0, tm_yday=219, tm_isdst=-1)",2023-08-07,2023,8,219,7,31
2023-08-07 22:34:00,40.761963,-111.910683,1268.0,0.0,8.4,1.0,13.47,33.58,29.55,18.0,2.0,2.0,32.39,15.0,875.0,0.0,51.4,1.89,47.9,833.0,-9999.0,-9999.0,-9999.0,-9999.0,-9999.0,-9999.0,-9999.0,0.0,0,1,"time.struct_time(tm_year=2023, tm_mon=8, tm_mday=7, tm_hour=22, tm_min=34, tm_sec=0, tm_wday=0, tm_yday=219, tm_isdst=-1)",2023-08-07,2023,8,219,7,34
2023-08-07 22:36:30,40.761852,-111.910645,1270.6,0.0,167.4,1.0,13.47,33.59,29.56,18.74,2.0,2.0,32.39,16.0,874.9,0.0,51.6,1.9,47.9,832.8,-9999.0,-9999.0,-9999.0,-9999.0,-9999.0,-9999.0,-9999.0,0.0,0,1,"time.struct_time(tm_year=2023, tm_mon=8, tm_mday=7, tm_hour=22, tm_min=36, tm_sec=30, tm_wday=0, tm_yday=219, tm_isdst=-1)",2023-08-07,2023,8,219,7,36
2023-08-07 22:39:00,40.761837,-111.910637,1271.3,0.0,167.4,1.0,13.47,33.59,29.48,18.52,2.0,2.0,32.28,16.0,874.8,0.0,46.9,1.89,47.9,832.9,-9999.0,-9999.0,-9999.0,-9999.0,-9999.0,-9999.0,-9999.0,0.0,0,1,"time.struct_time(tm_year=2023, tm_mon=8, tm_mday=7, tm_hour=22, tm_min=39, tm_sec=0, tm_wday=0, tm_yday=219, tm_isdst=-1)",2023-08-07,2023,8,219,7,39
2023-08-07 22:41:30,40.761654,-111.91053,1295.2,0.31,168.7,1.0,13.46,33.59,29.42,18.23,2.0,2.0,32.28,15.0,874.7,0.0,46.5,1.89,47.9,832.7,-9999.0,-9999.0,-9999.0,-9999.0,-9999.0,-9999.0,-9999.0,0.0,0,1,"time.struct_time(tm_year=2023, tm_mon=8, tm_mday=7, tm_hour=22, tm_min=41, tm_sec=30, tm_wday=0, tm_yday=219, tm_isdst=-1)",2023-08-07,2023,8,219,7,41
2023-08-07 22:44:00,40.761253,-111.910576,1304.8,0.0,180.4,1.0,13.47,33.59,29.49,18.6,2.0,2.0,32.28,16.0,874.8,0.0,47.4,1.89,48.0,832.8,-9999.0,-9999.0,-9999.0,-9999.0,-9999.0,-9999.0,-9999.0,0.0,0,1,"time.struct_time(tm_year=2023, tm_mon=8, tm_mday=7, tm_hour=22, tm_min=44, tm_sec=0, tm_wday=0, tm_yday=219, tm_isdst=-1)",2023-08-07,2023,8,219,7,44
2023-08-07 22:46:30,40.761768,-111.910736,1271.7,0.0,354.3,1.0,13.47,33.59,29.55,18.42,2.0,2.0,32.28,16.0,874.7,0.0,52.0,1.89,48.0,832.7,-9999.0,-9999.0,-9999.0,-9999.0,-9999.0,-9999.0,-9999.0,0.0,0,1,"time.struct_time(tm_year=2023, tm_mon=8, tm_mday=7, tm_hour=22, tm_min=46, tm_sec=30, tm_wday=0, tm_yday=219, tm_isdst=-1)",2023-08-07,2023,8,219,7,46
2023-08-07 22:49:00,40.761696,-111.910843,1269.0,0.0,354.3,1.0,13.47,33.59,29.71,18.49,2.0,2.0,32.39,16.0,875.0,0.0,43.2,1.92,48.0,832.8,-9999.0,-9999.0,-9999.0,-9999.0,-9999.0,-9999.0,-9999.0,0.0,0,1,"time.struct_time(tm_year=2023, tm_mon=8, tm_mday=7, tm_hour=22, tm_min=49, tm_sec=0, tm_wday=0, tm_yday=219, tm_isdst=-1)",2023-08-07,2023,8,219,7,49
2023-08-07 22:51:30,40.761822,-111.910652,1271.8,0.0,353.6,1.0,13.47,33.6,29.71,18.4,2.0,2.0,32.39,15.0,874.9,0.0,49.9,1.9,48.0,832.8,-9999.0,-9999.0,-9999.0,-9999.0,-9999.0,-9999.0,-9999.0,0.0,0,1,"time.struct_time(tm_year=2023, tm_mon=8, tm_mday=7, tm_hour=22, tm_min=51, tm_sec=30, tm_wday=0, tm_yday=219, tm_isdst=-1)",2023-08-07,2023,8,219,7,51
2023-08-07 22:54:00,40.761578,-111.910622,1269.4,0.0,99.1,1.0,13.46,33.6,29.49,18.4,2.0,2.0,32.39,16.0,874.9,0.0,50.3,1.9,48.0,832.8,-9999.0,-9999.0,-9999.0,-9999.0,-9999.0,-9999.0,-9999.0,0.0,0,1,"time.struct_time(tm_year=2023, tm_mon=8, tm_mday=7, tm_hour=22, tm_min=54, tm_sec=0, tm_wday=0, tm_yday=219, tm_isdst=-1)",2023-08-07,2023,8,219,7,54
2023-08-07 22:56:30,40.761608,-111.910622,1269.4,0.0,168.7,1.0,13.46,33.61,29.43,18.89,2.0,2.0,32.39,16.0,874.8,0.0,49.4,1.9,48.0,832.7,-9999.0,-9999.0,-9999.0,-9999.0,-9999.0,-9999.0,-9999.0,0.0,0,1,"time.struct_time(tm_year=2023, tm_mon=8, tm_mday=7, tm_hour=22, tm_min=56, tm_sec=30, tm_wday=0, tm_yday=219, tm_isdst=-1)",2023-08-07,2023,8,219,7,56
2023-08-07 22:59:00,40.761421,-111.910568,1283.7,0.0,151.8,1.0,13.47,33.61,29.32,18.84,2.0,2.0,32.39,15.0,874.6,0.0,55.4,1.91,48.0,832.7,-9999.0,-9999.0,-9999.0,-9999.0,-9999.0,-9999.0,-9999.0,0.0,0,1,"time.struct_time(tm_year=2023, tm_mon=8, tm_mday=7, tm_hour=22, tm_min=59, tm_sec=0, tm_wday=0, tm_yday=219, tm_isdst=-1)",2023-08-07,2023,8,219,7,59
2023-08-07 23:01:30,40.761341,-111.910477,1284.2,0.41,151.1,1.0,13.47,33.61,29.18,18.86,2.0,2.0,32.39,15.0,874.7,0.0,52.2,1.89,48.0,832.6,-9999.0,-9999.0,-9999.0,-9999.0,-9999.0,-9999.0,-9999.0,0.0,0,1,"time.struct_time(tm_year=2023, tm_mon=8, tm_mday=7, tm_hour=23, tm_min=1, tm_sec=30, tm_wday=0, tm_yday=219, tm_isdst=-1)",2023-08-07,2023,8,219,7,1
2023-08-07 23:04:00,40.761662,-111.910515,1284.2,0.0,337.7,1.0,13.47,33.61,29.12,19.18,2.0,2.0,32.39,16.0,874.6,0.0,49.4,1.9,48.0,832.7,-9999.0,-9999.0,-9999.0,-9999.0,-9999.0,-9999.0,-9999.0,0.0,0,1,"time.struct_time(tm_year=2023, tm_mon=8, tm_mday=7, tm_hour=23, tm_min=4, tm_sec=0, tm_wday=0, tm_yday=219, tm_isdst=-1)",2023-08-07,2023,8,219,7,4
2023-08-07 23:06:30,40.761955,-111.910583,1286.7,0.41,20.1,1.0,13.46,33.6,29.34,18.72,3.0,2.0,32.28,16.0,874.6,0.0,48.8,1.9,48.0,832.6,-9999.0,-9999.0,-9999.0,-9999.0,-9999.0,-9999.0,-9999.0,0.0,0,1,"time.struct_time(tm_year=2023, tm_mon=8, tm_mday=7, tm_hour=23, tm_min=6, tm_sec=30, tm_wday=0, tm_yday=219, tm_isdst=-1)",2023-08-07,2023,8,219,7,6
2023-08-07 23:09:00,40.76178,-111.910698,1271.5,0.0,198.2,1.0,13.47,33.59,29.3,18.48,2.0,2.0,32.28,15.0,874.6,0.0,54.3,1.89,48.0,832.6,-9999.0,-9999.0,-9999.0,-9999.0,-9999.0,-9999.0,-9999.0,0.0,0,1,"time.struct_time(tm_year=2023, tm_mon=8, tm_mday=7, tm_hour=23, tm_min=9, tm_sec=0, tm_wday=0, tm_yday=219, tm_isdst=-1)",2023-08-07,2023,8,219,7,9
2023-08-07 23:11:30,40.761768,-111.91069,1273.4,0.0,198.2,1.0,13.46,33.58,29.28,18.63,2.0,2.0,32.28,15.0,874.7,0.0,47.3,1.89,48.0,832.6,-9999.0,-9999.0,-9999.0,-9999.0,-9999.0,-9999.0,-9999.0,0.0,0,1,"time.struct_time(tm_year=2023, tm_mon=8, tm_mday=7, tm_hour=23, tm_min=11, tm_sec=30, tm_wday=0, tm_yday=219, tm_isdst=-1)",2023-08-07,2023,8,219,7,11
2023-08-07 23:15:10,40.761677,-111.910744,1274.3,0.0,208.1,1.0,13.47,33.56,29.66,18.19,2.0,2.0,32.28,15.0,874.7,0.0,50.6,1.89,48.0,832.5,-9999.0,-9999.0,-9999.0,-9999.0,-9999.0,-9999.0,-9999.0,0.0,0,1,"time.struct_time(tm_year=2023, tm_mon=8, tm_mday=7, tm_hour=23, tm_min=15, tm_sec=10, tm_wday=0, tm_yday=219, tm_isdst=-1)",2023-08-07,2023,8,219,7,15
2023-08-07 23:17:40,40.76162,-111.910721,1279.5,0.46,18.8,1.0,13.47,33.56,29.62,18.52,3.0,2.0,32.22,15.0,874.6,0.0,51.1,1.9,48.0,832.6,-9999.0,-9999.0,-9999.0,-9999.0,-9999.0,-9999.0,-9999.0,0.0,0,1,"time.struct_time(tm_year=2023, tm_mon=8, tm_mday=7, tm_hour=23, tm_min=17, tm_sec=40, tm_wday=0, tm_yday=219, tm_isdst=-1)",2023-08-07,2023,8,219,7,17
2023-08-07 23:20:10,40.761574,-111.910698,1264.2,0.0,30.3,1.0,13.46,33.55,29.34,18.9,3.0,2.0,32.22,15.0,874.7,0.0,51.1,1.9,48.0,832.5,-9999.0,-9999.0,-9999.0,-9999.0,-9999.0,-9999.0,-9999.0,0.0,0,1,"time.struct_time(tm_year=2023, tm_mon=8, tm_mday=7, tm_hour=23, tm_min=20, tm_sec=10, tm_wday=0, tm_yday=219, tm_isdst=-1)",2023-08-07,2023,8,219,7,20
2023-08-07 23:22:40,40.761726,-111.910583,1256.3,0.0,11.3,1.0,13.47,33.54,29.46,18.65,3.0,2.0,32.22,15.0,874.6,0.0,52.5,1.89,48.0,832.6,-9999.0,-9999.0,-9999.0,-9999.0,-9999.0,-9999.0,-9999.0,0.0,0,1,"time.struct_time(tm_year=2023, tm_mon=8, tm_mday=7, tm_hour=23, tm_min=22, tm_sec=40, tm_wday=0, tm_yday=219, tm_isdst=-1)",2023-08-07,2023,8,219,7,22
2023-08-07 23:25:10,40.762058,-111.910599,1266.0,0.0,6.3,1.0,13.47,33.54,29.44,18.94,2.0,2.0,32.22,16.0,874.5,0.0,49.6,1.9,48.0,832.4,-9999.0,-9999.0,-9999.0,-9999.0,-9999.0,-9999.0,-9999.0,0.0,0,1,"time.struct_time(tm_year=2023, tm_mon=8, tm_mday=7, tm_hour=23, tm_min=25, tm_sec=10, tm_wday=0, tm_yday=219, tm_isdst=-1)",2023-08-07,2023,8,219,7,25
2023-08-07 23:27:40,40.76149,-111.910622,1264.4,0.36,199.8,1.0,13.46,33.54,29.39,19.05,2.0,2.0,32.22,16.0,874.5,0.0,50.2,1.89,48.0,832.5,-9999.0,-9999.0,-9999.0,-9999.0,-9999.0,-9999.0,-9999.0,0.0,0,1,"time.struct_time(tm_year=2023, tm_mon=8, tm_mday=7, tm_hour=23, tm_min=27, tm_sec=40, tm_wday=0, tm_yday=219, tm_isdst=-1)",2023-08-07,2023,8,219,7,27
2023-08-07 23:30:10,40.761517,-111.910645,1265.9,0.0,276.4,1.0,13.46,33.54,29.23,19.32,2.0,2.0,32.22,16.0,874.4,0.0,50.1,1.89,48.0,832.4,-9999.0,-9999.0,-9999.0,-9999.0,-9999.0,-9999.0,-9999.0,0.0,0,1,"time.struct_time(tm_year=2023, tm_mon=8, tm_mday=7, tm_hour=23, tm_min=30, tm_sec=10, tm_wday=0, tm_yday=219, tm_isdst=-1)",2023-08-07,2023,8,219,7,30
2023-08-07 23:32:40,40.761494,-111.910805,1268.6,0.0,262.2,1.0,13.46,33.54,29.4,18.5,3.0,2.0,32.22,16.0,874.5,0.0,46.4,1.91,48.0,832.6,-9999.0,-9999.0,-9999.0,-9999.0,-9999.0,-9999.0,-9999.0,0.0,0,1,"time.struct_time(tm_year=2023, tm_mon=8, tm_mday=7, tm_hour=23, tm_min=32, tm_sec=40, tm_wday=0, tm_yday=219, tm_isdst=-1)",2023-08-07,2023,8,219,7,32
2023-08-07 23:35:10,40.761505,-111.910751,1267.7,0.0,192.7,1.0,13.46,33.54,29.5,18.32,3.0,2.0,32.28,15.0,874.5,0.0,51.2,1.9,48.0,832.4,-9999.0,-9999.0,-9999.0,-9999.0,-9999.0,-9999.0,-9999.0,0.0,0,1,"time.struct_time(tm_year=2023, tm_mon=8, tm_mday=7, tm_hour=23, tm_min=35, tm_sec=10, tm_wday=0, tm_yday=219, tm_isdst=-1)",2023-08-07,2023,8,219,7,35
2023-08-07 23:37:40,40.761547,-111.910866,1248.9,0.0,184.8,1.0,13.46,33.54,29.31,18.56,2.0,2.0,32.28,15.0,874.5,0.0,52.1,1.9,48.0,832.5,-9999.0,-9999.0,-9999.0,-9999.0,-9999.0,-9999.0,-9999.0,0.0,0,1,"time.struct_time(tm_year=2023, tm_mon=8, tm_mday=7, tm_hour=23, tm_min=37, tm_sec=40, tm_wday=0, tm_yday=219, tm_isdst=-1)",2023-08-07,2023,8,219,7,37
2023-08-07 23:40:10,40.761692,-111.91082,1277.3,0.0,351.9,1.0,13.47,33.53,29.17,19.51,2.0,2.0,32.28,15.0,874.6,0.0,48.8,1.89,48.0,832.4,-9999.0,-9999.0,-9999.0,-9999.0,-9999.0,-9999.0,-9999.0,0.0,0,1,"time.struct_time(tm_year=2023, tm_mon=8, tm_mday=7, tm_hour=23, tm_min=40, tm_sec=10, tm_wday=0, tm_yday=219, tm_isdst=-1)",2023-08-07,2023,8,219,7,40
2023-08-07 23:42:40,40.761719,-111.91066,1277.6,0.0,36.5,1.0,13.47,33.52,29.19,19.14,3.0,2.0,32.28,16.0,874.4,0.0,50.0,1.91,48.0,832.5,-9999.0,-9999.0,-9999.0,-9999.0,-9999.0,-9999.0,-9999.0,0.0,0,1,"time.struct_time(tm_year=2023, tm_mon=8, tm_mday=7, tm_hour=23, tm_min=42, tm_sec=40, tm_wday=0, tm_yday=219, tm_isdst=-1)",2023-08-07,2023,8,219,7,42
2023-08-07 23:45:10,40.761715,-111.910645,1278.8,0.0,36.5,1.0,13.47,33.51,29.15,19.66,3.0,2.0,32.22,16.0,874.4,0.0,40.8,1.91,48.0,832.3,-9999.0,-9999.0,-9999.0,-9999.0,-9999.0,-9999.0,-9999.0,0.0,0,1,"time.struct_time(tm_year=2023, tm_mon=8, tm_mday=7, tm_hour=23, tm_min=45, tm_sec=10, tm_wday=0, tm_yday=219, tm_isdst=-1)",2023-08-07,2023,8,219,7,45
2023-08-07 23:47:40,40.7617,-111.910698,1278.1,0.0,36.5,1.0,13.47,33.5,29.11,19.6,4.0,2.0,32.22,16.0,874.5,0.0,41.0,1.9,48.0,832.5,-9999.0,-9999.0,-9999.0,-9999.0,-9999.0,-9999.0,-9999.0,0.0,0,1,"time.struct_time(tm_year=2023, tm_mon=8, tm_mday=7, tm_hour=23, tm_min=47, tm_sec=40, tm_wday=0, tm_yday=219, tm_isdst=-1)",2023-08-07,2023,8,219,7,47
2023-08-07 23:50:10,40.761726,-111.910736,1281.3,0.0,12.4,1.0,13.47,33.49,29.17,19.42,3.0,2.0,32.22,16.0,874.4,0.0,47.3,1.9,48.0,832.3,-9999.0,-9999.0,-9999.0,-9999.0,-9999.0,-9999.0,-9999.0,0.0,0,1,"time.struct_time(tm_year=2023, tm_mon=8, tm_mday=7, tm_hour=23, tm_min=50, tm_sec=10, tm_wday=0, tm_yday=219, tm_isdst=-1)",2023-08-07,2023,8,219,7,50
2023-08-07 23:52:40,40.76173,-111.910728,1281.5,0.0,12.4,1.0,13.46,33.47,29.07,19.5,3.0,2.0,32.22,16.0,874.3,0.0,49.5,1.91,48.0,832.4,-9999.0,-9999.0,-9999.0,-9999.0,-9999.0,-9999.0,-9999.0,0.0,0,1,"time.struct_time(tm_year=2023, tm_mon=8, tm_mday=7, tm_hour=23, tm_min=52, tm_sec=40, tm_wday=0, tm_yday=219, tm_isdst=-1)",2023-08-07,2023,8,219,7,52
2023-08-07 23:55:10,40.7617,-111.910744,1279.1,0.0,12.4,1.0,13.47,33.46,28.93,18.92,2.0,2.0,32.11,15.0,874.5,0.0,51.6,1.91,48.0,832.3,-9999.0,-9999.0,-9999.0,-9999.0,-9999.0,-9999.0,-9999.0,0.0,0,1,"time.struct_time(tm_year=2023, tm_mon=8, tm_mday=7, tm_hour=23, tm_min=55, tm_sec=10, tm_wday=0, tm_yday=219, tm_isdst=-1)",2023-08-07,2023,8,219,7,55
2023-08-07 23:57:40,40.761826,-111.910782,1276.5,0.0,348.7,1.0,13.47,33.44,28.96,19.16,2.0,2.0,32.11,16.0,874.4,0.0,51.7,1.9,48.0,832.4,-9999.0,-9999.0,-9999.0,-9999.0,-9999.0,-9999.0,-9999.0,0.0,0,1,"time.struct_time(tm_year=2023, tm_mon=8, tm_mday=7, tm_hour=23, tm_min=57, tm_sec=40, tm_wday=0, tm_yday=219, tm_isdst=-1)",2023-08-07,2023,8,219,7,57
2023-08-08 00:00:10,40.761753,-111.910713,1274.5,0.0,348.7,1.0,13.47,33.42,29.05,19.69,2.0,2.0,32.11,16.0,874.5,0.0,51.5,1.9,48.0,832.3,-9999.0,-9999.0,-9999.0,-9999.0,-9999.0,-9999.0,-9999.0,0.0,0,1,"time.struct_time(tm_year=2023, tm_mon=8, tm_mday=8, tm_hour=0, tm_min=0, tm_sec=10, tm_wday=1, tm_yday=220, tm_isdst=-1)",2023-08-08,2023,8,220,8,0
2023-08-08 00:02:40,40.761688,-111.91066,1277.1,0.0,348.7,1.0,13.47,33.4,29.17,19.93,2.0,2.0,32.11,16.0,874.2,0.0,49.0,1.9,48.0,832.4,-9999.0,-9999.0,-9999.0,-9999.0,-9999.0,-9999.0,-9999.0,0.0,0,1,"time.struct_time(tm_year=2023, tm_mon=8, tm_mday=8, tm_hour=0, tm_min=2, tm_sec=40, tm_wday=1, tm_yday=220, tm_isdst=-1)",2023-08-08,2023,8,220,8,2
2023-08-08 00:05:10,40.761719,-111.910645,1276.6,0.0,348.7,1.0,13.47,33.39,29.17,19.82,3.0,2.0,32.0,16.0,874.4,0.0,46.2,1.9,48.0,832.2,-9999.0,-9999.0,-9999.0,-9999.0,-9999.0,-9999.0,-9999.0,0.0,0,1,"time.struct_time(tm_year=2023, tm_mon=8, tm_mday=8, tm_hour=0, tm_min=5, tm_sec=10, tm_wday=1, tm_yday=220, tm_isdst=-1)",2023-08-08,2023,8,220,8,5
2023-08-08 00:07:40,40.761719,-111.910652,1277.3,0.0,348.7,1.0,13.47,33.38,29.23,18.12,2.0,2.0,32.11,16.0,874.3,0.0,51.2,1.91,48.0,832.3,-9999.0,-9999.0,-9999.0,-9999.0,-9999.0,-9999.0,-9999.0,0.0,0,1,"time.struct_time(tm_year=2023, tm_mon=8, tm_mday=8, tm_hour=0, tm_min=7, tm_sec=40, tm_wday=1, tm_yday=220, tm_isdst=-1)",2023-08-08,2023,8,220,8,7
2023-08-08 00:10:10,40.761726,-111.91066,1277.4,0.0,348.7,1.0,13.46,33.38,29.32,17.82,2.0,2.0,32.22,15.0,874.4,0.0,49.4,1.91,48.0,832.1,-9999.0,-9999.0,-9999.0,-9999.0,-9999.0,-9999.0,-9999.0,0.0,0,1,"time.struct_time(tm_year=2023, tm_mon=8, tm_mday=8, tm_hour=0, tm_min=10, tm_sec=10, tm_wday=1, tm_yday=220, tm_isdst=-1)",2023-08-08,2023,8,220,8,10
2023-08-08 00:12:40,40.761738,-111.910675,1277.8,0.0,348.7,1.0,13.47,33.38,29.46,17.84,2.0,2.0,32.22,16.0,874.1,0.0,41.4,1.9,47.9,832.2,-9999.0,-9999.0,-9999.0,-9999.0,-9999.0,-9999.0,-9999.0,0.0,0,1,"time.struct_time(tm_year=2023, tm_mon=8, tm_mday=8, tm_hour=0, tm_min=12, tm_sec=40, tm_wday=1, tm_yday=220, tm_isdst=-1)",2023-08-08,2023,8,220,8,12
2023-08-08 00:16:20,40.761726,-111.910736,1279.3,0.0,348.7,1.0,13.46,33.39,29.59,17.94,3.0,2.0,32.22,15.0,874.2,0.0,49.2,1.9,47.9,832.2,-9999.0,-9999.0,-9999.0,-9999.0,-9999.0,-9999.0,-9999.0,0.0,0,1,"time.struct_time(tm_year=2023, tm_mon=8, tm_mday=8, tm_hour=0, tm_min=16, tm_sec=20, tm_wday=1, tm_yday=220, tm_isdst=-1)",2023-08-08,2023,8,220,8,16
2023-08-08 00:18:50,40.761719,-111.910736,1279.2,0.0,348.7,1.0,13.47,33.4,29.38,18.13,2.0,2.0,32.22,15.0,874.1,0.0,50.5,1.9,47.9,832.1,-9999.0,-9999.0,-9999.0,-9999.0,-9999.0,-9999.0,-9999.0,0.0,0,1,"time.struct_time(tm_year=2023, tm_mon=8, tm_mday=8, tm_hour=0, tm_min=18, tm_sec=50, tm_wday=1, tm_yday=220, tm_isdst=-1)",2023-08-08,2023,8,220,8,18
2023-08-08 00:21:20,40.761719,-111.910736,1279.7,0.0,348.7,1.0,13.47,33.4,29.2,17.96,3.0,2.0,32.22,15.0,874.1,0.0,44.9,1.9,47.9,832.2,-9999.0,-9999.0,-9999.0,-9999.0,-9999.0,-9999.0,-9999.0,0.0,0,1,"time.struct_time(tm_year=2023, tm_mon=8, tm_mday=8, tm_hour=0, tm_min=21, tm_sec=20, tm_wday=1, tm_yday=220, tm_isdst=-1)",2023-08-08,2023,8,220,8,21
2023-08-08 00:23:50,40.761627,-111.910805,1284.1,0.0,348.7,1.0,13.47,33.4,29.12,18.12,2.0,2.0,32.22,15.0,874.1,0.0,49.0,1.89,47.9,832.0,-9999.0,-9999.0,-9999.0,-9999.0,-9999.0,-9999.0,-9999.0,0.0,0,1,"time.struct_time(tm_year=2023, tm_mon=8, tm_mday=8, tm_hour=0, tm_min=23, tm_sec=50, tm_wday=1, tm_yday=220, tm_isdst=-1)",2023-08-08,2023,8,220,8,23
2023-08-08 00:26:20,40.761589,-111.910629,1324.9,0.0,348.7,1.0,13.47,33.4,29.12,18.14,3.0,2.0,32.22,15.0,874.1,0.0,49.0,1.89,47.9,832.1,-9999.0,-9999.0,-9999.0,-9999.0,-9999.0,-9999.0,-9999.0,0.0,0,1,"time.struct_time(tm_year=2023, tm_mon=8, tm_mday=8, tm_hour=0, tm_min=26, tm_sec=20, tm_wday=1, tm_yday=220, tm_isdst=-1)",2023-08-08,2023,8,220,8,26
2023-08-08 00:28:50,40.761585,-111.910629,1325.5,0.0,348.7,1.0,13.46,33.39,29.1,17.67,2.0,2.0,32.22,15.0,874.1,0.0,46.8,1.9,47.9,831.9,-9999.0,-9999.0,-9999.0,-9999.0,-9999.0,-9999.0,-9999.0,0.0,0,1,"time.struct_time(tm_year=2023, tm_mon=8, tm_mday=8, tm_hour=0, tm_min=28, tm_sec=50, tm_wday=1, tm_yday=220, tm_isdst=-1)",2023-08-08,2023,8,220,8,28
2023-08-08 00:31:20,40.761559,-111.910599,1320.8,0.0,348.7,1.0,13.47,33.38,28.9,17.71,2.0,2.0,32.11,15.0,874.0,0.0,47.6,1.9,47.9,832.0,-9999.0,-9999.0,-9999.0,-9999.0,-9999.0,-9999.0,-9999.0,0.0,0,1,"time.struct_time(tm_year=2023, tm_mon=8, tm_mday=8, tm_hour=0, tm_min=31, tm_sec=20, tm_wday=1, tm_yday=220, tm_isdst=-1)",2023-08-08,2023,8,220,8,31
2023-08-08 00:33:50,40.76162,-111.910629,1302.7,0.0,348.7,1.0,13.46,33.36,28.73,17.64,3.0,2.0,32.11,15.0,874.1,0.0,51.3,1.9,47.9,831.9,-9999.0,-9999.0,-9999.0,-9999.0,-9999.0,-9999.0,-9999.0,0.0,0,1,"time.struct_time(tm_year=2023, tm_mon=8, tm_mday=8, tm_hour=0, tm_min=33, tm_sec=50, tm_wday=1, tm_yday=220, tm_isdst=-1)",2023-08-08,2023,8,220,8,33
2023-08-08 00:36:20,40.761597,-111.910614,1302.4,0.0,348.7,1.0,13.47,33.35,28.68,17.99,2.0,2.0,32.0,15.0,873.9,0.0,52.6,1.89,47.9,832.0,-9999.0,-9999.0,-9999.0,-9999.0,-9999.0,-9999.0,-9999.0,0.0,0,1,"time.struct_time(tm_year=2023, tm_mon=8, tm_mday=8, tm_hour=0, tm_min=36, tm_sec=20, tm_wday=1, tm_yday=220, tm_isdst=-1)",2023-08-08,2023,8,220,8,36
2023-08-08 00:38:50,40.761646,-111.910599,1279.8,0.0,348.7,1.0,13.47,33.33,28.78,17.82,3.0,2.0,32.0,15.0,873.9,0.0,45.1,1.9,47.9,831.9,-9999.0,-9999.0,-9999.0,-9999.0,-9999.0,-9999.0,-9999.0,0.0,0,1,"time.struct_time(tm_year=2023, tm_mon=8, tm_mday=8, tm_hour=0, tm_min=38, tm_sec=50, tm_wday=1, tm_yday=220, tm_isdst=-1)",2023-08-08,2023,8,220,8,38
2023-08-08 00:41:20,40.761688,-111.91066,1268.2,0.0,348.7,1.0,13.46,33.31,28.85,17.29,2.0,2.0,32.0,14.0,874.1,0.0,49.2,1.89,47.9,832.0,-9999.0,-9999.0,-9999.0,-9999.0,-9999.0,-9999.0,-9999.0,0.0,0,1,"time.struct_time(tm_year=2023, tm_mon=8, tm_mday=8, tm_hour=0, tm_min=41, tm_sec=20, tm_wday=1, tm_yday=220, tm_isdst=-1)",2023-08-08,2023,8,220,8,41
2023-08-08 00:43:50,40.761646,-111.910477,1275.7,0.0,348.7,1.0,13.47,33.29,28.8,17.69,2.0,2.0,32.0,14.0,874.0,0.0,51.1,1.9,47.9,831.8,-9999.0,-9999.0,-9999.0,-9999.0,-9999.0,-9999.0,-9999.0,0.0,0,1,"time.struct_time(tm_year=2023, tm_mon=8, tm_mday=8, tm_hour=0, tm_min=43, tm_sec=50, tm_wday=1, tm_yday=220, tm_isdst=-1)",2023-08-08,2023,8,220,8,43
2023-08-08 00:46:20,40.761646,-111.910561,1277.1,0.0,348.7,1.0,13.46,33.28,28.88,17.35,5.0,2.0,32.0,15.0,873.8,0.0,42.7,1.9,47.9,831.9,-9999.0,-9999.0,-9999.0,-9999.0,-9999.0,-9999.0,-9999.0,0.0,0,1,"time.struct_time(tm_year=2023, tm_mon=8, tm_mday=8, tm_hour=0, tm_min=46, tm_sec=20, tm_wday=1, tm_yday=220, tm_isdst=-1)",2023-08-08,2023,8,220,8,46
2023-08-08 00:48:50,40.761608,-111.910591,1275.5,0.0,348.7,1.0,13.47,33.26,29.08,16.91,3.0,2.0,32.0,15.0,873.8,0.0,49.3,1.9,47.9,831.8,-9999.0,-9999.0,-9999.0,-9999.0,-9999.0,-9999.0,-9999.0,0.0,0,1,"time.struct_time(tm_year=2023, tm_mon=8, tm_mday=8, tm_hour=0, tm_min=48, tm_sec=50, tm_wday=1, tm_yday=220, tm_isdst=-1)",2023-08-08,2023,8,220,8,48
2023-08-08 00:51:20,40.761555,-111.910675,1287.4,0.0,175.3,1.0,13.46,33.24,28.94,17.26,2.0,2.0,32.0,15.0,873.8,0.0,48.3,1.91,47.9,831.8,-9999.0,-9999.0,-9999.0,-9999.0,-9999.0,-9999.0,-9999.0,0.0,0,1,"time.struct_time(tm_year=2023, tm_mon=8, tm_mday=8, tm_hour=0, tm_min=51, tm_sec=20, tm_wday=1, tm_yday=220, tm_isdst=-1)",2023-08-08,2023,8,220,8,51
2023-08-08 00:53:50,40.761585,-111.910751,1286.7,0.0,175.3,1.0,13.46,33.23,28.85,17.35,2.0,2.0,32.0,15.0,873.9,0.0,42.5,1.89,47.8,831.7,-9999.0,-9999.0,-9999.0,-9999.0,-9999.0,-9999.0,-9999.0,0.0,0,1,"time.struct_time(tm_year=2023, tm_mon=8, tm_mday=8, tm_hour=0, tm_min=53, tm_sec=50, tm_wday=1, tm_yday=220, tm_isdst=-1)",2023-08-08,2023,8,220,8,53
2023-08-08 00:56:20,40.761562,-111.910759,1286.3,0.0,175.3,1.0,13.46,33.21,28.9,16.97,4.0,2.0,32.0,15.0,873.9,0.0,46.9,1.9,47.8,831.8,-9999.0,-9999.0,-9999.0,-9999.0,-9999.0,-9999.0,-9999.0,0.0,0,1,"time.struct_time(tm_year=2023, tm_mon=8, tm_mday=8, tm_hour=0, tm_min=56, tm_sec=20, tm_wday=1, tm_yday=220, tm_isdst=-1)",2023-08-08,2023,8,220,8,56
2023-08-08 00:58:50,40.761536,-111.910767,1285.0,0.0,175.3,1.0,13.46,33.19,28.99,17.38,2.0,2.0,32.0,15.0,873.9,0.0,43.4,1.89,47.8,831.7,-9999.0,-9999.0,-9999.0,-9999.0,-9999.0,-9999.0,-9999.0,0.0,0,1,"time.struct_time(tm_year=2023, tm_mon=8, tm_mday=8, tm_hour=0, tm_min=58, tm_sec=50, tm_wday=1, tm_yday=220, tm_isdst=-1)",2023-08-08,2023,8,220,8,58
2023-08-08 01:01:20,40.761608,-111.910751,1285.1,0.0,175.3,1.0,13.47,33.17,29.04,17.25,3.0,2.0,32.0,15.0,873.8,0.0,40.9,1.91,47.8,831.8,-9999.0,-9999.0,-9999.0,-9999.0,-9999.0,-9999.0,-9999.0,0.0,0,1,"time.struct_time(tm_year=2023, tm_mon=8, tm_mday=8, tm_hour=1, tm_min=1, tm_sec=20, tm_wday=1, tm_yday=220, tm_isdst=-1)",2023-08-08,2023,8,220,8,1
2023-08-08 01:03:50,40.761608,-111.910736,1284.9,0.0,175.3,1.0,13.46,33.16,29.09,18.27,2.0,2.0,31.89,15.0,874.0,0.0,50.7,1.9,47.8,831.7,-9999.0,-9999.0,-9999.0,-9999.0,-9999.0,-9999.0,-9999.0,0.0,0,1,"time.struct_time(tm_year=2023, tm_mon=8, tm_mday=8, tm_hour=1, tm_min=3, tm_sec=50, tm_wday=1, tm_yday=220, tm_isdst=-1)",2023-08-08,2023,8,220,8,3
2023-08-08 01:06:20,40.761623,-111.910736,1284.6,0.0,175.3,1.0,13.47,33.14,29.04,18.58,3.0,2.0,31.89,15.0,873.8,0.0,26.6,1.9,47.8,831.8,-9999.0,-9999.0,-9999.0,-9999.0,-9999.0,-9999.0,-9999.0,0.0,0,1,"time.struct_time(tm_year=2023, tm_mon=8, tm_mday=8, tm_hour=1, tm_min=6, tm_sec=20, tm_wday=1, tm_yday=220, tm_isdst=-1)",2023-08-08,2023,8,220,8,6
2023-08-08 01:08:50,40.761654,-111.91069,1284.9,0.0,175.3,1.0,13.47,33.13,28.94,19.08,3.0,2.0,31.89,15.0,873.8,0.0,48.1,1.9,47.8,831.7,-9999.0,-9999.0,-9999.0,-9999.0,-9999.0,-9999.0,-9999.0,0.0,0,1,"time.struct_time(tm_year=2023, tm_mon=8, tm_mday=8, tm_hour=1, tm_min=8, tm_sec=50, tm_wday=1, tm_yday=220, tm_isdst=-1)",2023-08-08,2023,8,220,8,8
2023-08-08 01:11:20,40.761654,-111.91069,1284.5,0.0,175.3,1.0,13.46,33.11,28.95,19.39,2.0,2.0,31.78,16.0,873.8,0.0,38.4,1.89,47.8,831.7,-9999.0,-9999.0,-9999.0,-9999.0,-9999.0,-9999.0,-9999.0,0.0,0,1,"time.struct_time(tm_year=2023, tm_mon=8, tm_mday=8, tm_hour=1, tm_min=11, tm_sec=20, tm_wday=1, tm_yday=220, tm_isdst=-1)",2023-08-08,2023,8,220,8,11
2023-08-08 01:13:50,40.761654,-111.910698,1284.2,0.0,175.3,1.0,13.47,33.09,28.86,19.06,3.0,2.0,31.78,16.0,873.8,0.0,45.9,1.9,47.8,831.6,-9999.0,-9999.0,-9999.0,-9999.0,-9999.0,-9999.0,-9999.0,0.0,0,1,"time.struct_time(tm_year=2023, tm_mon=8, tm_mday=8, tm_hour=1, tm_min=13, tm_sec=50, tm_wday=1, tm_yday=220, tm_isdst=-1)",2023-08-08,2023,8,220,8,13
2023-08-08 01:17:25,40.76165,-111.910698,1284.9,0.0,175.3,1.0,13.46,33.07,28.82,19.18,2.0,2.0,31.78,16.0,873.7,0.0,45.2,1.9,47.7,831.6,-9999.0,-9999.0,-9999.0,-9999.0,-9999.0,-9999.0,-9999.0,0.0,0,1,"time.struct_time(tm_year=2023, tm_mon=8, tm_mday=8, tm_hour=1, tm_min=17, tm_sec=25, tm_wday=1, tm_yday=220, tm_isdst=-1)",2023-08-08,2023,8,220,8,17
2023-08-08 01:19:55,40.761646,-111.910713,1284.7,0.0,175.3,1.0,13.46,33.05,28.83,19.3,2.0,2.0,31.72,16.0,873.6,0.0,47.0,1.91,47.7,831.6,-9999.0,-9999.0,-9999.0,-9999.0,-9999.0,-9999.0,-9999.0,0.0,0,1,"time.struct_time(tm_year=2023, tm_mon=8, tm_mday=8, tm_hour=1, tm_min=19, tm_sec=55, tm_wday=1, tm_yday=220, tm_isdst=-1)",2023-08-08,2023,8,220,8,19
2023-08-08 01:22:25,40.761646,-111.910706,1284.5,0.0,175.3,1.0,13.47,33.03,28.84,19.22,2.0,2.0,31.72,16.0,873.5,0.0,48.2,1.91,47.7,831.6,-9999.0,-9999.0,-9999.0,-9999.0,-9999.0,-9999.0,-9999.0,0.0,0,1,"time.struct_time(tm_year=2023, tm_mon=8, tm_mday=8, tm_hour=1, tm_min=22, tm_sec=25, tm_wday=1, tm_yday=220, tm_isdst=-1)",2023-08-08,2023,8,220,8,22
2023-08-08 01:24:55,40.761646,-111.910706,1284.1,0.0,175.3,1.0,13.46,33.01,28.86,19.14,2.0,2.0,31.61,16.0,873.6,0.0,41.5,1.91,47.7,831.6,-9999.0,-9999.0,-9999.0,-9999.0,-9999.0,-9999.0,-9999.0,0.0,0,1,"time.struct_time(tm_year=2023, tm_mon=8, tm_mday=8, tm_hour=1, tm_min=24, tm_sec=55, tm_wday=1, tm_yday=220, tm_isdst=-1)",2023-08-08,2023,8,220,8,24
2023-08-08 01:27:25,40.761646,-111.910698,1284.1,0.0,175.3,1.0,13.47,32.99,28.89,18.92,2.0,2.0,31.72,16.0,873.6,0.0,41.0,1.9,47.7,831.5,-9999.0,-9999.0,-9999.0,-9999.0,-9999.0,-9999.0,-9999.0,0.0,0,1,"time.struct_time(tm_year=2023, tm_mon=8, tm_mday=8, tm_hour=1, tm_min=27, tm_sec=25, tm_wday=1, tm_yday=220, tm_isdst=-1)",2023-08-08,2023,8,220,8,27
2023-08-08 01:29:55,40.761639,-111.91069,1283.8,0.0,175.3,1.0,13.47,32.98,28.86,18.62,3.0,2.0,31.72,16.0,873.7,0.0,49.0,1.91,47.7,831.5,-9999.0,-9999.0,-9999.0,-9999.0,-9999.0,-9999.0,-9999.0,0.0,0,1,"time.struct_time(tm_year=2023, tm_mon=8, tm_mday=8, tm_hour=1, tm_min=29, tm_sec=55, tm_wday=1, tm_yday=220, tm_isdst=-1)",2023-08-08,2023,8,220,8,29
2023-08-08 01:32:25,40.761658,-111.910675,1283.0,0.0,175.3,1.0,13.47,32.96,28.84,18.9,2.0,2.0,31.72,16.0,873.5,0.0,44.8,1.91,47.6,831.5,-9999.0,-9999.0,-9999.0,-9999.0,-9999.0,-9999.0,-9999.0,0.0,0,1,"time.struct_time(tm_year=2023, tm_mon=8, tm_mday=8, tm_hour=1, tm_min=32, tm_sec=25, tm_wday=1, tm_yday=220, tm_isdst=-1)",2023-08-08,2023,8,220,8,32
2023-08-08 01:34:55,40.761662,-111.910675,1283.1,0.0,175.3,1.0,13.47,32.95,28.86,19.18,3.0,2.0,31.72,16.0,873.5,0.0,46.1,1.9,47.6,831.5,-9999.0,-9999.0,-9999.0,-9999.0,-9999.0,-9999.0,-9999.0,0.0,0,1,"time.struct_time(tm_year=2023, tm_mon=8, tm_mday=8, tm_hour=1, tm_min=34, tm_sec=55, tm_wday=1, tm_yday=220, tm_isdst=-1)",2023-08-08,2023,8,220,8,34
2023-08-08 01:37:25,40.761662,-111.910675,1283.0,0.0,175.3,1.0,13.47,32.94,28.92,19.58,3.0,2.0,31.61,16.0,873.4,0.0,46.0,1.9,47.6,831.4,-9999.0,-9999.0,-9999.0,-9999.0,-9999.0,-9999.0,-9999.0,0.0,0,1,"time.struct_time(tm_year=2023, tm_mon=8, tm_mday=8, tm_hour=1, tm_min=37, tm_sec=25, tm_wday=1, tm_yday=220, tm_isdst=-1)",2023-08-08,2023,8,220,8,37
2023-08-08 01:39:55,40.761665,-111.910667,1282.8,0.0,175.3,1.0,13.47,32.93,29.16,19.4,3.0,2.0,31.61,16.0,873.7,0.0,34.9,1.9,47.6,831.4,-9999.0,-9999.0,-9999.0,-9999.0,-9999.0,-9999.0,-9999.0,0.0,0,1,"time.struct_time(tm_year=2023, tm_mon=8, tm_mday=8, tm_hour=1, tm_min=39, tm_sec=55, tm_wday=1, tm_yday=220, tm_isdst=-1)",2023-08-08,2023,8,220,8,39
2023-08-08 01:42:25,40.761665,-111.910675,1282.6,0.0,175.3,1.0,13.46,32.92,29.48,18.82,3.0,2.0,31.61,16.0,873.6,0.0,38.6,1.9,47.6,831.4,-9999.0,-9999.0,-9999.0,-9999.0,-9999.0,-9999.0,-9999.0,0.0,0,1,"time.struct_time(tm_year=2023, tm_mon=8, tm_mday=8, tm_hour=1, tm_min=42, tm_sec=25, tm_wday=1, tm_yday=220, tm_isdst=-1)",2023-08-08,2023,8,220,8,42
2023-08-08 01:44:55,40.761662,-111.910667,1282.3,0.0,175.3,1.0,13.47,32.92,29.89,17.86,3.0,2.0,31.61,16.0,873.4,0.0,37.8,1.9,47.6,831.4,-9999.0,-9999.0,-9999.0,-9999.0,-9999.0,-9999.0,-9999.0,0.0,0,1,"time.struct_time(tm_year=2023, tm_mon=8, tm_mday=8, tm_hour=1, tm_min=44, tm_sec=55, tm_wday=1, tm_yday=220, tm_isdst=-1)",2023-08-08,2023,8,220,8,44
2023-08-08 01:47:25,40.761665,-111.910667,1281.9,0.0,175.3,1.0,13.46,32.92,30.27,17.68,3.0,2.0,31.61,16.0,873.6,0.0,39.7,1.89,47.6,831.4,-9999.0,-9999.0,-9999.0,-9999.0,-9999.0,-9999.0,-9999.0,0.0,0,1,"time.struct_time(tm_year=2023, tm_mon=8, tm_mday=8, tm_hour=1, tm_min=47, tm_sec=25, tm_wday=1, tm_yday=220, tm_isdst=-1)",2023-08-08,2023,8,220,8,47
2023-08-08 01:49:55,40.761669,-111.910667,1281.6,0.0,175.3,1.0,13.46,32.92,30.39,17.58,3.0,2.0,31.72,16.0,873.5,0.0,42.0,1.9,47.6,831.4,-9999.0,-9999.0,-9999.0,-9999.0,-9999.0,-9999.0,-9999.0,0.0,0,1,"time.struct_time(tm_year=2023, tm_mon=8, tm_mday=8, tm_hour=1, tm_min=49, tm_sec=55, tm_wday=1, tm_yday=220, tm_isdst=-1)",2023-08-08,2023,8,220,8,49
2023-08-08 01:52:25,40.761677,-111.91066,1281.5,0.0,175.3,1.0,13.47,32.93,30.45,17.52,3.0,2.0,31.72,16.0,873.4,0.0,44.0,1.9,47.6,831.3,-9999.0,-9999.0,-9999.0,-9999.0,-9999.0,-9999.0,-9999.0,0.0,0,1,"time.struct_time(tm_year=2023, tm_mon=8, tm_mday=8, tm_hour=1, tm_min=52, tm_sec=25, tm_wday=1, tm_yday=220, tm_isdst=-1)",2023-08-08,2023,8,220,8,52
2023-08-08 01:54:55,40.761677,-111.910568,1280.9,0.0,175.3,1.0,13.47,32.94,30.09,17.98,4.0,2.0,31.72,16.0,873.5,0.0,42.9,1.9,47.6,831.4,-9999.0,-9999.0,-9999.0,-9999.0,-9999.0,-9999.0,-9999.0,0.0,0,1,"time.struct_time(tm_year=2023, tm_mon=8, tm_mday=8, tm_hour=1, tm_min=54, tm_sec=55, tm_wday=1, tm_yday=220, tm_isdst=-1)",2023-08-08,2023,8,220,8,54
2023-08-08 01:57:25,40.761677,-111.910576,1280.6,0.0,175.3,1.0,13.46,32.95,29.81,18.24,3.0,2.0,31.72,16.0,873.4,0.0,44.8,1.9,47.6,831.3,-9999.0,-9999.0,-9999.0,-9999.0,-9999.0,-9999.0,-9999.0,0.0,0,1,"time.struct_time(tm_year=2023, tm_mon=8, tm_mday=8, tm_hour=1, tm_min=57, tm_sec=25, tm_wday=1, tm_yday=220, tm_isdst=-1)",2023-08-08,2023,8,220,8,57
2023-08-08 01:59:55,40.761681,-111.910599,1280.4,0.0,175.3,1.0,13.47,32.95,29.59,18.55,3.0,2.0,31.72,16.0,873.3,0.0,37.6,1.89,47.6,831.4,-9999.0,-9999.0,-9999.0,-9999.0,-9999.0,-9999.0,-9999.0,0.0,0,1,"time.struct_time(tm_year=2023, tm_mon=8, tm_mday=8, tm_hour=1, tm_min=59, tm_sec=55, tm_wday=1, tm_yday=220, tm_isdst=-1)",2023-08-08,2023,8,220,8,59
2023-08-08 02:02:25,40.761673,-111.910599,1279.8,0.0,175.3,1.0,13.46,32.95,29.44,18.46,3.0,2.0,31.72,16.0,873.5,0.0,38.2,1.9,47.6,831.2,-9999.0,-9999.0,-9999.0,-9999.0,-9999.0,-9999.0,-9999.0,0.0,0,1,"time.struct_time(tm_year=2023, tm_mon=8, tm_mday=8, tm_hour=2, tm_min=2, tm_sec=25, tm_wday=1, tm_yday=220, tm_isdst=-1)",2023-08-08,2023,8,220,8,2
2023-08-08 02:04:55,40.761566,-111.910706,1277.9,0.31,223.5,1.0,13.47,32.95,29.32,18.93,3.0,2.0,31.72,16.0,873.3,0.0,45.3,1.89,47.6,831.3,-9999.0,-9999.0,-9999.0,-9999.0,-9999.0,-9999.0,-9999.0,0.0,0,1,"time.struct_time(tm_year=2023, tm_mon=8, tm_mday=8, tm_hour=2, tm_min=4, tm_sec=55, tm_wday=1, tm_yday=220, tm_isdst=-1)",2023-08-08,2023,8,220,8,4
2023-08-08 02:07:25,40.761791,-111.910591,1269.6,0.31,4.4,1.0,13.47,32.95,29.19,19.78,3.0,2.0,31.72,16.0,873.3,0.0,38.1,1.91,47.6,831.2,-9999.0,-9999.0,-9999.0,-9999.0,-9999.0,-9999.0,-9999.0,0.0,0,1,"time.struct_time(tm_year=2023, tm_mon=8, tm_mday=8, tm_hour=2, tm_min=7, tm_sec=25, tm_wday=1, tm_yday=220, tm_isdst=-1)",2023-08-08,2023,8,220,8,7
2023-08-08 02:09:55,40.761494,-111.910789,1264.2,0.0,192.0,1.0,13.47,32.95,29.1,20.43,3.0,2.0,31.78,16.0,873.3,0.0,39.4,1.89,47.6,831.3,-9999.0,-9999.0,-9999.0,-9999.0,-9999.0,-9999.0,-9999.0,0.0,0,1,"time.struct_time(tm_year=2023, tm_mon=8, tm_mday=8, tm_hour=2, tm_min=9, tm_sec=55, tm_wday=1, tm_yday=220, tm_isdst=-1)",2023-08-08,2023,8,220,8,9
2023-08-08 02:12:25,40.761459,-111.910744,1281.9,0.0,55.1,1.0,13.46,32.94,28.95,20.46,3.0,2.0,31.72,16.0,873.3,0.0,44.6,1.9,47.6,831.1,-9999.0,-9999.0,-9999.0,-9999.0,-9999.0,-9999.0,-9999.0,0.0,0,1,"time.struct_time(tm_year=2023, tm_mon=8, tm_mday=8, tm_hour=2, tm_min=12, tm_sec=25, tm_wday=1, tm_yday=220, tm_isdst=-1)",2023-08-08,2023,8,220,8,12
2023-08-08 02:14:55,40.761585,-111.910774,1282.8,0.0,4.0,1.0,13.46,32.94,28.79,19.8,2.0,2.0,31.72,16.0,873.2,0.0,38.9,1.91,47.6,831.2,-9999.0,-9999.0,-9999.0,-9999.0,-9999.0,-9999.0,-9999.0,0.0,0,1,"time.struct_time(tm_year=2023, tm_mon=8, tm_mday=8, tm_hour=2, tm_min=14, tm_sec=55, tm_wday=1, tm_yday=220, tm_isdst=-1)",2023-08-08,2023,8,220,8,14
2023-08-08 02:18:30,40.761559,-111.910881,1326.3,0.0,198.4,1.0,13.46,32.92,28.7,19.8,3.0,2.0,31.61,16.0,873.1,0.0,43.6,1.91,47.5,831.0,-9999.0,-9999.0,-9999.0,-9999.0,-9999.0,-9999.0,-9999.0,0.0,0,1,"time.struct_time(tm_year=2023, tm_mon=8, tm_mday=8, tm_hour=2, tm_min=18, tm_sec=30, tm_wday=1, tm_yday=220, tm_isdst=-1)",2023-08-08,2023,8,220,8,18
2023-08-08 02:21:00,40.76173,-111.910622,1314.2,0.0,46.8,1.0,13.46,32.91,28.67,21.04,4.0,2.0,31.61,16.0,873.2,0.0,40.8,1.9,47.5,831.1,-9999.0,-9999.0,-9999.0,-9999.0,-9999.0,-9999.0,-9999.0,0.0,0,1,"time.struct_time(tm_year=2023, tm_mon=8, tm_mday=8, tm_hour=2, tm_min=21, tm_sec=0, tm_wday=1, tm_yday=220, tm_isdst=-1)",2023-08-08,2023,8,220,8,21
2023-08-08 02:23:30,40.76173,-111.910652,1309.6,0.0,13.9,1.0,13.47,32.9,28.57,21.6,3.0,2.0,31.61,17.0,873.0,0.0,39.4,1.91,47.5,831.0,-9999.0,-9999.0,-9999.0,-9999.0,-9999.0,-9999.0,-9999.0,0.0,0,1,"time.struct_time(tm_year=2023, tm_mon=8, tm_mday=8, tm_hour=2, tm_min=23, tm_sec=30, tm_wday=1, tm_yday=220, tm_isdst=-1)",2023-08-08,2023,8,220,8,23
2023-08-08 02:26:00,40.761723,-111.91066,1309.1,0.0,13.9,1.0,13.47,32.88,28.47,22.34,3.0,2.0,31.61,17.0,873.2,0.0,42.7,1.9,47.5,831.1,-9999.0,-9999.0,-9999.0,-9999.0,-9999.0,-9999.0,-9999.0,0.0,0,1,"time.struct_time(tm_year=2023, tm_mon=8, tm_mday=8, tm_hour=2, tm_min=26, tm_sec=0, tm_wday=1, tm_yday=220, tm_isdst=-1)",2023-08-08,2023,8,220,8,26
2023-08-08 02:28:30,40.761723,-111.91066,1308.9,0.0,13.9,1.0,13.46,32.87,28.32,22.92,3.0,2.0,31.5,17.0,873.1,0.0,40.1,1.9,47.5,831.0,-9999.0,-9999.0,-9999.0,-9999.0,-9999.0,-9999.0,-9999.0,0.0,0,1,"time.struct_time(tm_year=2023, tm_mon=8, tm_mday=8, tm_hour=2, tm_min=28, tm_sec=30, tm_wday=1, tm_yday=220, tm_isdst=-1)",2023-08-08,2023,8,220,8,28
2023-08-08 02:31:00,40.761677,-111.910622,1293.6,0.0,156.5,1.0,13.47,32.84,28.14,22.67,4.0,2.0,31.5,17.0,873.2,0.0,40.6,1.9,47.5,831.1,-9999.0,-9999.0,-9999.0,-9999.0,-9999.0,-9999.0,-9999.0,0.0,0,1,"time.struct_time(tm_year=2023, tm_mon=8, tm_mday=8, tm_hour=2, tm_min=31, tm_sec=0, tm_wday=1, tm_yday=220, tm_isdst=-1)",2023-08-08,2023,8,220,8,31
2023-08-08 02:33:30,40.761616,-111.910629,1290.8,0.0,156.5,1.0,13.46,32.82,28.08,22.43,4.0,2.0,31.39,17.0,873.0,0.0,23.2,1.9,47.5,831.0,-9999.0,-9999.0,-9999.0,-9999.0,-9999.0,-9999.0,-9999.0,0.0,0,1,"time.struct_time(tm_year=2023, tm_mon=8, tm_mday=8, tm_hour=2, tm_min=33, tm_sec=30, tm_wday=1, tm_yday=220, tm_isdst=-1)",2023-08-08,2023,8,220,8,33
2023-08-08 02:36:00,40.761642,-111.91066,1287.1,0.31,353.6,1.0,13.47,32.8,28.05,22.26,3.0,2.0,31.39,17.0,872.9,0.0,33.0,1.9,47.5,831.0,-9999.0,-9999.0,-9999.0,-9999.0,-9999.0,-9999.0,-9999.0,0.0,0,1,"time.struct_time(tm_year=2023, tm_mon=8, tm_mday=8, tm_hour=2, tm_min=36, tm_sec=0, tm_wday=1, tm_yday=220, tm_isdst=-1)",2023-08-08,2023,8,220,8,36
2023-08-08 02:38:30,40.761726,-111.91066,1268.6,0.0,218.7,1.0,13.46,32.77,27.99,21.86,4.0,2.0,31.39,17.0,872.9,0.0,10.9,1.9,47.5,830.9,-9999.0,-9999.0,-9999.0,-9999.0,-9999.0,-9999.0,-9999.0,0.0,0,1,"time.struct_time(tm_year=2023, tm_mon=8, tm_mday=8, tm_hour=2, tm_min=38, tm_sec=30, tm_wday=1, tm_yday=220, tm_isdst=-1)",2023-08-08,2023,8,220,8,38
2023-08-08 02:41:00,40.761723,-111.91066,1268.6,0.0,218.7,1.0,13.46,32.74,28.02,21.6,3.0,2.0,31.39,17.0,873.0,0.0,30.7,1.9,47.5,830.9,-9999.0,-9999.0,-9999.0,-9999.0,-9999.0,-9999.0,-9999.0,0.0,0,1,"time.struct_time(tm_year=2023, tm_mon=8, tm_mday=8, tm_hour=2, tm_min=41, tm_sec=0, tm_wday=1, tm_yday=220, tm_isdst=-1)",2023-08-08,2023,8,220,8,41
2023-08-08 02:43:30,40.761719,-111.91066,1268.8,0.0,218.7,1.0,13.46,32.72,28.04,21.73,3.0,2.0,31.28,17.0,873.0,0.0,18.5,1.91,47.5,830.8,-9999.0,-9999.0,-9999.0,-9999.0,-9999.0,-9999.0,-9999.0,0.0,0,1,"time.struct_time(tm_year=2023, tm_mon=8, tm_mday=8, tm_hour=2, tm_min=43, tm_sec=30, tm_wday=1, tm_yday=220, tm_isdst=-1)",2023-08-08,2023,8,220,8,43
2023-08-08 02:46:00,40.761395,-111.910629,1259.8,0.0,188.7,1.0,13.47,32.69,28.05,21.75,3.0,2.0,31.28,17.0,872.7,0.0,37.9,1.89,47.4,830.9,-9999.0,-9999.0,-9999.0,-9999.0,-9999.0,-9999.0,-9999.0,0.0,0,1,"time.struct_time(tm_year=2023, tm_mon=8, tm_mday=8, tm_hour=2, tm_min=46, tm_sec=0, tm_wday=1, tm_yday=220, tm_isdst=-1)",2023-08-08,2023,8,220,8,46
2023-08-08 02:48:30,40.761391,-111.910652,1257.3,0.0,327.6,1.0,13.46,32.67,28.02,21.63,3.0,2.0,31.28,17.0,872.8,0.0,38.1,1.9,47.4,830.8,-9999.0,-9999.0,-9999.0,-9999.0,-9999.0,-9999.0,-9999.0,0.0,0,1,"time.struct_time(tm_year=2023, tm_mon=8, tm_mday=8, tm_hour=2, tm_min=48, tm_sec=30, tm_wday=1, tm_yday=220, tm_isdst=-1)",2023-08-08,2023,8,220,8,48
2023-08-08 02:51:00,40.761566,-111.910683,1262.9,0.0,333.2,1.0,13.47,32.64,27.91,21.35,3.0,2.0,31.22,17.0,872.8,0.0,36.2,1.89,47.4,830.9,-9999.0,-9999.0,-9999.0,-9999.0,-9999.0,-9999.0,-9999.0,0.0,0,1,"time.struct_time(tm_year=2023, tm_mon=8, tm_mday=8, tm_hour=2, tm_min=51, tm_sec=0, tm_wday=1, tm_yday=220, tm_isdst=-1)",2023-08-08,2023,8,220,8,51
2023-08-08 02:53:30,40.761818,-111.910599,1223.1,0.0,348.6,1.0,13.46,32.61,27.85,20.58,4.0,2.0,31.11,16.0,872.8,0.0,26.9,1.89,47.4,830.7,-9999.0,-9999.0,-9999.0,-9999.0,-9999.0,-9999.0,-9999.0,0.0,0,1,"time.struct_time(tm_year=2023, tm_mon=8, tm_mday=8, tm_hour=2, tm_min=53, tm_sec=30, tm_wday=1, tm_yday=220, tm_isdst=-1)",2023-08-08,2023,8,220,8,53
2023-08-08 02:56:00,40.761536,-111.910522,1237.5,0.0,157.7,1.0,13.46,32.58,27.83,21.12,3.0,2.0,31.11,16.0,872.8,0.0,34.9,1.89,47.4,830.8,-9999.0,-9999.0,-9999.0,-9999.0,-9999.0,-9999.0,-9999.0,0.0,0,1,"time.struct_time(tm_year=2023, tm_mon=8, tm_mday=8, tm_hour=2, tm_min=56, tm_sec=0, tm_wday=1, tm_yday=220, tm_isdst=-1)",2023-08-08,2023,8,220,8,56
2023-08-08 02:58:30,40.761768,-111.910805,1304.6,0.0,333.9,1.0,13.46,32.55,27.69,20.96,3.0,2.0,31.11,16.0,872.7,0.0,19.8,1.91,47.3,830.7,-9999.0,-9999.0,-9999.0,-9999.0,-9999.0,-9999.0,-9999.0,0.0,0,1,"time.struct_time(tm_year=2023, tm_mon=8, tm_mday=8, tm_hour=2, tm_min=58, tm_sec=30, tm_wday=1, tm_yday=220, tm_isdst=-1)",2023-08-08,2023,8,220,8,58
2023-08-08 03:01:00,40.761669,-111.910774,1294.1,0.0,176.9,1.0,13.46,32.52,27.53,21.36,3.0,2.0,31.0,16.0,872.9,0.0,31.7,1.91,47.3,830.8,-9999.0,-9999.0,-9999.0,-9999.0,-9999.0,-9999.0,-9999.0,0.0,0,1,"time.struct_time(tm_year=2023, tm_mon=8, tm_mday=8, tm_hour=3, tm_min=1, tm_sec=0, tm_wday=1, tm_yday=220, tm_isdst=-1)",2023-08-08,2023,8,220,8,1
2023-08-08 03:03:30,40.761604,-111.910767,1282.3,0.0,205.6,1.0,13.47,32.48,27.38,22.03,3.0,2.0,31.0,16.0,872.8,0.0,31.7,1.9,47.3,830.7,-9999.0,-9999.0,-9999.0,-9999.0,-9999.0,-9999.0,-9999.0,0.0,0,1,"time.struct_time(tm_year=2023, tm_mon=8, tm_mday=8, tm_hour=3, tm_min=3, tm_sec=30, tm_wday=1, tm_yday=220, tm_isdst=-1)",2023-08-08,2023,8,220,8,3
2023-08-08 03:06:00,40.761749,-111.910728,1255.2,0.0,346.2,1.0,13.46,32.44,27.31,21.99,3.0,2.0,30.89,16.0,872.8,0.0,26.5,1.9,47.3,830.9,-9999.0,-9999.0,-9999.0,-9999.0,-9999.0,-9999.0,-9999.0,0.0,0,1,"time.struct_time(tm_year=2023, tm_mon=8, tm_mday=8, tm_hour=3, tm_min=6, tm_sec=0, tm_wday=1, tm_yday=220, tm_isdst=-1)",2023-08-08,2023,8,220,8,6
2023-08-08 03:08:30,40.761555,-111.910614,1249.3,0.0,179.9,1.0,13.47,32.41,27.46,21.74,4.0,2.0,30.89,17.0,872.8,0.0,33.9,1.9,47.2,830.8,-9999.0,-9999.0,-9999.0,-9999.0,-9999.0,-9999.0,-9999.0,0.0,0,1,"time.struct_time(tm_year=2023, tm_mon=8, tm_mday=8, tm_hour=3, tm_min=8, tm_sec=30, tm_wday=1, tm_yday=220, tm_isdst=-1)",2023-08-08,2023,8,220,8,8
2023-08-08 03:11:00,40.761578,-111.910606,1248.4,0.0,337.5,1.0,13.46,32.37,27.22,22.27,4.0,2.0,30.89,16.0,873.0,0.0,34.7,1.9,47.2,831.0,-9999.0,-9999.0,-9999.0,-9999.0,-9999.0,-9999.0,-9999.0,0.0,0,1,"time.struct_time(tm_year=2023, tm_mon=8, tm_mday=8, tm_hour=3, tm_min=11, tm_sec=0, tm_wday=1, tm_yday=220, tm_isdst=-1)",2023-08-08,2023,8,220,8,11
2023-08-08 03:13:30,40.761547,-111.910614,1249.1,0.0,337.5,1.0,13.46,32.33,26.97,22.35,4.0,2.0,30.89,16.0,872.9,0.0,38.2,1.9,47.2,830.8,-9999.0,-9999.0,-9999.0,-9999.0,-9999.0,-9999.0,-9999.0,0.0,0,1,"time.struct_time(tm_year=2023, tm_mon=8, tm_mday=8, tm_hour=3, tm_min=13, tm_sec=30, tm_wday=1, tm_yday=220, tm_isdst=-1)",2023-08-08,2023,8,220,8,13
2023-08-08 03:16:00,40.761566,-111.910713,1251.9,0.0,337.5,1.0,13.46,32.29,26.84,22.33,3.0,2.0,30.78,16.0,872.8,0.0,32.9,1.9,47.2,830.9,-9999.0,-9999.0,-9999.0,-9999.0,-9999.0,-9999.0,-9999.0,0.0,0,1,"time.struct_time(tm_year=2023, tm_mon=8, tm_mday=8, tm_hour=3, tm_min=16, tm_sec=0, tm_wday=1, tm_yday=220, tm_isdst=-1)",2023-08-08,2023,8,220,8,16
2023-08-08 03:19:35,40.761559,-111.910622,1254.6,0.0,337.5,1.0,13.47,32.23,26.89,22.36,3.0,2.0,30.78,17.0,872.8,0.0,27.1,1.91,47.1,830.8,-9999.0,-9999.0,-9999.0,-9999.0,-9999.0,-9999.0,-9999.0,0.0,0,1,"time.struct_time(tm_year=2023, tm_mon=8, tm_mday=8, tm_hour=3, tm_min=19, tm_sec=35, tm_wday=1, tm_yday=220, tm_isdst=-1)",2023-08-08,2023,8,220,8,19
2023-08-08 03:22:05,40.761726,-111.910683,1254.0,0.0,22.0,1.0,13.46,32.19,27.08,21.91,4.0,2.0,30.72,17.0,872.8,0.0,24.6,1.89,47.1,830.7,-9999.0,-9999.0,-9999.0,-9999.0,-9999.0,-9999.0,-9999.0,0.0,0,1,"time.struct_time(tm_year=2023, tm_mon=8, tm_mday=8, tm_hour=3, tm_min=22, tm_sec=5, tm_wday=1, tm_yday=220, tm_isdst=-1)",2023-08-08,2023,8,220,8,22
2023-08-08 03:24:35,40.761826,-111.910675,1261.0,0.0,350.4,1.0,13.46,32.16,27.24,21.8,4.0,2.0,30.72,17.0,872.8,0.0,32.5,1.9,47.1,830.8,-9999.0,-9999.0,-9999.0,-9999.0,-9999.0,-9999.0,-9999.0,0.0,0,1,"time.struct_time(tm_year=2023, tm_mon=8, tm_mday=8, tm_hour=3, tm_min=24, tm_sec=35, tm_wday=1, tm_yday=220, tm_isdst=-1)",2023-08-08,2023,8,220,8,24
2023-08-08 03:27:05,40.761768,-111.910728,1247.2,0.0,181.8,1.0,13.46,32.13,27.4,21.55,4.0,2.0,30.61,16.0,872.7,0.0,32.6,1.89,47.0,830.8,-9999.0,-9999.0,-9999.0,-9999.0,-9999.0,-9999.0,-9999.0,0.0,0,1,"time.struct_time(tm_year=2023, tm_mon=8, tm_mday=8, tm_hour=3, tm_min=27, tm_sec=5, tm_wday=1, tm_yday=220, tm_isdst=-1)",2023-08-08,2023,8,220,8,27
2023-08-08 03:29:35,40.761684,-111.910736,1259.5,0.0,178.0,1.0,13.46,32.1,27.47,21.5,4.0,2.0,30.61,17.0,872.6,0.0,18.5,1.91,47.0,830.8,-9999.0,-9999.0,-9999.0,-9999.0,-9999.0,-9999.0,-9999.0,0.0,0,1,"time.struct_time(tm_year=2023, tm_mon=8, tm_mday=8, tm_hour=3, tm_min=29, tm_sec=35, tm_wday=1, tm_yday=220, tm_isdst=-1)",2023-08-08,2023,8,220,8,29
2023-08-08 03:32:05,40.761765,-111.910706,1220.7,0.0,0.1,1.0,13.47,32.07,27.49,21.54,4.0,2.0,30.61,17.0,872.9,0.0,32.4,1.9,47.0,830.7,-9999.0,-9999.0,-9999.0,-9999.0,-9999.0,-9999.0,-9999.0,0.0,0,1,"time.struct_time(tm_year=2023, tm_mon=8, tm_mday=8, tm_hour=3, tm_min=32, tm_sec=5, tm_wday=1, tm_yday=220, tm_isdst=-1)",2023-08-08,2023,8,220,8,32
2023-08-08 03:34:35,40.761654,-111.910622,1238.0,0.0,166.4,1.0,13.46,32.05,27.5,21.63,3.0,2.0,30.61,17.0,872.5,0.0,17.9,1.9,46.9,830.7,-9999.0,-9999.0,-9999.0,-9999.0,-9999.0,-9999.0,-9999.0,0.0,0,1,"time.struct_time(tm_year=2023, tm_mon=8, tm_mday=8, tm_hour=3, tm_min=34, tm_sec=35, tm_wday=1, tm_yday=220, tm_isdst=-1)",2023-08-08,2023,8,220,8,34
2023-08-08 03:37:05,40.761494,-111.910446,1270.7,0.0,114.9,1.0,13.47,32.02,27.46,21.55,4.0,2.0,30.5,16.0,872.5,0.0,10.1,1.9,46.9,830.6,-9999.0,-9999.0,-9999.0,-9999.0,-9999.0,-9999.0,-9999.0,0.0,0,1,"time.struct_time(tm_year=2023, tm_mon=8, tm_mday=8, tm_hour=3, tm_min=37, tm_sec=5, tm_wday=1, tm_yday=220, tm_isdst=-1)",2023-08-08,2023,8,220,8,37
2023-08-08 03:39:35,40.761482,-111.910614,1265.6,0.0,208.3,1.0,13.46,32.0,27.4,21.51,4.0,2.0,30.5,17.0,872.5,0.0,17.2,1.91,46.9,830.7,-9999.0,-9999.0,-9999.0,-9999.0,-9999.0,-9999.0,-9999.0,0.0,0,1,"time.struct_time(tm_year=2023, tm_mon=8, tm_mday=8, tm_hour=3, tm_min=39, tm_sec=35, tm_wday=1, tm_yday=220, tm_isdst=-1)",2023-08-08,2023,8,220,8,39
2023-08-08 03:42:05,40.7617,-111.91066,1266.1,0.41,345.7,1.0,13.46,31.97,27.38,21.57,4.0,2.0,30.5,17.0,872.5,0.0,29.0,1.89,46.9,830.6,-9999.0,-9999.0,-9999.0,-9999.0,-9999.0,-9999.0,-9999.0,0.0,0,1,"time.struct_time(tm_year=2023, tm_mon=8, tm_mday=8, tm_hour=3, tm_min=42, tm_sec=5, tm_wday=1, tm_yday=220, tm_isdst=-1)",2023-08-08,2023,8,220,8,42
2023-08-08 03:44:35,40.76173,-111.910561,1268.8,0.0,353.0,1.0,13.46,31.94,27.44,21.49,5.0,2.0,30.5,17.0,872.8,0.0,27.8,1.9,46.8,830.8,-9999.0,-9999.0,-9999.0,-9999.0,-9999.0,-9999.0,-9999.0,0.0,0,1,"time.struct_time(tm_year=2023, tm_mon=8, tm_mday=8, tm_hour=3, tm_min=44, tm_sec=35, tm_wday=1, tm_yday=220, tm_isdst=-1)",2023-08-08,2023,8,220,8,44
2023-08-08 03:47:05,40.761726,-111.910561,1268.8,0.0,353.0,1.0,13.46,31.91,27.46,21.47,3.0,2.0,30.5,17.0,872.7,0.0,20.2,1.9,46.8,830.7,-9999.0,-9999.0,-9999.0,-9999.0,-9999.0,-9999.0,-9999.0,0.0,0,1,"time.struct_time(tm_year=2023, tm_mon=8, tm_mday=8, tm_hour=3, tm_min=47, tm_sec=5, tm_wday=1, tm_yday=220, tm_isdst=-1)",2023-08-08,2023,8,220,8,47
2023-08-08 03:49:35,40.761749,-111.910637,1267.3,0.36,298.4,1.0,13.46,31.89,27.46,21.23,3.0,2.0,30.5,17.0,872.9,0.0,32.1,1.9,46.8,830.8,-9999.0,-9999.0,-9999.0,-9999.0,-9999.0,-9999.0,-9999.0,0.0,0,1,"time.struct_time(tm_year=2023, tm_mon=8, tm_mday=8, tm_hour=3, tm_min=49, tm_sec=35, tm_wday=1, tm_yday=220, tm_isdst=-1)",2023-08-08,2023,8,220,8,49
2023-08-08 03:52:05,40.761753,-111.910538,1258.0,0.0,114.6,1.0,13.46,31.86,27.36,21.37,3.0,2.0,30.39,17.0,872.6,0.0,30.0,1.9,46.7,830.6,-9999.0,-9999.0,-9999.0,-9999.0,-9999.0,-9999.0,-9999.0,0.0,0,1,"time.struct_time(tm_year=2023, tm_mon=8, tm_mday=8, tm_hour=3, tm_min=52, tm_sec=5, tm_wday=1, tm_yday=220, tm_isdst=-1)",2023-08-08,2023,8,220,8,52
2023-08-08 03:54:35,40.761749,-111.910553,1256.9,0.0,114.6,1.0,13.46,31.84,27.38,21.23,3.0,2.0,30.39,17.0,872.8,0.0,28.2,1.89,46.7,830.8,-9999.0,-9999.0,-9999.0,-9999.0,-9999.0,-9999.0,-9999.0,0.0,0,1,"time.struct_time(tm_year=2023, tm_mon=8, tm_mday=8, tm_hour=3, tm_min=54, tm_sec=35, tm_wday=1, tm_yday=220, tm_isdst=-1)",2023-08-08,2023,8,220,8,54
2023-08-08 03:57:05,40.761753,-111.910583,1256.7,0.0,114.6,1.0,13.46,31.82,27.38,21.07,4.0,2.0,30.39,17.0,872.9,0.0,25.9,1.9,46.7,830.7,-9999.0,-9999.0,-9999.0,-9999.0,-9999.0,-9999.0,-9999.0,0.0,0,1,"time.struct_time(tm_year=2023, tm_mon=8, tm_mday=8, tm_hour=3, tm_min=57, tm_sec=5, tm_wday=1, tm_yday=220, tm_isdst=-1)",2023-08-08,2023,8,220,8,57
2023-08-08 03:59:35,40.761902,-111.910645,1268.8,0.0,334.7,1.0,13.46,31.8,27.33,20.58,3.0,2.0,30.39,17.0,872.9,0.0,24.5,1.89,46.7,830.8,-9999.0,-9999.0,-9999.0,-9999.0,-9999.0,-9999.0,-9999.0,0.0,0,1,"time.struct_time(tm_year=2023, tm_mon=8, tm_mday=8, tm_hour=3, tm_min=59, tm_sec=35, tm_wday=1, tm_yday=220, tm_isdst=-1)",2023-08-08,2023,8,220,8,59
2023-08-08 04:02:05,40.761456,-111.910645,1280.6,0.0,160.7,1.0,13.46,31.78,27.22,20.66,3.0,2.0,30.28,17.0,872.7,0.0,19.3,1.9,46.7,830.7,-9999.0,-9999.0,-9999.0,-9999.0,-9999.0,-9999.0,-9999.0,0.0,0,1,"time.struct_time(tm_year=2023, tm_mon=8, tm_mday=8, tm_hour=4, tm_min=2, tm_sec=5, tm_wday=1, tm_yday=220, tm_isdst=-1)",2023-08-08,2023,8,220,8,2
2023-08-08 04:04:35,40.761681,-111.910675,1281.6,0.0,6.6,1.0,13.46,31.76,27.24,20.5,3.0,2.0,30.28,17.0,872.6,0.0,26.1,1.9,46.6,830.8,-9999.0,-9999.0,-9999.0,-9999.0,-9999.0,-9999.0,-9999.0,0.0,0,1,"time.struct_time(tm_year=2023, tm_mon=8, tm_mday=8, tm_hour=4, tm_min=4, tm_sec=35, tm_wday=1, tm_yday=220, tm_isdst=-1)",2023-08-08,2023,8,220,8,4
2023-08-08 04:07:05,40.761658,-111.910698,1282.0,0.0,6.6,1.0,13.47,31.74,27.26,20.59,3.0,2.0,30.28,16.0,872.8,0.0,29.6,1.89,46.6,830.6,-9999.0,-9999.0,-9999.0,-9999.0,-9999.0,-9999.0,-9999.0,0.0,0,1,"time.struct_time(tm_year=2023, tm_mon=8, tm_mday=8, tm_hour=4, tm_min=7, tm_sec=5, tm_wday=1, tm_yday=220, tm_isdst=-1)",2023-08-08,2023,8,220,8,7
2023-08-08 04:09:35,40.761658,-111.910706,1282.1,0.0,6.6,1.0,13.47,31.72,27.23,20.1,3.0,2.0,30.28,16.0,872.6,0.0,10.3,1.89,46.6,830.7,-9999.0,-9999.0,-9999.0,-9999.0,-9999.0,-9999.0,-9999.0,0.0,0,1,"time.struct_time(tm_year=2023, tm_mon=8, tm_mday=8, tm_hour=4, tm_min=9, tm_sec=35, tm_wday=1, tm_yday=220, tm_isdst=-1)",2023-08-08,2023,8,220,8,9
2023-08-08 04:12:05,40.761536,-111.910751,1292.3,0.0,6.6,1.0,13.46,31.7,27.19,20.3,5.0,2.0,30.28,16.0,872.7,0.0,22.0,1.9,46.6,830.6,-9999.0,-9999.0,-9999.0,-9999.0,-9999.0,-9999.0,-9999.0,0.0,0,1,"time.struct_time(tm_year=2023, tm_mon=8, tm_mday=8, tm_hour=4, tm_min=12, tm_sec=5, tm_wday=1, tm_yday=220, tm_isdst=-1)",2023-08-08,2023,8,220,8,12
2023-08-08 04:14:35,40.761543,-111.910751,1291.8,0.0,6.6,1.0,13.46,31.68,27.05,20.64,3.0,2.0,30.28,16.0,872.7,0.0,23.4,1.9,46.5,830.7,-9999.0,-9999.0,-9999.0,-9999.0,-9999.0,-9999.0,-9999.0,0.0,0,1,"time.struct_time(tm_year=2023, tm_mon=8, tm_mday=8, tm_hour=4, tm_min=14, tm_sec=35, tm_wday=1, tm_yday=220, tm_isdst=-1)",2023-08-08,2023,8,220,8,14
2023-08-08 04:17:05,40.761654,-111.910736,1291.8,0.31,25.0,1.0,13.46,31.66,27.03,20.54,3.0,2.0,30.22,16.0,872.6,0.0,21.5,1.9,46.5,830.6,-9999.0,-9999.0,-9999.0,-9999.0,-9999.0,-9999.0,-9999.0,0.0,0,1,"time.struct_time(tm_year=2023, tm_mon=8, tm_mday=8, tm_hour=4, tm_min=17, tm_sec=5, tm_wday=1, tm_yday=220, tm_isdst=-1)",2023-08-08,2023,8,220,8,17
2023-08-08 04:20:40,40.761703,-111.910706,1292.5,0.0,25.0,1.0,13.46,31.63,27.01,20.54,2.0,2.0,30.22,16.0,872.6,0.0,28.7,1.89,46.5,830.7,-9999.0,-9999.0,-9999.0,-9999.0,-9999.0,-9999.0,-9999.0,0.0,0,1,"time.struct_time(tm_year=2023, tm_mon=8, tm_mday=8, tm_hour=4, tm_min=20, tm_sec=40, tm_wday=1, tm_yday=220, tm_isdst=-1)",2023-08-08,2023,8,220,8,20
2023-08-08 04:23:10,40.761703,-111.910706,1292.4,0.0,25.0,1.0,13.47,31.6,26.97,20.7,2.0,2.0,30.22,16.0,872.6,0.0,28.5,1.89,46.5,830.6,-9999.0,-9999.0,-9999.0,-9999.0,-9999.0,-9999.0,-9999.0,0.0,0,1,"time.struct_time(tm_year=2023, tm_mon=8, tm_mday=8, tm_hour=4, tm_min=23, tm_sec=10, tm_wday=1, tm_yday=220, tm_isdst=-1)",2023-08-08,2023,8,220,8,23
2023-08-08 04:25:40,40.7617,-111.910698,1292.0,0.0,25.0,1.0,13.47,31.58,26.95,20.7,3.0,2.0,30.22,16.0,872.6,0.0,25.3,1.89,46.5,830.7,-9999.0,-9999.0,-9999.0,-9999.0,-9999.0,-9999.0,-9999.0,0.0,0,1,"time.struct_time(tm_year=2023, tm_mon=8, tm_mday=8, tm_hour=4, tm_min=25, tm_sec=40, tm_wday=1, tm_yday=220, tm_isdst=-1)",2023-08-08,2023,8,220,8,25
2023-08-08 04:28:10,40.761726,-111.910667,1289.3,0.0,25.0,1.0,13.47,31.56,26.71,21.32,2.0,2.0,30.11,16.0,872.8,0.0,28.1,1.89,46.4,830.6,-9999.0,-9999.0,-9999.0,-9999.0,-9999.0,-9999.0,-9999.0,0.0,0,1,"time.struct_time(tm_year=2023, tm_mon=8, tm_mday=8, tm_hour=4, tm_min=28, tm_sec=10, tm_wday=1, tm_yday=220, tm_isdst=-1)",2023-08-08,2023,8,220,8,28
2023-08-08 04:30:40,40.761738,-111.910645,1286.9,0.0,25.0,1.0,13.46,31.53,26.57,21.52,3.0,2.0,30.11,16.0,872.6,0.0,29.4,1.88,46.4,830.7,-9999.0,-9999.0,-9999.0,-9999.0,-9999.0,-9999.0,-9999.0,0.0,0,1,"time.struct_time(tm_year=2023, tm_mon=8, tm_mday=8, tm_hour=4, tm_min=30, tm_sec=40, tm_wday=1, tm_yday=220, tm_isdst=-1)",2023-08-08,2023,8,220,8,30
2023-08-08 04:33:10,40.761742,-111.910652,1286.4,0.0,25.0,1.0,13.46,31.51,26.49,22.45,3.0,2.0,30.11,16.0,872.8,0.0,18.7,1.89,46.4,830.6,-9999.0,-9999.0,-9999.0,-9999.0,-9999.0,-9999.0,-9999.0,0.0,0,1,"time.struct_time(tm_year=2023, tm_mon=8, tm_mday=8, tm_hour=4, tm_min=33, tm_sec=10, tm_wday=1, tm_yday=220, tm_isdst=-1)",2023-08-08,2023,8,220,8,33
2023-08-08 04:35:40,40.761738,-111.910652,1286.0,0.0,25.0,1.0,13.46,31.48,26.33,21.84,3.0,2.0,30.0,16.0,872.7,0.0,24.4,1.9,46.4,830.8,-9999.0,-9999.0,-9999.0,-9999.0,-9999.0,-9999.0,-9999.0,0.0,0,1,"time.struct_time(tm_year=2023, tm_mon=8, tm_mday=8, tm_hour=4, tm_min=35, tm_sec=40, tm_wday=1, tm_yday=220, tm_isdst=-1)",2023-08-08,2023,8,220,8,35
2023-08-08 04:38:10,40.761734,-111.91066,1285.4,0.0,25.0,1.0,13.47,31.45,26.21,22.08,2.0,2.0,30.0,17.0,872.7,0.0,33.7,1.9,46.3,830.8,-9999.0,-9999.0,-9999.0,-9999.0,-9999.0,-9999.0,-9999.0,0.0,0,1,"time.struct_time(tm_year=2023, tm_mon=8, tm_mday=8, tm_hour=4, tm_min=38, tm_sec=10, tm_wday=1, tm_yday=220, tm_isdst=-1)",2023-08-08,2023,8,220,8,38
2023-08-08 04:40:40,40.761734,-111.910652,1285.2,0.0,25.0,1.0,13.46,31.41,26.19,21.94,3.0,2.0,29.89,17.0,872.8,0.0,33.0,1.89,46.3,831.0,-9999.0,-9999.0,-9999.0,-9999.0,-9999.0,-9999.0,-9999.0,0.0,0,1,"time.struct_time(tm_year=2023, tm_mon=8, tm_mday=8, tm_hour=4, tm_min=40, tm_sec=40, tm_wday=1, tm_yday=220, tm_isdst=-1)",2023-08-08,2023,8,220,8,40
2023-08-08 04:43:10,40.761719,-111.910645,1283.9,0.0,25.0,1.0,13.46,31.38,26.23,24.03,3.0,2.0,29.89,17.0,872.8,0.0,24.8,1.89,46.3,830.8,-9999.0,-9999.0,-9999.0,-9999.0,-9999.0,-9999.0,-9999.0,0.0,0,1,"time.struct_time(tm_year=2023, tm_mon=8, tm_mday=8, tm_hour=4, tm_min=43, tm_sec=10, tm_wday=1, tm_yday=220, tm_isdst=-1)",2023-08-08,2023,8,220,8,43
2023-08-08 04:45:40,40.761711,-111.910645,1283.2,0.0,25.0,1.0,13.46,31.34,26.23,24.7,4.0,2.0,29.89,17.0,872.7,0.0,22.2,1.9,46.3,830.9,-9999.0,-9999.0,-9999.0,-9999.0,-9999.0,-9999.0,-9999.0,0.0,0,1,"time.struct_time(tm_year=2023, tm_mon=8, tm_mday=8, tm_hour=4, tm_min=45, tm_sec=40, tm_wday=1, tm_yday=220, tm_isdst=-1)",2023-08-08,2023,8,220,8,45
2023-08-08 04:48:10,40.761711,-111.910645,1282.7,0.0,25.0,1.0,13.46,31.31,26.17,25.62,3.0,2.0,29.89,18.0,872.8,0.0,22.8,1.89,46.2,830.8,-9999.0,-9999.0,-9999.0,-9999.0,-9999.0,-9999.0,-9999.0,0.0,0,1,"time.struct_time(tm_year=2023, tm_mon=8, tm_mday=8, tm_hour=4, tm_min=48, tm_sec=10, tm_wday=1, tm_yday=220, tm_isdst=-1)",2023-08-08,2023,8,220,8,48
2023-08-08 04:50:40,40.761707,-111.910652,1282.3,0.0,25.0,1.0,13.46,31.28,26.21,25.7,4.0,2.0,29.78,18.0,872.9,0.0,19.3,1.9,46.2,830.9,-9999.0,-9999.0,-9999.0,-9999.0,-9999.0,-9999.0,-9999.0,0.0,0,1,"time.struct_time(tm_year=2023, tm_mon=8, tm_mday=8, tm_hour=4, tm_min=50, tm_sec=40, tm_wday=1, tm_yday=220, tm_isdst=-1)",2023-08-08,2023,8,220,8,50
2023-08-08 04:53:10,40.761723,-111.91066,1282.0,0.0,25.0,1.0,13.47,31.25,26.19,24.66,3.0,2.0,29.78,18.0,872.7,0.0,32.3,1.9,46.2,830.8,-9999.0,-9999.0,-9999.0,-9999.0,-9999.0,-9999.0,-9999.0,0.0,0,1,"time.struct_time(tm_year=2023, tm_mon=8, tm_mday=8, tm_hour=4, tm_min=53, tm_sec=10, tm_wday=1, tm_yday=220, tm_isdst=-1)",2023-08-08,2023,8,220,8,53
2023-08-08 04:55:40,40.761715,-111.91066,1281.1,0.0,25.0,1.0,13.47,31.21,26.13,24.14,4.0,2.0,29.72,18.0,872.5,0.0,28.7,1.89,46.2,830.7,-9999.0,-9999.0,-9999.0,-9999.0,-9999.0,-9999.0,-9999.0,0.0,0,1,"time.struct_time(tm_year=2023, tm_mon=8, tm_mday=8, tm_hour=4, tm_min=55, tm_sec=40, tm_wday=1, tm_yday=220, tm_isdst=-1)",2023-08-08,2023,8,220,8,55
2023-08-08 04:58:10,40.761726,-111.910645,1280.7,0.0,25.0,1.0,13.46,31.18,26.15,24.06,3.0,2.0,29.72,18.0,872.6,0.0,31.8,1.9,46.1,830.6,-9999.0,-9999.0,-9999.0,-9999.0,-9999.0,-9999.0,-9999.0,0.0,0,1,"time.struct_time(tm_year=2023, tm_mon=8, tm_mday=8, tm_hour=4, tm_min=58, tm_sec=10, tm_wday=1, tm_yday=220, tm_isdst=-1)",2023-08-08,2023,8,220,8,58
2023-08-08 05:00:40,40.761723,-111.910652,1280.9,0.0,25.0,1.0,13.46,31.15,26.11,23.94,4.0,2.0,29.61,18.0,872.3,0.0,36.0,1.9,46.1,830.6,-9999.0,-9999.0,-9999.0,-9999.0,-9999.0,-9999.0,-9999.0,0.0,0,1,"time.struct_time(tm_year=2023, tm_mon=8, tm_mday=8, tm_hour=5, tm_min=0, tm_sec=40, tm_wday=1, tm_yday=220, tm_isdst=-1)",2023-08-08,2023,8,220,8,0
2023-08-08 05:03:10,40.761719,-111.910652,1280.7,0.0,25.0,1.0,13.47,31.11,26.09,24.09,3.0,2.0,29.61,17.0,872.3,0.0,19.5,1.89,46.1,830.4,-9999.0,-9999.0,-9999.0,-9999.0,-9999.0,-9999.0,-9999.0,0.0,0,1,"time.struct_time(tm_year=2023, tm_mon=8, tm_mday=8, tm_hour=5, tm_min=3, tm_sec=10, tm_wday=1, tm_yday=220, tm_isdst=-1)",2023-08-08,2023,8,220,8,3
2023-08-08 05:05:40,40.761719,-111.910652,1280.2,0.0,25.0,1.0,13.5,31.08,26.11,24.09,3.0,2.0,29.5,18.0,872.4,0.0,22.1,1.89,46.1,830.4,-9999.0,-9999.0,-9999.0,-9999.0,-9999.0,-9999.0,-9999.0,0.0,0,1,"time.struct_time(tm_year=2023, tm_mon=8, tm_mday=8, tm_hour=5, tm_min=5, tm_sec=40, tm_wday=1, tm_yday=220, tm_isdst=-1)",2023-08-08,2023,8,220,8,5
2023-08-08 05:08:10,40.761711,-111.910652,1280.6,0.0,25.0,1.0,13.5,31.05,26.15,23.99,3.0,2.0,29.5,18.0,872.3,0.0,33.8,1.89,46.0,830.3,-9999.0,-9999.0,-9999.0,-9999.0,-9999.0,-9999.0,-9999.0,0.0,0,1,"time.struct_time(tm_year=2023, tm_mon=8, tm_mday=8, tm_hour=5, tm_min=8, tm_sec=10, tm_wday=1, tm_yday=220, tm_isdst=-1)",2023-08-08,2023,8,220,8,8
2023-08-08 05:10:40,40.761711,-111.91066,1280.3,0.0,25.0,1.0,13.5,31.02,26.13,24.03,4.0,2.0,29.5,18.0,872.2,0.0,23.4,1.9,46.0,830.4,-9999.0,-9999.0,-9999.0,-9999.0,-9999.0,-9999.0,-9999.0,0.0,0,1,"time.struct_time(tm_year=2023, tm_mon=8, tm_mday=8, tm_hour=5, tm_min=10, tm_sec=40, tm_wday=1, tm_yday=220, tm_isdst=-1)",2023-08-08,2023,8,220,8,10
2023-08-08 05:13:10,40.761707,-111.91066,1280.8,0.0,25.0,1.0,13.5,30.99,26.03,23.84,3.0,2.0,29.5,18.0,872.2,0.0,31.8,1.9,46.0,830.2,-9999.0,-9999.0,-9999.0,-9999.0,-9999.0,-9999.0,-9999.0,0.0,0,1,"time.struct_time(tm_year=2023, tm_mon=8, tm_mday=8, tm_hour=5, tm_min=13, tm_sec=10, tm_wday=1, tm_yday=220, tm_isdst=-1)",2023-08-08,2023,8,220,8,13
2023-08-08 05:15:40,40.761707,-111.91066,1281.3,0.0,25.0,1.0,13.5,30.96,25.99,23.11,3.0,2.0,29.39,17.0,872.1,0.0,27.7,1.9,45.9,830.2,-9999.0,-9999.0,-9999.0,-9999.0,-9999.0,-9999.0,-9999.0,0.0,0,1,"time.struct_time(tm_year=2023, tm_mon=8, tm_mday=8, tm_hour=5, tm_min=15, tm_sec=40, tm_wday=1, tm_yday=220, tm_isdst=-1)",2023-08-08,2023,8,220,8,15
2023-08-08 05:18:10,40.761703,-111.91066,1281.1,0.0,25.0,1.0,13.5,30.93,25.93,23.29,3.0,2.0,29.39,17.0,872.0,0.0,26.9,1.89,45.9,830.0,-9999.0,-9999.0,-9999.0,-9999.0,-9999.0,-9999.0,-9999.0,0.0,0,1,"time.struct_time(tm_year=2023, tm_mon=8, tm_mday=8, tm_hour=5, tm_min=18, tm_sec=10, tm_wday=1, tm_yday=220, tm_isdst=-1)",2023-08-08,2023,8,220,8,18
2023-08-08 05:21:45,40.761707,-111.91066,1280.5,0.0,25.0,1.0,13.5,30.89,25.99,22.75,3.0,2.0,29.28,17.0,872.0,0.0,25.7,1.88,45.9,830.1,-9999.0,-9999.0,-9999.0,-9999.0,-9999.0,-9999.0,-9999.0,0.0,0,1,"time.struct_time(tm_year=2023, tm_mon=8, tm_mday=8, tm_hour=5, tm_min=21, tm_sec=45, tm_wday=1, tm_yday=220, tm_isdst=-1)",2023-08-08,2023,8,220,8,21
2023-08-08 05:24:15,40.761703,-111.910645,1279.9,0.0,25.0,1.0,13.5,30.87,25.99,22.82,3.0,2.0,29.28,17.0,872.2,0.0,11.3,1.89,45.8,830.1,-9999.0,-9999.0,-9999.0,-9999.0,-9999.0,-9999.0,-9999.0,0.0,0,1,"time.struct_time(tm_year=2023, tm_mon=8, tm_mday=8, tm_hour=5, tm_min=24, tm_sec=15, tm_wday=1, tm_yday=220, tm_isdst=-1)",2023-08-08,2023,8,220,8,24
2023-08-08 05:26:45,40.761703,-111.910645,1279.5,0.0,25.0,1.0,13.5,30.84,26.01,22.59,2.0,2.0,29.28,17.0,872.0,0.0,11.4,1.89,45.8,830.0,-9999.0,-9999.0,-9999.0,-9999.0,-9999.0,-9999.0,-9999.0,0.0,0,1,"time.struct_time(tm_year=2023, tm_mon=8, tm_mday=8, tm_hour=5, tm_min=26, tm_sec=45, tm_wday=1, tm_yday=220, tm_isdst=-1)",2023-08-08,2023,8,220,8,26
2023-08-08 05:29:15,40.7617,-111.910645,1278.7,0.0,25.0,1.0,13.5,30.82,26.03,22.6,2.0,2.0,29.28,17.0,872.0,0.0,29.5,1.9,45.8,830.2,-9999.0,-9999.0,-9999.0,-9999.0,-9999.0,-9999.0,-9999.0,0.0,0,1,"time.struct_time(tm_year=2023, tm_mon=8, tm_mday=8, tm_hour=5, tm_min=29, tm_sec=15, tm_wday=1, tm_yday=220, tm_isdst=-1)",2023-08-08,2023,8,220,8,29
2023-08-08 05:31:45,40.761707,-111.910645,1278.3,0.0,25.0,1.0,13.5,30.79,25.91,22.84,3.0,2.0,29.28,17.0,871.9,0.0,32.9,1.9,45.8,830.0,-9999.0,-9999.0,-9999.0,-9999.0,-9999.0,-9999.0,-9999.0,0.0,0,1,"time.struct_time(tm_year=2023, tm_mon=8, tm_mday=8, tm_hour=5, tm_min=31, tm_sec=45, tm_wday=1, tm_yday=220, tm_isdst=-1)",2023-08-08,2023,8,220,8,31
2023-08-08 05:34:15,40.761703,-111.910652,1279.1,0.0,25.0,1.0,13.5,30.77,25.89,22.55,3.0,2.0,29.22,17.0,872.1,0.0,29.8,1.88,45.7,830.2,-9999.0,-9999.0,-9999.0,-9999.0,-9999.0,-9999.0,-9999.0,0.0,0,1,"time.struct_time(tm_year=2023, tm_mon=8, tm_mday=8, tm_hour=5, tm_min=34, tm_sec=15, tm_wday=1, tm_yday=220, tm_isdst=-1)",2023-08-08,2023,8,220,8,34
2023-08-08 05:36:45,40.761707,-111.910652,1279.2,0.0,25.0,1.0,13.5,30.74,25.86,24.02,4.0,2.0,29.22,17.0,872.0,0.0,26.4,1.89,45.7,830.1,-9999.0,-9999.0,-9999.0,-9999.0,-9999.0,-9999.0,-9999.0,0.0,0,1,"time.struct_time(tm_year=2023, tm_mon=8, tm_mday=8, tm_hour=5, tm_min=36, tm_sec=45, tm_wday=1, tm_yday=220, tm_isdst=-1)",2023-08-08,2023,8,220,8,36
2023-08-08 05:39:15,40.761703,-111.910652,1279.1,0.0,25.0,1.0,13.5,30.71,25.9,24.33,3.0,2.0,29.22,18.0,872.0,0.0,24.4,1.88,45.7,830.1,-9999.0,-9999.0,-9999.0,-9999.0,-9999.0,-9999.0,-9999.0,0.0,0,1,"time.struct_time(tm_year=2023, tm_mon=8, tm_mday=8, tm_hour=5, tm_min=39, tm_sec=15, tm_wday=1, tm_yday=220, tm_isdst=-1)",2023-08-08,2023,8,220,8,39
2023-08-08 05:41:45,40.761707,-111.910652,1278.8,0.0,25.0,1.0,13.5,30.68,25.99,24.81,3.0,2.0,29.11,18.0,871.9,0.0,28.5,1.89,45.7,830.0,-9999.0,-9999.0,-9999.0,-9999.0,-9999.0,-9999.0,-9999.0,0.0,0,1,"time.struct_time(tm_year=2023, tm_mon=8, tm_mday=8, tm_hour=5, tm_min=41, tm_sec=45, tm_wday=1, tm_yday=220, tm_isdst=-1)",2023-08-08,2023,8,220,8,41
2023-08-08 05:44:15,40.761711,-111.910652,1278.1,0.0,25.0,1.0,13.5,30.65,25.91,24.98,4.0,2.0,29.0,18.0,872.0,0.0,29.0,1.89,45.6,830.1,-9999.0,-9999.0,-9999.0,-9999.0,-9999.0,-9999.0,-9999.0,0.0,0,1,"time.struct_time(tm_year=2023, tm_mon=8, tm_mday=8, tm_hour=5, tm_min=44, tm_sec=15, tm_wday=1, tm_yday=220, tm_isdst=-1)",2023-08-08,2023,8,220,8,44
2023-08-08 05:46:45,40.761711,-111.91066,1277.9,0.0,25.0,1.0,13.5,30.62,25.79,25.14,3.0,2.0,29.0,18.0,872.0,0.0,30.7,1.88,45.6,830.0,-9999.0,-9999.0,-9999.0,-9999.0,-9999.0,-9999.0,-9999.0,0.0,0,1,"time.struct_time(tm_year=2023, tm_mon=8, tm_mday=8, tm_hour=5, tm_min=46, tm_sec=45, tm_wday=1, tm_yday=220, tm_isdst=-1)",2023-08-08,2023,8,220,8,46
2023-08-08 05:49:15,40.761719,-111.91066,1277.8,0.0,25.0,1.0,13.5,30.59,25.56,26.22,3.0,2.0,29.0,18.0,871.9,0.0,26.2,1.89,45.6,830.0,-9999.0,-9999.0,-9999.0,-9999.0,-9999.0,-9999.0,-9999.0,0.0,0,1,"time.struct_time(tm_year=2023, tm_mon=8, tm_mday=8, tm_hour=5, tm_min=49, tm_sec=15, tm_wday=1, tm_yday=220, tm_isdst=-1)",2023-08-08,2023,8,220,8,49
2023-08-08 05:51:45,40.761711,-111.91066,1276.5,0.0,25.0,1.0,13.5,30.57,25.38,25.88,3.0,2.0,29.0,18.0,871.7,0.0,26.4,1.89,45.6,830.0,-9999.0,-9999.0,-9999.0,-9999.0,-9999.0,-9999.0,-9999.0,0.0,0,1,"time.struct_time(tm_year=2023, tm_mon=8, tm_mday=8, tm_hour=5, tm_min=51, tm_sec=45, tm_wday=1, tm_yday=220, tm_isdst=-1)",2023-08-08,2023,8,220,8,51
2023-08-08 05:54:15,40.761711,-111.91066,1275.3,0.0,25.0,1.0,13.5,30.54,25.28,26.06,4.0,2.0,29.0,18.0,871.9,0.0,30.6,1.89,45.6,830.0,-9999.0,-9999.0,-9999.0,-9999.0,-9999.0,-9999.0,-9999.0,0.0,0,1,"time.struct_time(tm_year=2023, tm_mon=8, tm_mday=8, tm_hour=5, tm_min=54, tm_sec=15, tm_wday=1, tm_yday=220, tm_isdst=-1)",2023-08-08,2023,8,220,8,54
