Timestamp_UTC,Latitude_ddeg,Longitude_ddeg,Elevation_m,GPS_Speed_m/s,GPS_Direction_deg,GPS_RMC_Valid_binary,Battery_Voltage_volts,Bus_Box_Temperature_degC,Bus_Top_Temperature_degC,Bus_Top_Relative_Humidity_%,ES642_PM2.5_Concentration_ug/m3,ES642_Air_Flow_Rate_L/min,ES642_Internal_Air_Temperature_degC,ES642_Internal_Relative_Humidity_%,ES642_Internal_Air_Pressure_hpa,ES642_Error_Code_code,2B_Ozone_Concentration_ppbv,2B_Air_Flow_Rate_L/min,2B_Internal_Air_Temperature_degC,2B_Internal_Air_Pressure_hpa,2B405_NO_Concentration_ppbv,2B405_NO2_Concentration_ppbv,2B405_NOX_Concentration_ppbv,2B405_Internal_Air_Temperature_degC,2B405_Internal_Air_Pressure_hpa,2B405_Air_Flow_Rate_L/min,2B405_Cell_O3_Flow_Rate_mL/min,PM2.5_Data_Flagged_binary,Ozone_Data_Flagged_binary,GPS_Data_Flagged_binary,Time_Tuple,Date,Year,Month,Day_of_Year,Day_of_Month,Minute
2023-03-01 00:00:00,40.766094,-111.885384,1315.6,-9999.0,-9999.0,-9999.0,13.91,10.72,4.38,19.05,2.0,2.0,9.72,12.0,862.9,0.0,40.2,2.29,26.3,657.8,-9999.0,-9999.0,-9999.0,-9999.0,-9999.0,-9999.0,-9999.0,0.0,0,0,"time.struct_time(tm_year=2023, tm_mon=3, tm_mday=1, tm_hour=0, tm_min=0, tm_sec=0, tm_wday=2, tm_yday=60, tm_isdst=-1)",2023-03-01,2023,3,60,1,0
2023-03-01 00:02:30,40.765034,-111.890404,1322.5,-9999.0,-9999.0,-9999.0,13.91,10.64,4.47,19.17,4.0,2.0,9.78,12.0,862.8,0.0,43.6,2.29,26.3,658.0,-9999.0,-9999.0,-9999.0,-9999.0,-9999.0,-9999.0,-9999.0,0.0,0,0,"time.struct_time(tm_year=2023, tm_mon=3, tm_mday=1, tm_hour=0, tm_min=2, tm_sec=30, tm_wday=2, tm_yday=60, tm_isdst=-1)",2023-03-01,2023,3,60,1,2
2023-03-01 00:05:00,40.765018,-111.898071,1313.5,-9999.0,-9999.0,-9999.0,13.91,10.58,4.53,20.34,2.0,2.0,9.78,12.0,863.6,0.0,35.6,2.3,26.2,658.0,-9999.0,-9999.0,-9999.0,-9999.0,-9999.0,-9999.0,-9999.0,0.0,0,1,"time.struct_time(tm_year=2023, tm_mon=3, tm_mday=1, tm_hour=0, tm_min=5, tm_sec=0, tm_wday=2, tm_yday=60, tm_isdst=-1)",2023-03-01,2023,3,60,1,5
2023-03-01 00:07:40,40.76413,-111.909019,1294.2,-9999.0,-9999.0,-9999.0,13.91,10.52,4.63,21.4,4.0,2.0,9.78,12.0,864.9,0.0,37.1,2.29,26.1,659.0,-9999.0,-9999.0,-9999.0,-9999.0,-9999.0,-9999.0,-9999.0,0.0,0,1,"time.struct_time(tm_year=2023, tm_mon=3, tm_mday=1, tm_hour=0, tm_min=7, tm_sec=40, tm_wday=2, tm_yday=60, tm_isdst=-1)",2023-03-01,2023,3,60,1,7
2023-03-01 00:10:10,40.763702,-111.9095,1291.8,-9999.0,-9999.0,-9999.0,13.91,10.46,4.77,21.16,2.0,2.0,9.89,13.0,864.8,0.0,33.6,2.28,26.1,659.5,-9999.0,-9999.0,-9999.0,-9999.0,-9999.0,-9999.0,-9999.0,0.0,0,1,"time.struct_time(tm_year=2023, tm_mon=3, tm_mday=1, tm_hour=0, tm_min=10, tm_sec=10, tm_wday=2, tm_yday=60, tm_isdst=-1)",2023-03-01,2023,3,60,1,10
2023-03-01 00:12:40,40.763702,-111.9095,1291.8,-9999.0,-9999.0,-9999.0,13.91,10.43,4.99,19.11,2.0,2.0,9.89,13.0,864.8,0.0,38.7,2.28,26.0,659.2,-9999.0,-9999.0,-9999.0,-9999.0,-9999.0,-9999.0,-9999.0,0.0,0,0,"time.struct_time(tm_year=2023, tm_mon=3, tm_mday=1, tm_hour=0, tm_min=12, tm_sec=40, tm_wday=2, tm_yday=60, tm_isdst=-1)",2023-03-01,2023,3,60,1,12
2023-03-01 00:15:20,40.763699,-111.909508,1291.9,-9999.0,-9999.0,-9999.0,13.91,10.37,5.17,20.97,2.0,2.0,9.89,13.0,864.9,0.0,36.1,2.29,25.9,659.1,-9999.0,-9999.0,-9999.0,-9999.0,-9999.0,-9999.0,-9999.0,0.0,0,0,"time.struct_time(tm_year=2023, tm_mon=3, tm_mday=1, tm_hour=0, tm_min=15, tm_sec=20, tm_wday=2, tm_yday=60, tm_isdst=-1)",2023-03-01,2023,3,60,1,15
2023-03-01 00:17:50,40.763699,-111.909508,1292.1,-9999.0,-9999.0,-9999.0,13.9,10.33,5.25,19.78,2.0,2.0,9.89,13.0,864.9,0.0,35.8,2.29,25.9,659.4,-9999.0,-9999.0,-9999.0,-9999.0,-9999.0,-9999.0,-9999.0,0.0,0,0,"time.struct_time(tm_year=2023, tm_mon=3, tm_mday=1, tm_hour=0, tm_min=17, tm_sec=50, tm_wday=2, tm_yday=60, tm_isdst=-1)",2023-03-01,2023,3,60,1,17
2023-03-01 00:20:20,40.763699,-111.909508,1292.3,-9999.0,-9999.0,-9999.0,13.91,10.29,5.31,18.92,2.0,2.0,9.89,13.0,865.1,0.0,45.0,2.27,25.8,659.1,-9999.0,-9999.0,-9999.0,-9999.0,-9999.0,-9999.0,-9999.0,0.0,0,0,"time.struct_time(tm_year=2023, tm_mon=3, tm_mday=1, tm_hour=0, tm_min=20, tm_sec=20, tm_wday=2, tm_yday=60, tm_isdst=-1)",2023-03-01,2023,3,60,1,20
2023-03-01 00:23:00,40.763699,-111.909508,1292.5,-9999.0,-9999.0,-9999.0,13.91,10.26,5.27,19.43,1.0,2.0,9.89,13.0,864.7,0.0,40.6,2.29,25.8,658.9,-9999.0,-9999.0,-9999.0,-9999.0,-9999.0,-9999.0,-9999.0,0.0,0,0,"time.struct_time(tm_year=2023, tm_mon=3, tm_mday=1, tm_hour=0, tm_min=23, tm_sec=0, tm_wday=2, tm_yday=60, tm_isdst=-1)",2023-03-01,2023,3,60,1,23
2023-03-01 00:25:30,40.763695,-111.909508,1293.0,-9999.0,-9999.0,-9999.0,13.91,10.25,5.27,19.47,2.0,2.0,9.89,13.0,865.0,0.0,32.9,2.27,25.7,659.3,-9999.0,-9999.0,-9999.0,-9999.0,-9999.0,-9999.0,-9999.0,0.0,0,1,"time.struct_time(tm_year=2023, tm_mon=3, tm_mday=1, tm_hour=0, tm_min=25, tm_sec=30, tm_wday=2, tm_yday=60, tm_isdst=-1)",2023-03-01,2023,3,60,1,25
2023-03-01 00:28:00,40.763321,-111.909332,1293.2,-9999.0,-9999.0,-9999.0,13.9,10.23,5.27,18.75,2.0,2.0,9.89,13.0,864.8,0.0,24.7,2.27,25.7,658.9,-9999.0,-9999.0,-9999.0,-9999.0,-9999.0,-9999.0,-9999.0,0.0,0,1,"time.struct_time(tm_year=2023, tm_mon=3, tm_mday=1, tm_hour=0, tm_min=28, tm_sec=0, tm_wday=2, tm_yday=60, tm_isdst=-1)",2023-03-01,2023,3,60,1,28
2023-03-01 00:30:30,40.764889,-111.908585,1291.6,-9999.0,-9999.0,-9999.0,13.9,10.21,4.75,21.95,6.0,2.0,9.78,13.0,864.5,0.0,33.5,2.29,25.6,659.2,-9999.0,-9999.0,-9999.0,-9999.0,-9999.0,-9999.0,-9999.0,0.0,0,1,"time.struct_time(tm_year=2023, tm_mon=3, tm_mday=1, tm_hour=0, tm_min=30, tm_sec=30, tm_wday=2, tm_yday=60, tm_isdst=-1)",2023-03-01,2023,3,60,1,30
2023-03-01 00:33:10,40.76479,-111.900055,1302.0,-9999.0,-9999.0,-9999.0,13.91,10.19,4.49,21.12,19.0,2.0,9.78,13.0,863.8,0.0,39.6,2.28,25.6,658.5,-9999.0,-9999.0,-9999.0,-9999.0,-9999.0,-9999.0,-9999.0,0.0,0,1,"time.struct_time(tm_year=2023, tm_mon=3, tm_mday=1, tm_hour=0, tm_min=33, tm_sec=10, tm_wday=2, tm_yday=60, tm_isdst=-1)",2023-03-01,2023,3,60,1,33
2023-03-01 00:35:40,40.764824,-111.889244,1315.7,-9999.0,-9999.0,-9999.0,13.91,10.15,4.61,19.72,3.0,2.0,9.78,13.0,862.7,0.0,38.2,2.27,25.5,657.3,-9999.0,-9999.0,-9999.0,-9999.0,-9999.0,-9999.0,-9999.0,0.0,0,1,"time.struct_time(tm_year=2023, tm_mon=3, tm_mday=1, tm_hour=0, tm_min=35, tm_sec=40, tm_wday=2, tm_yday=60, tm_isdst=-1)",2023-03-01,2023,3,60,1,35
2023-03-01 00:38:10,40.766987,-111.885338,1320.5,-9999.0,-9999.0,-9999.0,13.94,10.12,4.54,20.36,8.0,2.0,9.78,13.0,862.6,0.0,39.4,2.28,25.5,657.4,-9999.0,-9999.0,-9999.0,-9999.0,-9999.0,-9999.0,-9999.0,0.0,0,0,"time.struct_time(tm_year=2023, tm_mon=3, tm_mday=1, tm_hour=0, tm_min=38, tm_sec=10, tm_wday=2, tm_yday=60, tm_isdst=-1)",2023-03-01,2023,3,60,1,38
2023-03-01 00:45:40,40.764954,-111.858894,1361.6,-9999.0,-9999.0,-9999.0,13.94,10.01,4.0,21.8,2.0,2.0,9.61,13.0,856.9,0.0,38.6,2.31,25.4,652.7,-9999.0,-9999.0,-9999.0,-9999.0,-9999.0,-9999.0,-9999.0,0.0,0,0,"time.struct_time(tm_year=2023, tm_mon=3, tm_mday=1, tm_hour=0, tm_min=45, tm_sec=40, tm_wday=2, tm_yday=60, tm_isdst=-1)",2023-03-01,2023,3,60,1,45
2023-03-01 00:48:10,40.767014,-111.85218,1407.8,-9999.0,-9999.0,-9999.0,13.94,9.97,3.82,21.83,9.0,2.0,9.5,13.0,852.7,0.0,41.3,2.3,25.3,649.7,-9999.0,-9999.0,-9999.0,-9999.0,-9999.0,-9999.0,-9999.0,0.0,0,0,"time.struct_time(tm_year=2023, tm_mon=3, tm_mday=1, tm_hour=0, tm_min=48, tm_sec=10, tm_wday=2, tm_yday=60, tm_isdst=-1)",2023-03-01,2023,3,60,1,48
2023-03-01 00:50:50,40.771862,-111.842529,1478.7,-9999.0,-9999.0,-9999.0,13.94,9.91,3.72,20.96,2.0,2.0,9.39,13.0,845.2,0.0,47.3,2.32,25.3,643.9,-9999.0,-9999.0,-9999.0,-9999.0,-9999.0,-9999.0,-9999.0,0.0,0,0,"time.struct_time(tm_year=2023, tm_mon=3, tm_mday=1, tm_hour=0, tm_min=50, tm_sec=50, tm_wday=2, tm_yday=60, tm_isdst=-1)",2023-03-01,2023,3,60,1,50
2023-03-01 00:53:20,40.766109,-111.837486,1479.1,-9999.0,-9999.0,-9999.0,13.94,9.83,3.58,19.94,2.0,2.0,9.28,13.0,844.9,0.0,45.1,2.32,25.3,643.3,-9999.0,-9999.0,-9999.0,-9999.0,-9999.0,-9999.0,-9999.0,0.0,0,0,"time.struct_time(tm_year=2023, tm_mon=3, tm_mday=1, tm_hour=0, tm_min=53, tm_sec=20, tm_wday=2, tm_yday=60, tm_isdst=-1)",2023-03-01,2023,3,60,1,53
2023-03-01 00:55:50,40.769611,-111.84491,1459.6,-9999.0,-9999.0,-9999.0,13.94,9.72,3.28,22.32,4.0,2.0,9.0,13.0,846.5,0.0,34.2,2.31,25.2,645.0,-9999.0,-9999.0,-9999.0,-9999.0,-9999.0,-9999.0,-9999.0,0.0,0,0,"time.struct_time(tm_year=2023, tm_mon=3, tm_mday=1, tm_hour=0, tm_min=55, tm_sec=50, tm_wday=2, tm_yday=60, tm_isdst=-1)",2023-03-01,2023,3,60,1,55
2023-03-01 00:58:30,40.766956,-111.851456,1409.6,-9999.0,-9999.0,-9999.0,13.94,9.59,3.17,21.42,2.0,2.0,8.78,13.0,851.6,0.0,44.9,2.31,25.2,648.7,-9999.0,-9999.0,-9999.0,-9999.0,-9999.0,-9999.0,-9999.0,0.0,0,0,"time.struct_time(tm_year=2023, tm_mon=3, tm_mday=1, tm_hour=0, tm_min=58, tm_sec=30, tm_wday=2, tm_yday=60, tm_isdst=-1)",2023-03-01,2023,3,60,1,58
2023-03-01 01:01:00,40.765045,-111.859283,1361.7,-9999.0,-9999.0,-9999.0,13.94,9.47,3.21,22.0,2.0,2.0,8.72,13.0,857.0,0.0,37.1,2.29,25.1,652.7,-9999.0,-9999.0,-9999.0,-9999.0,-9999.0,-9999.0,-9999.0,0.0,0,0,"time.struct_time(tm_year=2023, tm_mon=3, tm_mday=1, tm_hour=1, tm_min=1, tm_sec=0, tm_wday=2, tm_yday=60, tm_isdst=-1)",2023-03-01,2023,3,60,1,1
2023-03-01 01:03:30,40.766907,-111.865318,1346.7,-9999.0,-9999.0,-9999.0,13.94,9.36,3.4,21.96,2.0,2.0,8.61,13.0,858.6,0.0,35.6,2.29,25.1,654.3,-9999.0,-9999.0,-9999.0,-9999.0,-9999.0,-9999.0,-9999.0,0.0,0,0,"time.struct_time(tm_year=2023, tm_mon=3, tm_mday=1, tm_hour=1, tm_min=3, tm_sec=30, tm_wday=2, tm_yday=60, tm_isdst=-1)",2023-03-01,2023,3,60,1,3
2023-03-01 01:06:10,40.767231,-111.865692,1346.1,-9999.0,-9999.0,-9999.0,13.94,9.29,3.4,22.47,1.0,2.0,8.72,13.0,858.6,0.0,27.2,2.29,25.0,654.3,-9999.0,-9999.0,-9999.0,-9999.0,-9999.0,-9999.0,-9999.0,0.0,0,0,"time.struct_time(tm_year=2023, tm_mon=3, tm_mday=1, tm_hour=1, tm_min=6, tm_sec=10, tm_wday=2, tm_yday=60, tm_isdst=-1)",2023-03-01,2023,3,60,1,6
2023-03-01 01:09:45,40.767174,-111.879074,1331.0,-9999.0,-9999.0,-9999.0,13.94,9.23,3.72,20.98,6.0,2.0,8.61,13.0,861.6,0.0,46.0,2.28,24.9,656.6,-9999.0,-9999.0,-9999.0,-9999.0,-9999.0,-9999.0,-9999.0,0.0,0,0,"time.struct_time(tm_year=2023, tm_mon=3, tm_mday=1, tm_hour=1, tm_min=9, tm_sec=45, tm_wday=2, tm_yday=60, tm_isdst=-1)",2023-03-01,2023,3,60,1,9
2023-03-01 01:12:15,40.76527,-111.885284,1341.0,-9999.0,-9999.0,-9999.0,13.94,9.19,3.88,21.53,10.0,2.0,8.61,13.0,862.6,0.0,38.9,2.27,24.9,657.6,-9999.0,-9999.0,-9999.0,-9999.0,-9999.0,-9999.0,-9999.0,0.0,0,0,"time.struct_time(tm_year=2023, tm_mon=3, tm_mday=1, tm_hour=1, tm_min=12, tm_sec=15, tm_wday=2, tm_yday=60, tm_isdst=-1)",2023-03-01,2023,3,60,1,12
2023-03-01 01:14:55,40.765072,-111.891914,1323.2,-9999.0,-9999.0,-9999.0,13.94,9.17,4.04,21.78,8.0,2.0,8.61,13.0,862.5,0.0,32.7,2.27,24.8,657.4,-9999.0,-9999.0,-9999.0,-9999.0,-9999.0,-9999.0,-9999.0,0.0,0,0,"time.struct_time(tm_year=2023, tm_mon=3, tm_mday=1, tm_hour=1, tm_min=14, tm_sec=55, tm_wday=2, tm_yday=60, tm_isdst=-1)",2023-03-01,2023,3,60,1,14
2023-03-01 01:17:25,40.765022,-111.899033,1315.8,-9999.0,-9999.0,-9999.0,13.94,9.16,4.12,20.95,3.0,2.0,8.72,13.0,863.3,0.0,42.5,2.27,24.8,658.0,-9999.0,-9999.0,-9999.0,-9999.0,-9999.0,-9999.0,-9999.0,0.0,0,1,"time.struct_time(tm_year=2023, tm_mon=3, tm_mday=1, tm_hour=1, tm_min=17, tm_sec=25, tm_wday=2, tm_yday=60, tm_isdst=-1)",2023-03-01,2023,3,60,1,17
2023-03-01 01:19:55,40.765003,-111.908119,1299.0,-9999.0,-9999.0,-9999.0,13.94,9.15,4.08,21.82,4.0,2.0,8.72,14.0,864.4,0.0,40.8,2.26,24.8,658.9,-9999.0,-9999.0,-9999.0,-9999.0,-9999.0,-9999.0,-9999.0,0.0,0,1,"time.struct_time(tm_year=2023, tm_mon=3, tm_mday=1, tm_hour=1, tm_min=19, tm_sec=55, tm_wday=2, tm_yday=60, tm_isdst=-1)",2023-03-01,2023,3,60,1,19
2023-03-01 01:22:25,40.763672,-111.909531,1282.2,-9999.0,-9999.0,-9999.0,13.94,9.14,4.12,23.17,2.0,2.0,8.78,14.0,864.3,0.0,33.9,2.26,24.7,658.8,-9999.0,-9999.0,-9999.0,-9999.0,-9999.0,-9999.0,-9999.0,0.0,0,1,"time.struct_time(tm_year=2023, tm_mon=3, tm_mday=1, tm_hour=1, tm_min=22, tm_sec=25, tm_wday=2, tm_yday=60, tm_isdst=-1)",2023-03-01,2023,3,60,1,22
2023-03-01 01:25:05,40.763672,-111.909531,1282.3,-9999.0,-9999.0,-9999.0,13.94,9.14,4.24,21.67,1.0,2.0,8.78,14.0,864.3,0.0,33.5,2.26,24.7,658.8,-9999.0,-9999.0,-9999.0,-9999.0,-9999.0,-9999.0,-9999.0,0.0,0,0,"time.struct_time(tm_year=2023, tm_mon=3, tm_mday=1, tm_hour=1, tm_min=25, tm_sec=5, tm_wday=2, tm_yday=60, tm_isdst=-1)",2023-03-01,2023,3,60,1,25
2023-03-01 01:27:35,40.763672,-111.909531,1282.4,-9999.0,-9999.0,-9999.0,13.94,9.14,4.44,21.56,1.0,2.0,8.78,14.0,864.4,0.0,35.0,2.26,24.7,658.8,-9999.0,-9999.0,-9999.0,-9999.0,-9999.0,-9999.0,-9999.0,0.0,0,0,"time.struct_time(tm_year=2023, tm_mon=3, tm_mday=1, tm_hour=1, tm_min=27, tm_sec=35, tm_wday=2, tm_yday=60, tm_isdst=-1)",2023-03-01,2023,3,60,1,27
2023-03-01 01:30:05,40.763672,-111.909531,1282.5,-9999.0,-9999.0,-9999.0,13.94,9.14,4.57,21.5,2.0,2.0,8.78,14.0,864.2,0.0,29.4,2.26,24.6,658.8,-9999.0,-9999.0,-9999.0,-9999.0,-9999.0,-9999.0,-9999.0,0.0,0,0,"time.struct_time(tm_year=2023, tm_mon=3, tm_mday=1, tm_hour=1, tm_min=30, tm_sec=5, tm_wday=2, tm_yday=60, tm_isdst=-1)",2023-03-01,2023,3,60,1,30
2023-03-01 01:32:45,40.763668,-111.909523,1282.5,-9999.0,-9999.0,-9999.0,13.94,9.14,4.61,21.89,1.0,2.0,8.78,14.0,864.4,0.0,37.3,2.27,24.6,658.8,-9999.0,-9999.0,-9999.0,-9999.0,-9999.0,-9999.0,-9999.0,0.0,0,0,"time.struct_time(tm_year=2023, tm_mon=3, tm_mday=1, tm_hour=1, tm_min=32, tm_sec=45, tm_wday=2, tm_yday=60, tm_isdst=-1)",2023-03-01,2023,3,60,1,32
2023-03-01 01:35:15,40.763664,-111.909523,1282.4,-9999.0,-9999.0,-9999.0,13.94,9.14,4.53,21.86,2.0,2.0,8.78,14.0,864.4,0.0,34.9,2.27,24.6,658.9,-9999.0,-9999.0,-9999.0,-9999.0,-9999.0,-9999.0,-9999.0,0.0,0,0,"time.struct_time(tm_year=2023, tm_mon=3, tm_mday=1, tm_hour=1, tm_min=35, tm_sec=15, tm_wday=2, tm_yday=60, tm_isdst=-1)",2023-03-01,2023,3,60,1,35
2023-03-01 01:37:45,40.76366,-111.909523,1282.5,-9999.0,-9999.0,-9999.0,13.94,9.13,4.57,21.35,1.0,2.0,8.78,14.0,864.4,0.0,40.6,2.27,24.5,658.8,-9999.0,-9999.0,-9999.0,-9999.0,-9999.0,-9999.0,-9999.0,0.0,0,0,"time.struct_time(tm_year=2023, tm_mon=3, tm_mday=1, tm_hour=1, tm_min=37, tm_sec=45, tm_wday=2, tm_yday=60, tm_isdst=-1)",2023-03-01,2023,3,60,1,37
2023-03-01 01:44:15,40.763653,-111.909523,1282.5,-9999.0,-9999.0,-9999.0,13.94,9.14,4.65,21.75,2.0,2.0,8.78,14.0,864.3,0.0,28.1,2.27,24.5,658.8,-9999.0,-9999.0,-9999.0,-9999.0,-9999.0,-9999.0,-9999.0,0.0,0,1,"time.struct_time(tm_year=2023, tm_mon=3, tm_mday=1, tm_hour=1, tm_min=44, tm_sec=15, tm_wday=2, tm_yday=60, tm_isdst=-1)",2023-03-01,2023,3,60,1,44
2023-03-01 01:46:45,40.764889,-111.908699,1289.8,-9999.0,-9999.0,-9999.0,13.94,9.14,4.49,22.38,7.0,2.0,8.72,14.0,864.6,0.0,40.2,2.26,24.5,658.8,-9999.0,-9999.0,-9999.0,-9999.0,-9999.0,-9999.0,-9999.0,0.0,0,1,"time.struct_time(tm_year=2023, tm_mon=3, tm_mday=1, tm_hour=1, tm_min=46, tm_sec=45, tm_wday=2, tm_yday=60, tm_isdst=-1)",2023-03-01,2023,3,60,1,46
2023-03-01 01:49:25,40.764828,-111.897316,1302.6,-9999.0,-9999.0,-9999.0,13.94,9.14,4.33,22.55,3.0,2.0,8.72,14.0,863.2,0.0,37.7,2.26,24.4,657.7,-9999.0,-9999.0,-9999.0,-9999.0,-9999.0,-9999.0,-9999.0,0.0,0,1,"time.struct_time(tm_year=2023, tm_mon=3, tm_mday=1, tm_hour=1, tm_min=49, tm_sec=25, tm_wday=2, tm_yday=60, tm_isdst=-1)",2023-03-01,2023,3,60,1,49
2023-03-01 01:51:55,40.76498,-111.889061,1317.0,-9999.0,-9999.0,-9999.0,13.94,9.12,4.32,22.08,2.0,2.0,8.61,14.0,862.6,0.0,41.1,2.27,24.4,656.3,-9999.0,-9999.0,-9999.0,-9999.0,-9999.0,-9999.0,-9999.0,0.0,0,0,"time.struct_time(tm_year=2023, tm_mon=3, tm_mday=1, tm_hour=1, tm_min=51, tm_sec=55, tm_wday=2, tm_yday=60, tm_isdst=-1)",2023-03-01,2023,3,60,1,51
2023-03-01 01:54:25,40.764984,-111.885658,1319.9,-9999.0,-9999.0,-9999.0,13.94,9.11,4.36,21.35,2.0,2.0,8.72,14.0,862.6,0.0,42.2,2.25,24.4,657.3,-9999.0,-9999.0,-9999.0,-9999.0,-9999.0,-9999.0,-9999.0,0.0,0,0,"time.struct_time(tm_year=2023, tm_mon=3, tm_mday=1, tm_hour=1, tm_min=54, tm_sec=25, tm_wday=2, tm_yday=60, tm_isdst=-1)",2023-03-01,2023,3,60,1,54
2023-03-01 01:57:05,40.767078,-111.879623,1297.0,-9999.0,-9999.0,-9999.0,13.94,9.11,4.26,21.13,3.0,2.0,8.72,14.0,861.5,0.0,36.8,2.28,24.4,656.3,-9999.0,-9999.0,-9999.0,-9999.0,-9999.0,-9999.0,-9999.0,0.0,0,0,"time.struct_time(tm_year=2023, tm_mon=3, tm_mday=1, tm_hour=1, tm_min=57, tm_sec=5, tm_wday=2, tm_yday=60, tm_isdst=-1)",2023-03-01,2023,3,60,1,57
2023-03-01 01:59:35,40.767029,-111.871521,1321.2,-9999.0,-9999.0,-9999.0,13.94,9.11,4.12,21.69,7.0,2.0,8.72,14.0,859.7,0.0,38.5,2.28,24.4,654.1,-9999.0,-9999.0,-9999.0,-9999.0,-9999.0,-9999.0,-9999.0,0.0,0,0,"time.struct_time(tm_year=2023, tm_mon=3, tm_mday=1, tm_hour=1, tm_min=59, tm_sec=35, tm_wday=2, tm_yday=60, tm_isdst=-1)",2023-03-01,2023,3,60,1,59
2023-03-01 02:02:05,40.765244,-111.865379,1341.5,-9999.0,-9999.0,-9999.0,13.94,9.12,4.04,22.02,3.0,2.0,8.72,14.0,858.8,0.0,38.5,2.27,24.4,654.3,-9999.0,-9999.0,-9999.0,-9999.0,-9999.0,-9999.0,-9999.0,0.0,0,0,"time.struct_time(tm_year=2023, tm_mon=3, tm_mday=1, tm_hour=2, tm_min=2, tm_sec=5, tm_wday=2, tm_yday=60, tm_isdst=-1)",2023-03-01,2023,3,60,1,2
2023-03-01 02:04:35,40.764992,-111.854088,1405.8,-9999.0,-9999.0,-9999.0,13.94,9.1,3.94,21.66,6.0,2.0,8.61,14.0,852.9,0.0,36.6,2.28,24.4,649.1,-9999.0,-9999.0,-9999.0,-9999.0,-9999.0,-9999.0,-9999.0,0.0,0,0,"time.struct_time(tm_year=2023, tm_mon=3, tm_mday=1, tm_hour=2, tm_min=4, tm_sec=35, tm_wday=2, tm_yday=60, tm_isdst=-1)",2023-03-01,2023,3,60,1,4
2023-03-01 02:07:15,40.768124,-111.847282,1452.0,-9999.0,-9999.0,-9999.0,13.94,9.06,3.74,21.93,2.0,2.0,8.5,14.0,848.1,0.0,42.7,2.31,24.3,645.2,-9999.0,-9999.0,-9999.0,-9999.0,-9999.0,-9999.0,-9999.0,0.0,0,0,"time.struct_time(tm_year=2023, tm_mon=3, tm_mday=1, tm_hour=2, tm_min=7, tm_sec=15, tm_wday=2, tm_yday=60, tm_isdst=-1)",2023-03-01,2023,3,60,1,7
2023-03-01 02:09:45,40.770557,-111.839714,1491.7,-9999.0,-9999.0,-9999.0,13.94,9.01,3.52,20.06,6.0,2.0,8.5,13.0,842.9,0.0,35.9,2.31,24.3,642.0,-9999.0,-9999.0,-9999.0,-9999.0,-9999.0,-9999.0,-9999.0,0.0,0,0,"time.struct_time(tm_year=2023, tm_mon=3, tm_mday=1, tm_hour=2, tm_min=9, tm_sec=45, tm_wday=2, tm_yday=60, tm_isdst=-1)",2023-03-01,2023,3,60,1,9
2023-03-01 02:12:15,40.76741,-111.838799,1475.8,-9999.0,-9999.0,-9999.0,13.94,8.94,3.21,20.72,1.0,2.0,8.28,13.0,844.8,0.0,44.4,2.3,24.3,642.5,-9999.0,-9999.0,-9999.0,-9999.0,-9999.0,-9999.0,-9999.0,0.0,0,0,"time.struct_time(tm_year=2023, tm_mon=3, tm_mday=1, tm_hour=2, tm_min=12, tm_sec=15, tm_wday=2, tm_yday=60, tm_isdst=-1)",2023-03-01,2023,3,60,1,12
2023-03-01 02:14:55,40.769958,-111.847946,1432.3,-9999.0,-9999.0,-9999.0,13.94,8.83,3.01,21.28,1.0,2.0,8.11,14.0,848.2,0.0,43.1,2.31,24.3,644.9,-9999.0,-9999.0,-9999.0,-9999.0,-9999.0,-9999.0,-9999.0,0.0,0,0,"time.struct_time(tm_year=2023, tm_mon=3, tm_mday=1, tm_hour=2, tm_min=14, tm_sec=55, tm_wday=2, tm_yday=60, tm_isdst=-1)",2023-03-01,2023,3,60,1,14
2023-03-01 02:17:25,40.766525,-111.852394,1394.2,-9999.0,-9999.0,-9999.0,13.94,8.73,3.05,20.17,5.0,2.0,8.0,13.0,852.0,0.0,35.8,2.29,24.3,649.0,-9999.0,-9999.0,-9999.0,-9999.0,-9999.0,-9999.0,-9999.0,0.0,0,0,"time.struct_time(tm_year=2023, tm_mon=3, tm_mday=1, tm_hour=2, tm_min=17, tm_sec=25, tm_wday=2, tm_yday=60, tm_isdst=-1)",2023-03-01,2023,3,60,1,17
2023-03-01 02:19:55,40.765091,-111.858765,1351.0,-9999.0,-9999.0,-9999.0,13.94,8.66,3.09,21.68,2.0,2.0,8.0,13.0,856.1,0.0,35.4,2.27,24.2,651.6,-9999.0,-9999.0,-9999.0,-9999.0,-9999.0,-9999.0,-9999.0,0.0,0,0,"time.struct_time(tm_year=2023, tm_mon=3, tm_mday=1, tm_hour=2, tm_min=19, tm_sec=55, tm_wday=2, tm_yday=60, tm_isdst=-1)",2023-03-01,2023,3,60,1,19
2023-03-01 02:22:25,40.767208,-111.865494,1343.2,-9999.0,-9999.0,-9999.0,13.94,8.61,3.19,21.4,2.0,2.0,8.0,13.0,858.0,0.0,42.1,2.28,24.2,653.8,-9999.0,-9999.0,-9999.0,-9999.0,-9999.0,-9999.0,-9999.0,0.0,0,0,"time.struct_time(tm_year=2023, tm_mon=3, tm_mday=1, tm_hour=2, tm_min=22, tm_sec=25, tm_wday=2, tm_yday=60, tm_isdst=-1)",2023-03-01,2023,3,60,1,22
2023-03-01 02:26:10,40.767262,-111.881538,1302.9,-9999.0,-9999.0,-9999.0,13.94,8.55,3.31,20.67,3.0,2.0,8.0,13.0,861.5,0.0,41.1,2.28,24.2,656.3,-9999.0,-9999.0,-9999.0,-9999.0,-9999.0,-9999.0,-9999.0,0.0,0,0,"time.struct_time(tm_year=2023, tm_mon=3, tm_mday=1, tm_hour=2, tm_min=26, tm_sec=10, tm_wday=2, tm_yday=60, tm_isdst=-1)",2023-03-01,2023,3,60,1,26
2023-03-01 02:28:40,40.765095,-111.888458,1306.6,-9999.0,-9999.0,-9999.0,13.94,8.53,3.5,20.1,3.0,2.0,8.0,13.0,861.9,0.0,36.3,2.27,24.1,656.2,-9999.0,-9999.0,-9999.0,-9999.0,-9999.0,-9999.0,-9999.0,0.0,0,0,"time.struct_time(tm_year=2023, tm_mon=3, tm_mday=1, tm_hour=2, tm_min=28, tm_sec=40, tm_wday=2, tm_yday=60, tm_isdst=-1)",2023-03-01,2023,3,60,1,28
2023-03-01 02:33:45,40.765106,-111.906662,1279.3,-9999.0,-9999.0,-9999.0,13.94,8.52,3.74,20.82,9.0,2.0,8.11,14.0,863.7,0.0,38.3,2.28,24.1,658.2,-9999.0,-9999.0,-9999.0,-9999.0,-9999.0,-9999.0,-9999.0,0.0,0,1,"time.struct_time(tm_year=2023, tm_mon=3, tm_mday=1, tm_hour=2, tm_min=33, tm_sec=45, tm_wday=2, tm_yday=60, tm_isdst=-1)",2023-03-01,2023,3,60,1,33
2023-03-01 02:36:15,40.763718,-111.909576,1291.6,-9999.0,-9999.0,-9999.0,13.94,8.52,3.8,20.09,2.0,2.0,8.11,14.0,864.0,0.0,41.3,2.25,24.1,657.6,-9999.0,-9999.0,-9999.0,-9999.0,-9999.0,-9999.0,-9999.0,0.0,0,1,"time.struct_time(tm_year=2023, tm_mon=3, tm_mday=1, tm_hour=2, tm_min=36, tm_sec=15, tm_wday=2, tm_yday=60, tm_isdst=-1)",2023-03-01,2023,3,60,1,36
2023-03-01 02:38:45,40.763718,-111.909576,1291.6,-9999.0,-9999.0,-9999.0,13.94,8.54,3.96,20.6,2.0,2.0,8.22,14.0,864.1,0.0,37.7,2.26,24.0,658.5,-9999.0,-9999.0,-9999.0,-9999.0,-9999.0,-9999.0,-9999.0,0.0,0,1,"time.struct_time(tm_year=2023, tm_mon=3, tm_mday=1, tm_hour=2, tm_min=38, tm_sec=45, tm_wday=2, tm_yday=60, tm_isdst=-1)",2023-03-01,2023,3,60,1,38
2023-03-01 02:45:15,40.764645,-111.909615,1292.1,-9999.0,-9999.0,-9999.0,13.94,8.62,4.43,19.41,4.0,2.0,8.39,14.0,864.0,0.0,35.4,2.26,24.0,657.4,-9999.0,-9999.0,-9999.0,-9999.0,-9999.0,-9999.0,-9999.0,0.0,0,1,"time.struct_time(tm_year=2023, tm_mon=3, tm_mday=1, tm_hour=2, tm_min=45, tm_sec=15, tm_wday=2, tm_yday=60, tm_isdst=-1)",2023-03-01,2023,3,60,1,45
2023-03-01 02:47:45,40.76498,-111.902817,1291.4,-9999.0,-9999.0,-9999.0,13.94,8.65,4.51,18.47,11.0,2.0,8.28,14.0,863.7,0.0,35.5,2.27,24.0,658.0,-9999.0,-9999.0,-9999.0,-9999.0,-9999.0,-9999.0,-9999.0,0.0,0,1,"time.struct_time(tm_year=2023, tm_mon=3, tm_mday=1, tm_hour=2, tm_min=47, tm_sec=45, tm_wday=2, tm_yday=60, tm_isdst=-1)",2023-03-01,2023,3,60,1,47
2023-03-01 02:50:25,40.765038,-111.89167,1305.5,-9999.0,-9999.0,-9999.0,13.94,8.67,4.57,18.45,8.0,2.0,8.39,13.0,862.0,0.0,30.6,2.27,24.0,656.8,-9999.0,-9999.0,-9999.0,-9999.0,-9999.0,-9999.0,-9999.0,0.0,0,1,"time.struct_time(tm_year=2023, tm_mon=3, tm_mday=1, tm_hour=2, tm_min=50, tm_sec=25, tm_wday=2, tm_yday=60, tm_isdst=-1)",2023-03-01,2023,3,60,1,50
2023-03-01 02:52:55,40.767231,-111.883415,1315.3,-9999.0,-9999.0,-9999.0,13.94,8.69,4.57,18.39,2.0,2.0,8.39,13.0,861.4,0.0,36.7,2.27,24.0,655.4,-9999.0,-9999.0,-9999.0,-9999.0,-9999.0,-9999.0,-9999.0,0.0,0,0,"time.struct_time(tm_year=2023, tm_mon=3, tm_mday=1, tm_hour=2, tm_min=52, tm_sec=55, tm_wday=2, tm_yday=60, tm_isdst=-1)",2023-03-01,2023,3,60,1,52
2023-03-01 02:55:25,40.767242,-111.868271,1328.4,-9999.0,-9999.0,-9999.0,13.94,8.7,4.51,18.06,1.0,2.0,8.39,13.0,858.4,0.0,44.0,2.28,23.9,654.0,-9999.0,-9999.0,-9999.0,-9999.0,-9999.0,-9999.0,-9999.0,0.0,0,0,"time.struct_time(tm_year=2023, tm_mon=3, tm_mday=1, tm_hour=2, tm_min=55, tm_sec=25, tm_wday=2, tm_yday=60, tm_isdst=-1)",2023-03-01,2023,3,60,1,55
2023-03-01 02:58:05,40.765068,-111.855553,1385.0,-9999.0,-9999.0,-9999.0,13.94,8.7,4.33,18.39,1.0,2.0,8.39,13.0,853.2,0.0,30.2,2.29,24.0,650.0,-9999.0,-9999.0,-9999.0,-9999.0,-9999.0,-9999.0,-9999.0,0.0,0,0,"time.struct_time(tm_year=2023, tm_mon=3, tm_mday=1, tm_hour=2, tm_min=58, tm_sec=5, tm_wday=2, tm_yday=60, tm_isdst=-1)",2023-03-01,2023,3,60,1,58
2023-03-01 03:00:35,40.766956,-111.847633,1442.2,-9999.0,-9999.0,-9999.0,13.94,8.7,4.08,18.06,10.0,2.0,8.28,13.0,848.4,0.0,41.1,2.3,24.0,645.3,-9999.0,-9999.0,-9999.0,-9999.0,-9999.0,-9999.0,-9999.0,0.0,0,0,"time.struct_time(tm_year=2023, tm_mon=3, tm_mday=1, tm_hour=3, tm_min=0, tm_sec=35, tm_wday=2, tm_yday=60, tm_isdst=-1)",2023-03-01,2023,3,60,1,0
2023-03-01 03:03:05,40.772648,-111.840752,1497.6,-9999.0,-9999.0,-9999.0,13.94,8.67,3.79,18.07,5.0,2.0,8.28,13.0,842.1,0.0,43.1,2.32,24.0,641.1,-9999.0,-9999.0,-9999.0,-9999.0,-9999.0,-9999.0,-9999.0,0.0,0,0,"time.struct_time(tm_year=2023, tm_mon=3, tm_mday=1, tm_hour=3, tm_min=3, tm_sec=5, tm_wday=2, tm_yday=60, tm_isdst=-1)",2023-03-01,2023,3,60,1,3
2023-03-01 03:05:45,40.768089,-111.839722,1475.6,-9999.0,-9999.0,-9999.0,13.94,8.64,3.54,16.88,1.0,2.0,8.22,13.0,844.3,0.0,43.8,2.3,24.0,642.9,-9999.0,-9999.0,-9999.0,-9999.0,-9999.0,-9999.0,-9999.0,0.0,0,0,"time.struct_time(tm_year=2023, tm_mon=3, tm_mday=1, tm_hour=3, tm_min=5, tm_sec=45, tm_wday=2, tm_yday=60, tm_isdst=-1)",2023-03-01,2023,3,60,1,5
2023-03-01 03:08:15,40.768036,-111.847382,1449.1,-9999.0,-9999.0,-9999.0,13.94,8.58,3.33,17.78,2.0,2.0,8.0,13.0,847.5,0.0,46.5,2.29,24.0,644.6,-9999.0,-9999.0,-9999.0,-9999.0,-9999.0,-9999.0,-9999.0,0.0,0,0,"time.struct_time(tm_year=2023, tm_mon=3, tm_mday=1, tm_hour=3, tm_min=8, tm_sec=15, tm_wday=2, tm_yday=60, tm_isdst=-1)",2023-03-01,2023,3,60,1,8
2023-03-01 03:10:45,40.765034,-111.853821,1402.0,-9999.0,-9999.0,-9999.0,13.94,8.52,3.31,18.65,1.0,2.0,7.89,13.0,852.1,0.0,34.5,2.29,24.0,648.9,-9999.0,-9999.0,-9999.0,-9999.0,-9999.0,-9999.0,-9999.0,0.0,0,0,"time.struct_time(tm_year=2023, tm_mon=3, tm_mday=1, tm_hour=3, tm_min=10, tm_sec=45, tm_wday=2, tm_yday=60, tm_isdst=-1)",2023-03-01,2023,3,60,1,10
2023-03-01 03:13:15,40.76672,-111.865356,1349.8,-9999.0,-9999.0,-9999.0,13.94,8.48,3.42,18.12,1.0,2.0,7.89,13.0,857.5,0.0,42.0,2.27,24.0,652.6,-9999.0,-9999.0,-9999.0,-9999.0,-9999.0,-9999.0,-9999.0,0.0,0,0,"time.struct_time(tm_year=2023, tm_mon=3, tm_mday=1, tm_hour=3, tm_min=13, tm_sec=15, tm_wday=2, tm_yday=60, tm_isdst=-1)",2023-03-01,2023,3,60,1,13
2023-03-01 03:15:55,40.767254,-111.873543,1333.2,-9999.0,-9999.0,-9999.0,13.94,8.45,3.52,18.81,69.0,2.0,7.89,13.0,859.1,0.0,43.4,2.27,24.0,654.0,-9999.0,-9999.0,-9999.0,-9999.0,-9999.0,-9999.0,-9999.0,0.0,0,0,"time.struct_time(tm_year=2023, tm_mon=3, tm_mday=1, tm_hour=3, tm_min=15, tm_sec=55, tm_wday=2, tm_yday=60, tm_isdst=-1)",2023-03-01,2023,3,60,1,15
2023-03-01 03:19:30,40.76696,-111.885361,1318.6,-9999.0,-9999.0,-9999.0,13.94,8.44,3.68,18.95,4.0,2.0,8.0,13.0,861.2,0.0,35.6,2.27,23.9,656.2,-9999.0,-9999.0,-9999.0,-9999.0,-9999.0,-9999.0,-9999.0,0.0,0,0,"time.struct_time(tm_year=2023, tm_mon=3, tm_mday=1, tm_hour=3, tm_min=19, tm_sec=30, tm_wday=2, tm_yday=60, tm_isdst=-1)",2023-03-01,2023,3,60,1,19
2023-03-01 03:22:00,40.765015,-111.893661,1327.8,-9999.0,-9999.0,-9999.0,13.94,8.44,3.82,17.75,3.0,2.0,8.0,13.0,861.5,0.0,44.3,2.27,23.9,655.8,-9999.0,-9999.0,-9999.0,-9999.0,-9999.0,-9999.0,-9999.0,0.0,0,0,"time.struct_time(tm_year=2023, tm_mon=3, tm_mday=1, tm_hour=3, tm_min=22, tm_sec=0, tm_wday=2, tm_yday=60, tm_isdst=-1)",2023-03-01,2023,3,60,1,22
2023-03-01 03:24:40,40.76506,-111.901665,1299.2,-9999.0,-9999.0,-9999.0,13.94,8.46,3.94,17.5,3.0,2.0,8.11,13.0,862.7,0.0,35.8,2.26,23.9,656.4,-9999.0,-9999.0,-9999.0,-9999.0,-9999.0,-9999.0,-9999.0,0.0,0,1,"time.struct_time(tm_year=2023, tm_mon=3, tm_mday=1, tm_hour=3, tm_min=24, tm_sec=40, tm_wday=2, tm_yday=60, tm_isdst=-1)",2023-03-01,2023,3,60,1,24
2023-03-01 03:27:10,40.763954,-111.908539,1299.2,-9999.0,-9999.0,-9999.0,13.94,8.48,4.0,19.09,2.0,2.0,8.11,13.0,863.3,0.0,42.2,2.25,23.9,657.7,-9999.0,-9999.0,-9999.0,-9999.0,-9999.0,-9999.0,-9999.0,0.0,0,1,"time.struct_time(tm_year=2023, tm_mon=3, tm_mday=1, tm_hour=3, tm_min=27, tm_sec=10, tm_wday=2, tm_yday=60, tm_isdst=-1)",2023-03-01,2023,3,60,1,27
2023-03-01 03:29:40,40.763645,-111.909523,1298.0,-9999.0,-9999.0,-9999.0,13.94,8.51,4.12,19.19,3.0,2.0,8.22,13.0,863.3,0.0,25.3,2.26,23.9,656.9,-9999.0,-9999.0,-9999.0,-9999.0,-9999.0,-9999.0,-9999.0,0.0,0,1,"time.struct_time(tm_year=2023, tm_mon=3, tm_mday=1, tm_hour=3, tm_min=29, tm_sec=40, tm_wday=2, tm_yday=60, tm_isdst=-1)",2023-03-01,2023,3,60,1,29
2023-03-01 03:34:45,40.763641,-111.909523,1298.5,-9999.0,-9999.0,-9999.0,13.94,8.58,4.46,19.53,1.0,2.0,8.28,14.0,863.4,0.0,34.6,2.26,23.9,657.8,-9999.0,-9999.0,-9999.0,-9999.0,-9999.0,-9999.0,-9999.0,0.0,0,1,"time.struct_time(tm_year=2023, tm_mon=3, tm_mday=1, tm_hour=3, tm_min=34, tm_sec=45, tm_wday=2, tm_yday=60, tm_isdst=-1)",2023-03-01,2023,3,60,1,34
2023-03-01 03:37:15,40.763638,-111.909523,1298.9,-9999.0,-9999.0,-9999.0,13.94,8.62,4.63,18.69,2.0,2.0,8.28,14.0,863.2,0.0,28.7,2.26,23.9,656.8,-9999.0,-9999.0,-9999.0,-9999.0,-9999.0,-9999.0,-9999.0,0.0,0,1,"time.struct_time(tm_year=2023, tm_mon=3, tm_mday=1, tm_hour=3, tm_min=37, tm_sec=15, tm_wday=2, tm_yday=60, tm_isdst=-1)",2023-03-01,2023,3,60,1,37
2023-03-01 03:39:55,40.763641,-111.909523,1298.9,-9999.0,-9999.0,-9999.0,13.94,8.66,4.83,18.53,1.0,2.0,8.28,14.0,863.3,0.0,31.3,2.27,23.9,656.9,-9999.0,-9999.0,-9999.0,-9999.0,-9999.0,-9999.0,-9999.0,0.0,0,1,"time.struct_time(tm_year=2023, tm_mon=3, tm_mday=1, tm_hour=3, tm_min=39, tm_sec=55, tm_wday=2, tm_yday=60, tm_isdst=-1)",2023-03-01,2023,3,60,1,39
2023-03-01 03:43:30,40.763645,-111.909515,1298.8,-9999.0,-9999.0,-9999.0,13.94,8.7,5.01,17.71,1.0,2.0,8.39,14.0,863.3,0.0,17.9,2.25,23.9,657.7,-9999.0,-9999.0,-9999.0,-9999.0,-9999.0,-9999.0,-9999.0,0.0,0,1,"time.struct_time(tm_year=2023, tm_mon=3, tm_mday=1, tm_hour=3, tm_min=43, tm_sec=30, tm_wday=2, tm_yday=60, tm_isdst=-1)",2023-03-01,2023,3,60,1,43
2023-03-01 03:46:00,40.764923,-111.907562,1301.9,-9999.0,-9999.0,-9999.0,13.94,8.74,5.07,18.46,3.0,2.0,8.39,14.0,863.0,0.0,31.5,2.27,23.9,656.5,-9999.0,-9999.0,-9999.0,-9999.0,-9999.0,-9999.0,-9999.0,0.0,0,1,"time.struct_time(tm_year=2023, tm_mon=3, tm_mday=1, tm_hour=3, tm_min=46, tm_sec=0, tm_wday=2, tm_yday=60, tm_isdst=-1)",2023-03-01,2023,3,60,1,46
2023-03-01 03:48:40,40.765011,-111.900444,1304.5,-9999.0,-9999.0,-9999.0,13.94,8.78,4.83,16.92,2.0,2.0,8.5,13.0,862.4,0.0,36.8,2.26,23.9,656.0,-9999.0,-9999.0,-9999.0,-9999.0,-9999.0,-9999.0,-9999.0,0.0,0,1,"time.struct_time(tm_year=2023, tm_mon=3, tm_mday=1, tm_hour=3, tm_min=48, tm_sec=40, tm_wday=2, tm_yday=60, tm_isdst=-1)",2023-03-01,2023,3,60,1,48
2023-03-01 03:52:15,40.765022,-111.885559,1320.8,-9999.0,-9999.0,-9999.0,13.94,8.83,4.79,16.54,4.0,2.0,8.5,13.0,861.3,0.0,41.0,2.25,23.9,655.3,-9999.0,-9999.0,-9999.0,-9999.0,-9999.0,-9999.0,-9999.0,0.0,0,0,"time.struct_time(tm_year=2023, tm_mon=3, tm_mday=1, tm_hour=3, tm_min=52, tm_sec=15, tm_wday=2, tm_yday=60, tm_isdst=-1)",2023-03-01,2023,3,60,1,52
2023-03-01 03:54:45,40.767143,-111.874603,1339.0,-9999.0,-9999.0,-9999.0,13.94,8.85,4.77,16.5,2.0,2.0,8.5,13.0,858.9,0.0,38.5,2.27,23.9,654.3,-9999.0,-9999.0,-9999.0,-9999.0,-9999.0,-9999.0,-9999.0,0.0,0,0,"time.struct_time(tm_year=2023, tm_mon=3, tm_mday=1, tm_hour=3, tm_min=54, tm_sec=45, tm_wday=2, tm_yday=60, tm_isdst=-1)",2023-03-01,2023,3,60,1,54
2023-03-01 03:57:25,40.765118,-111.865311,1347.0,-9999.0,-9999.0,-9999.0,13.94,8.86,4.61,17.48,3.0,2.0,8.61,13.0,857.5,0.0,40.9,2.27,23.9,653.1,-9999.0,-9999.0,-9999.0,-9999.0,-9999.0,-9999.0,-9999.0,0.0,0,0,"time.struct_time(tm_year=2023, tm_mon=3, tm_mday=1, tm_hour=3, tm_min=57, tm_sec=25, tm_wday=2, tm_yday=60, tm_isdst=-1)",2023-03-01,2023,3,60,1,57
2023-03-01 03:59:55,40.765038,-111.853127,1411.0,-9999.0,-9999.0,-9999.0,13.94,8.86,4.41,17.62,2.0,2.0,8.5,13.0,851.2,0.0,38.3,2.28,24.0,647.4,-9999.0,-9999.0,-9999.0,-9999.0,-9999.0,-9999.0,-9999.0,0.0,0,0,"time.struct_time(tm_year=2023, tm_mon=3, tm_mday=1, tm_hour=3, tm_min=59, tm_sec=55, tm_wday=2, tm_yday=60, tm_isdst=-1)",2023-03-01,2023,3,60,1,59
2023-03-01 04:02:25,40.770962,-111.845314,1460.7,-9999.0,-9999.0,-9999.0,13.94,8.87,4.26,18.06,2.0,2.0,8.39,13.0,845.4,0.0,43.8,2.3,24.0,643.6,-9999.0,-9999.0,-9999.0,-9999.0,-9999.0,-9999.0,-9999.0,0.0,0,0,"time.struct_time(tm_year=2023, tm_mon=3, tm_mday=1, tm_hour=4, tm_min=2, tm_sec=25, tm_wday=2, tm_yday=60, tm_isdst=-1)",2023-03-01,2023,3,60,1,2
2023-03-01 04:04:55,40.767788,-111.836357,1493.8,-9999.0,-9999.0,-9999.0,13.94,8.85,4.02,17.62,1.0,2.0,8.28,13.0,841.9,0.0,43.5,2.32,24.0,640.2,-9999.0,-9999.0,-9999.0,-9999.0,-9999.0,-9999.0,-9999.0,0.0,0,0,"time.struct_time(tm_year=2023, tm_mon=3, tm_mday=1, tm_hour=4, tm_min=4, tm_sec=55, tm_wday=2, tm_yday=60, tm_isdst=-1)",2023-03-01,2023,3,60,1,4
2023-03-01 04:07:35,40.770859,-111.844902,1468.4,-9999.0,-9999.0,-9999.0,13.94,8.82,3.88,19.37,10.0,2.0,8.22,13.0,844.9,0.0,29.1,2.31,24.0,642.5,-9999.0,-9999.0,-9999.0,-9999.0,-9999.0,-9999.0,-9999.0,0.0,0,0,"time.struct_time(tm_year=2023, tm_mon=3, tm_mday=1, tm_hour=4, tm_min=7, tm_sec=35, tm_wday=2, tm_yday=60, tm_isdst=-1)",2023-03-01,2023,3,60,1,7
2023-03-01 04:10:05,40.767059,-111.852051,1425.2,-9999.0,-9999.0,-9999.0,13.94,8.77,3.78,19.75,18.0,2.0,8.11,13.0,851.0,0.0,38.7,2.3,24.0,648.1,-9999.0,-9999.0,-9999.0,-9999.0,-9999.0,-9999.0,-9999.0,0.0,0,0,"time.struct_time(tm_year=2023, tm_mon=3, tm_mday=1, tm_hour=4, tm_min=10, tm_sec=5, tm_wday=2, tm_yday=60, tm_isdst=-1)",2023-03-01,2023,3,60,1,10
2023-03-01 04:12:35,40.765041,-111.859138,1367.8,-9999.0,-9999.0,-9999.0,13.94,8.74,3.72,19.67,2.0,2.0,8.11,13.0,855.3,0.0,41.7,2.28,24.0,650.7,-9999.0,-9999.0,-9999.0,-9999.0,-9999.0,-9999.0,-9999.0,0.0,0,0,"time.struct_time(tm_year=2023, tm_mon=3, tm_mday=1, tm_hour=4, tm_min=12, tm_sec=35, tm_wday=2, tm_yday=60, tm_isdst=-1)",2023-03-01,2023,3,60,1,12
2023-03-01 04:15:15,40.767227,-111.866867,1353.6,-9999.0,-9999.0,-9999.0,13.94,8.71,3.76,18.85,1.0,2.0,8.11,13.0,857.2,0.0,38.4,2.28,24.1,651.9,-9999.0,-9999.0,-9999.0,-9999.0,-9999.0,-9999.0,-9999.0,0.0,0,0,"time.struct_time(tm_year=2023, tm_mon=3, tm_mday=1, tm_hour=4, tm_min=15, tm_sec=15, tm_wday=2, tm_yday=60, tm_isdst=-1)",2023-03-01,2023,3,60,1,15
2023-03-01 04:17:45,40.767242,-111.880043,1324.2,-9999.0,-9999.0,-9999.0,13.94,8.7,3.92,19.05,4.0,2.0,8.11,13.0,859.9,0.0,35.5,2.28,24.1,655.2,-9999.0,-9999.0,-9999.0,-9999.0,-9999.0,-9999.0,-9999.0,0.0,0,0,"time.struct_time(tm_year=2023, tm_mon=3, tm_mday=1, tm_hour=4, tm_min=17, tm_sec=45, tm_wday=2, tm_yday=60, tm_isdst=-1)",2023-03-01,2023,3,60,1,17
2023-03-01 04:20:15,40.766129,-111.88546,1317.4,-9999.0,-9999.0,-9999.0,13.94,8.7,4.04,18.41,7.0,2.0,8.22,13.0,861.1,0.0,40.4,2.26,24.1,655.2,-9999.0,-9999.0,-9999.0,-9999.0,-9999.0,-9999.0,-9999.0,0.0,0,0,"time.struct_time(tm_year=2023, tm_mon=3, tm_mday=1, tm_hour=4, tm_min=20, tm_sec=15, tm_wday=2, tm_yday=60, tm_isdst=-1)",2023-03-01,2023,3,60,1,20
2023-03-01 04:23:55,40.765041,-111.897461,1310.2,-9999.0,-9999.0,-9999.0,13.94,8.71,4.24,17.95,16.0,2.0,8.28,13.0,861.5,0.0,34.0,2.27,24.1,655.6,-9999.0,-9999.0,-9999.0,-9999.0,-9999.0,-9999.0,-9999.0,0.0,0,0,"time.struct_time(tm_year=2023, tm_mon=3, tm_mday=1, tm_hour=4, tm_min=23, tm_sec=55, tm_wday=2, tm_yday=60, tm_isdst=-1)",2023-03-01,2023,3,60,1,23
2023-03-01 04:26:25,40.765026,-111.90136,1298.6,-9999.0,-9999.0,-9999.0,13.94,8.73,4.12,18.39,2.0,2.0,8.39,13.0,862.1,0.0,30.2,2.27,24.1,656.8,-9999.0,-9999.0,-9999.0,-9999.0,-9999.0,-9999.0,-9999.0,0.0,0,1,"time.struct_time(tm_year=2023, tm_mon=3, tm_mday=1, tm_hour=4, tm_min=26, tm_sec=25, tm_wday=2, tm_yday=60, tm_isdst=-1)",2023-03-01,2023,3,60,1,26
2023-03-01 04:28:55,40.764351,-111.909302,1291.4,-9999.0,-9999.0,-9999.0,13.94,8.76,4.22,17.53,2.0,2.0,8.39,13.0,862.6,0.0,26.9,2.27,24.1,656.5,-9999.0,-9999.0,-9999.0,-9999.0,-9999.0,-9999.0,-9999.0,0.0,0,1,"time.struct_time(tm_year=2023, tm_mon=3, tm_mday=1, tm_hour=4, tm_min=28, tm_sec=55, tm_wday=2, tm_yday=60, tm_isdst=-1)",2023-03-01,2023,3,60,1,28
2023-03-01 04:34:00,40.763729,-111.909531,1292.5,-9999.0,-9999.0,-9999.0,13.94,8.81,4.51,17.36,2.0,2.0,8.61,13.0,862.7,0.0,33.0,2.27,24.1,656.6,-9999.0,-9999.0,-9999.0,-9999.0,-9999.0,-9999.0,-9999.0,0.0,0,1,"time.struct_time(tm_year=2023, tm_mon=3, tm_mday=1, tm_hour=4, tm_min=34, tm_sec=0, tm_wday=2, tm_yday=60, tm_isdst=-1)",2023-03-01,2023,3,60,1,34
2023-03-01 04:36:30,40.763729,-111.909531,1292.9,-9999.0,-9999.0,-9999.0,13.94,8.85,4.71,18.02,2.0,2.0,8.61,13.0,862.7,0.0,31.7,2.26,24.1,657.4,-9999.0,-9999.0,-9999.0,-9999.0,-9999.0,-9999.0,-9999.0,0.0,0,1,"time.struct_time(tm_year=2023, tm_mon=3, tm_mday=1, tm_hour=4, tm_min=36, tm_sec=30, tm_wday=2, tm_yday=60, tm_isdst=-1)",2023-03-01,2023,3,60,1,36
2023-03-01 04:39:00,40.763733,-111.909538,1293.0,-9999.0,-9999.0,-9999.0,13.94,8.9,4.85,17.16,1.0,2.0,8.61,13.0,863.0,0.0,32.8,2.27,24.1,656.5,-9999.0,-9999.0,-9999.0,-9999.0,-9999.0,-9999.0,-9999.0,0.0,0,1,"time.struct_time(tm_year=2023, tm_mon=3, tm_mday=1, tm_hour=4, tm_min=39, tm_sec=0, tm_wday=2, tm_yday=60, tm_isdst=-1)",2023-03-01,2023,3,60,1,39
2023-03-01 04:41:40,40.763733,-111.909538,1293.4,-9999.0,-9999.0,-9999.0,13.94,8.95,4.99,16.69,1.0,2.0,8.72,13.0,862.7,0.0,32.2,2.28,24.1,656.5,-9999.0,-9999.0,-9999.0,-9999.0,-9999.0,-9999.0,-9999.0,0.0,0,1,"time.struct_time(tm_year=2023, tm_mon=3, tm_mday=1, tm_hour=4, tm_min=41, tm_sec=40, tm_wday=2, tm_yday=60, tm_isdst=-1)",2023-03-01,2023,3,60,1,41
2023-03-01 04:45:15,40.764942,-111.909592,1290.3,-9999.0,-9999.0,-9999.0,13.94,9.01,5.09,16.76,7.0,2.0,8.72,13.0,862.6,0.0,24.7,2.27,24.1,656.4,-9999.0,-9999.0,-9999.0,-9999.0,-9999.0,-9999.0,-9999.0,0.0,0,1,"time.struct_time(tm_year=2023, tm_mon=3, tm_mday=1, tm_hour=4, tm_min=45, tm_sec=15, tm_wday=2, tm_yday=60, tm_isdst=-1)",2023-03-01,2023,3,60,1,45
2023-03-01 04:47:45,40.764923,-111.902954,1295.1,-9999.0,-9999.0,-9999.0,13.94,9.05,5.09,16.72,17.0,2.0,8.78,13.0,862.4,0.0,30.1,2.27,24.1,656.9,-9999.0,-9999.0,-9999.0,-9999.0,-9999.0,-9999.0,-9999.0,0.0,0,1,"time.struct_time(tm_year=2023, tm_mon=3, tm_mday=1, tm_hour=4, tm_min=47, tm_sec=45, tm_wday=2, tm_yday=60, tm_isdst=-1)",2023-03-01,2023,3,60,1,47
2023-03-01 04:50:25,40.764973,-111.895912,1307.7,-9999.0,-9999.0,-9999.0,13.94,9.09,4.77,17.52,5.0,2.0,8.78,13.0,861.2,0.0,41.0,2.27,24.1,655.8,-9999.0,-9999.0,-9999.0,-9999.0,-9999.0,-9999.0,-9999.0,0.0,0,1,"time.struct_time(tm_year=2023, tm_mon=3, tm_mday=1, tm_hour=4, tm_min=50, tm_sec=25, tm_wday=2, tm_yday=60, tm_isdst=-1)",2023-03-01,2023,3,60,1,50
2023-03-01 04:52:55,40.764938,-111.887718,1318.5,-9999.0,-9999.0,-9999.0,13.94,9.11,4.87,17.26,2.0,2.0,8.78,13.0,860.8,0.0,33.6,2.26,24.1,654.9,-9999.0,-9999.0,-9999.0,-9999.0,-9999.0,-9999.0,-9999.0,0.0,0,0,"time.struct_time(tm_year=2023, tm_mon=3, tm_mday=1, tm_hour=4, tm_min=52, tm_sec=55, tm_wday=2, tm_yday=60, tm_isdst=-1)",2023-03-01,2023,3,60,1,52
2023-03-01 04:55:25,40.767132,-111.87706,1326.8,-9999.0,-9999.0,-9999.0,13.94,9.13,4.83,18.13,12.0,2.0,8.78,13.0,858.9,0.0,37.1,2.26,24.1,654.3,-9999.0,-9999.0,-9999.0,-9999.0,-9999.0,-9999.0,-9999.0,0.0,0,0,"time.struct_time(tm_year=2023, tm_mon=3, tm_mday=1, tm_hour=4, tm_min=55, tm_sec=25, tm_wday=2, tm_yday=60, tm_isdst=-1)",2023-03-01,2023,3,60,1,55
2023-03-01 04:58:05,40.764988,-111.8619,1358.5,-9999.0,-9999.0,-9999.0,13.94,9.14,4.87,18.49,1.0,2.0,8.78,13.0,855.8,0.0,43.4,2.28,24.2,651.8,-9999.0,-9999.0,-9999.0,-9999.0,-9999.0,-9999.0,-9999.0,0.0,0,0,"time.struct_time(tm_year=2023, tm_mon=3, tm_mday=1, tm_hour=4, tm_min=58, tm_sec=5, tm_wday=2, tm_yday=60, tm_isdst=-1)",2023-03-01,2023,3,60,1,58
2023-03-01 05:00:35,40.766956,-111.85228,1405.5,-9999.0,-9999.0,-9999.0,13.94,9.14,4.75,18.39,4.0,2.0,8.78,14.0,850.3,0.0,42.7,2.3,24.2,646.9,-9999.0,-9999.0,-9999.0,-9999.0,-9999.0,-9999.0,-9999.0,0.0,0,0,"time.struct_time(tm_year=2023, tm_mon=3, tm_mday=1, tm_hour=5, tm_min=0, tm_sec=35, tm_wday=2, tm_yday=60, tm_isdst=-1)",2023-03-01,2023,3,60,1,0
2023-03-01 05:03:05,40.772835,-111.841743,1486.1,-9999.0,-9999.0,-9999.0,13.94,9.14,4.4,20.08,1.0,2.0,8.72,14.0,841.9,0.0,39.6,2.32,24.2,641.0,-9999.0,-9999.0,-9999.0,-9999.0,-9999.0,-9999.0,-9999.0,0.0,0,0,"time.struct_time(tm_year=2023, tm_mon=3, tm_mday=1, tm_hour=5, tm_min=3, tm_sec=5, tm_wday=2, tm_yday=60, tm_isdst=-1)",2023-03-01,2023,3,60,1,3
2023-03-01 05:05:45,40.768623,-111.84034,1473.8,-9999.0,-9999.0,-9999.0,13.94,9.12,4.16,19.7,9.0,2.0,8.5,14.0,842.9,0.0,43.4,2.31,24.2,641.7,-9999.0,-9999.0,-9999.0,-9999.0,-9999.0,-9999.0,-9999.0,0.0,0,0,"time.struct_time(tm_year=2023, tm_mon=3, tm_mday=1, tm_hour=5, tm_min=5, tm_sec=45, tm_wday=2, tm_yday=60, tm_isdst=-1)",2023-03-01,2023,3,60,1,5
2023-03-01 05:08:15,40.767666,-111.847427,1448.7,-9999.0,-9999.0,-9999.0,13.94,9.08,3.94,19.51,5.0,2.0,8.28,13.0,846.5,0.0,39.4,2.3,24.3,643.8,-9999.0,-9999.0,-9999.0,-9999.0,-9999.0,-9999.0,-9999.0,0.0,0,0,"time.struct_time(tm_year=2023, tm_mon=3, tm_mday=1, tm_hour=5, tm_min=8, tm_sec=15, tm_wday=2, tm_yday=60, tm_isdst=-1)",2023-03-01,2023,3,60,1,8
2023-03-01 05:10:45,40.765011,-111.854248,1390.1,-9999.0,-9999.0,-9999.0,13.94,9.04,3.8,18.05,3.0,2.0,8.28,13.0,851.0,0.0,45.3,2.29,24.3,648.2,-9999.0,-9999.0,-9999.0,-9999.0,-9999.0,-9999.0,-9999.0,0.0,0,0,"time.struct_time(tm_year=2023, tm_mon=3, tm_mday=1, tm_hour=5, tm_min=10, tm_sec=45, tm_wday=2, tm_yday=60, tm_isdst=-1)",2023-03-01,2023,3,60,1,10
2023-03-01 05:13:15,40.766884,-111.865318,1348.1,-9999.0,-9999.0,-9999.0,13.94,9.0,3.88,18.91,1.0,2.0,8.22,13.0,856.3,0.0,41.2,2.28,24.3,651.5,-9999.0,-9999.0,-9999.0,-9999.0,-9999.0,-9999.0,-9999.0,0.0,0,0,"time.struct_time(tm_year=2023, tm_mon=3, tm_mday=1, tm_hour=5, tm_min=13, tm_sec=15, tm_wday=2, tm_yday=60, tm_isdst=-1)",2023-03-01,2023,3,60,1,13
2023-03-01 05:15:55,40.767181,-111.874657,1322.5,-9999.0,-9999.0,-9999.0,13.94,8.98,3.96,18.73,1.0,2.0,8.28,13.0,858.1,0.0,41.1,2.28,24.3,652.7,-9999.0,-9999.0,-9999.0,-9999.0,-9999.0,-9999.0,-9999.0,0.0,0,0,"time.struct_time(tm_year=2023, tm_mon=3, tm_mday=1, tm_hour=5, tm_min=15, tm_sec=55, tm_wday=2, tm_yday=60, tm_isdst=-1)",2023-03-01,2023,3,60,1,15
2023-03-01 05:19:30,40.765041,-111.888885,1309.5,-9999.0,-9999.0,-9999.0,13.94,8.96,4.2,17.9,1.0,2.0,8.39,13.0,860.1,0.0,37.5,2.27,24.3,655.2,-9999.0,-9999.0,-9999.0,-9999.0,-9999.0,-9999.0,-9999.0,0.0,0,0,"time.struct_time(tm_year=2023, tm_mon=3, tm_mday=1, tm_hour=5, tm_min=19, tm_sec=30, tm_wday=2, tm_yday=60, tm_isdst=-1)",2023-03-01,2023,3,60,1,19
2023-03-01 05:22:00,40.765064,-111.893463,1283.9,-9999.0,-9999.0,-9999.0,13.94,8.96,4.28,17.29,4.0,2.0,8.5,13.0,860.2,0.0,37.3,2.27,24.3,654.9,-9999.0,-9999.0,-9999.0,-9999.0,-9999.0,-9999.0,-9999.0,0.0,0,1,"time.struct_time(tm_year=2023, tm_mon=3, tm_mday=1, tm_hour=5, tm_min=22, tm_sec=0, tm_wday=2, tm_yday=60, tm_isdst=-1)",2023-03-01,2023,3,60,1,22
2023-03-01 05:25:50,40.763992,-111.909645,1292.4,-9999.0,-9999.0,-9999.0,13.94,8.99,4.57,17.39,2.0,2.0,8.5,13.0,862.0,0.0,38.6,2.27,24.3,656.7,-9999.0,-9999.0,-9999.0,-9999.0,-9999.0,-9999.0,-9999.0,0.0,0,1,"time.struct_time(tm_year=2023, tm_mon=3, tm_mday=1, tm_hour=5, tm_min=25, tm_sec=50, tm_wday=2, tm_yday=60, tm_isdst=-1)",2023-03-01,2023,3,60,1,25
2023-03-01 05:28:20,40.763714,-111.909554,1296.0,-9999.0,-9999.0,-9999.0,13.94,9.0,4.61,17.51,2.0,2.0,8.61,13.0,862.0,0.0,36.2,2.27,24.3,656.3,-9999.0,-9999.0,-9999.0,-9999.0,-9999.0,-9999.0,-9999.0,0.0,0,1,"time.struct_time(tm_year=2023, tm_mon=3, tm_mday=1, tm_hour=5, tm_min=28, tm_sec=20, tm_wday=2, tm_yday=60, tm_isdst=-1)",2023-03-01,2023,3,60,1,28
2023-03-01 05:30:50,40.763714,-111.909554,1296.0,-9999.0,-9999.0,-9999.0,13.94,9.03,4.71,17.64,2.0,2.0,8.72,13.0,862.2,0.0,36.7,2.27,24.3,656.8,-9999.0,-9999.0,-9999.0,-9999.0,-9999.0,-9999.0,-9999.0,0.0,0,1,"time.struct_time(tm_year=2023, tm_mon=3, tm_mday=1, tm_hour=5, tm_min=30, tm_sec=50, tm_wday=2, tm_yday=60, tm_isdst=-1)",2023-03-01,2023,3,60,1,30
2023-03-01 05:33:30,40.763706,-111.909554,1296.0,-9999.0,-9999.0,-9999.0,13.94,9.06,4.81,18.0,1.0,2.0,8.78,13.0,861.9,0.0,37.2,2.27,24.3,656.7,-9999.0,-9999.0,-9999.0,-9999.0,-9999.0,-9999.0,-9999.0,0.0,0,1,"time.struct_time(tm_year=2023, tm_mon=3, tm_mday=1, tm_hour=5, tm_min=33, tm_sec=30, tm_wday=2, tm_yday=60, tm_isdst=-1)",2023-03-01,2023,3,60,1,33
2023-03-01 05:36:00,40.763706,-111.909554,1296.0,-9999.0,-9999.0,-9999.0,13.94,9.09,4.91,17.42,2.0,2.0,8.78,13.0,861.9,0.0,33.0,2.27,24.3,656.0,-9999.0,-9999.0,-9999.0,-9999.0,-9999.0,-9999.0,-9999.0,0.0,0,1,"time.struct_time(tm_year=2023, tm_mon=3, tm_mday=1, tm_hour=5, tm_min=36, tm_sec=0, tm_wday=2, tm_yday=60, tm_isdst=-1)",2023-03-01,2023,3,60,1,36
2023-03-01 05:38:30,40.763702,-111.909554,1295.9,-9999.0,-9999.0,-9999.0,13.94,9.12,4.99,16.64,2.0,2.0,8.78,13.0,861.8,0.0,37.1,2.26,24.3,656.7,-9999.0,-9999.0,-9999.0,-9999.0,-9999.0,-9999.0,-9999.0,0.0,0,1,"time.struct_time(tm_year=2023, tm_mon=3, tm_mday=1, tm_hour=5, tm_min=38, tm_sec=30, tm_wday=2, tm_yday=60, tm_isdst=-1)",2023-03-01,2023,3,60,1,38
2023-03-01 05:41:10,40.763699,-111.909554,1295.8,-9999.0,-9999.0,-9999.0,13.94,9.15,5.05,16.62,2.0,2.0,8.78,13.0,861.8,0.0,32.5,2.27,24.3,656.7,-9999.0,-9999.0,-9999.0,-9999.0,-9999.0,-9999.0,-9999.0,0.0,0,1,"time.struct_time(tm_year=2023, tm_mon=3, tm_mday=1, tm_hour=5, tm_min=41, tm_sec=10, tm_wday=2, tm_yday=60, tm_isdst=-1)",2023-03-01,2023,3,60,1,41
2023-03-01 05:43:40,40.763699,-111.909546,1295.7,-9999.0,-9999.0,-9999.0,13.93,9.17,5.21,17.01,2.0,2.0,8.78,13.0,861.9,0.0,30.9,2.26,24.3,656.1,-9999.0,-9999.0,-9999.0,-9999.0,-9999.0,-9999.0,-9999.0,0.0,0,1,"time.struct_time(tm_year=2023, tm_mon=3, tm_mday=1, tm_hour=5, tm_min=43, tm_sec=40, tm_wday=2, tm_yday=60, tm_isdst=-1)",2023-03-01,2023,3,60,1,43
2023-03-01 05:47:15,40.764938,-111.90139,1306.8,-9999.0,-9999.0,-9999.0,13.94,9.21,5.11,16.94,2.0,2.0,8.78,13.0,861.1,0.0,48.2,2.28,24.3,655.4,-9999.0,-9999.0,-9999.0,-9999.0,-9999.0,-9999.0,-9999.0,0.0,0,1,"time.struct_time(tm_year=2023, tm_mon=3, tm_mday=1, tm_hour=5, tm_min=47, tm_sec=15, tm_wday=2, tm_yday=60, tm_isdst=-1)",2023-03-01,2023,3,60,1,47
2023-03-01 05:49:55,40.764874,-111.888687,1325.3,-9999.0,-9999.0,-9999.0,13.94,9.23,5.11,16.54,1.0,2.0,8.78,13.0,860.0,0.0,36.1,2.27,24.3,654.5,-9999.0,-9999.0,-9999.0,-9999.0,-9999.0,-9999.0,-9999.0,0.0,0,1,"time.struct_time(tm_year=2023, tm_mon=3, tm_mday=1, tm_hour=5, tm_min=49, tm_sec=55, tm_wday=2, tm_yday=60, tm_isdst=-1)",2023-03-01,2023,3,60,1,49
2023-03-01 05:52:25,40.766525,-111.885269,1319.8,-9999.0,-9999.0,-9999.0,13.94,9.24,5.07,16.83,2.0,2.0,8.78,13.0,859.7,0.0,44.4,2.26,24.4,655.0,-9999.0,-9999.0,-9999.0,-9999.0,-9999.0,-9999.0,-9999.0,0.0,0,0,"time.struct_time(tm_year=2023, tm_mon=3, tm_mday=1, tm_hour=5, tm_min=52, tm_sec=25, tm_wday=2, tm_yday=60, tm_isdst=-1)",2023-03-01,2023,3,60,1,52
2023-03-01 05:54:55,40.767082,-111.871422,1342.8,-9999.0,-9999.0,-9999.0,13.94,9.25,5.02,18.4,6.0,2.0,8.78,13.0,857.1,0.0,37.4,2.29,24.4,652.2,-9999.0,-9999.0,-9999.0,-9999.0,-9999.0,-9999.0,-9999.0,0.0,0,0,"time.struct_time(tm_year=2023, tm_mon=3, tm_mday=1, tm_hour=5, tm_min=54, tm_sec=55, tm_wday=2, tm_yday=60, tm_isdst=-1)",2023-03-01,2023,3,60,1,54
2023-03-01 05:57:35,40.764915,-111.859924,1364.0,-9999.0,-9999.0,-9999.0,13.94,9.25,4.89,19.15,1.0,2.0,8.78,13.0,854.9,0.0,29.5,2.29,24.4,650.3,-9999.0,-9999.0,-9999.0,-9999.0,-9999.0,-9999.0,-9999.0,0.0,0,0,"time.struct_time(tm_year=2023, tm_mon=3, tm_mday=1, tm_hour=5, tm_min=57, tm_sec=35, tm_wday=2, tm_yday=60, tm_isdst=-1)",2023-03-01,2023,3,60,1,57
2023-03-01 06:00:05,40.766956,-111.848961,1429.7,-9999.0,-9999.0,-9999.0,13.94,9.23,4.59,18.18,1.0,2.0,8.72,13.0,847.2,0.0,38.4,2.3,24.4,645.3,-9999.0,-9999.0,-9999.0,-9999.0,-9999.0,-9999.0,-9999.0,0.0,0,0,"time.struct_time(tm_year=2023, tm_mon=3, tm_mday=1, tm_hour=6, tm_min=0, tm_sec=5, tm_wday=2, tm_yday=60, tm_isdst=-1)",2023-03-01,2023,3,60,1,0
2023-03-01 06:02:35,40.770611,-111.839775,1493.5,-9999.0,-9999.0,-9999.0,13.94,9.21,4.39,17.14,1.0,2.0,8.72,13.0,840.9,0.0,43.6,2.32,24.4,639.4,-9999.0,-9999.0,-9999.0,-9999.0,-9999.0,-9999.0,-9999.0,0.0,0,0,"time.struct_time(tm_year=2023, tm_mon=3, tm_mday=1, tm_hour=6, tm_min=2, tm_sec=35, tm_wday=2, tm_yday=60, tm_isdst=-1)",2023-03-01,2023,3,60,1,2
2023-03-01 06:05:05,40.769054,-111.840714,1470.2,-9999.0,-9999.0,-9999.0,13.94,9.17,4.25,18.03,1.0,2.0,8.61,13.0,842.3,0.0,47.5,2.32,24.4,641.5,-9999.0,-9999.0,-9999.0,-9999.0,-9999.0,-9999.0,-9999.0,0.0,0,0,"time.struct_time(tm_year=2023, tm_mon=3, tm_mday=1, tm_hour=6, tm_min=5, tm_sec=5, tm_wday=2, tm_yday=60, tm_isdst=-1)",2023-03-01,2023,3,60,1,5
2023-03-01 06:07:45,40.767609,-111.847366,1444.8,-9999.0,-9999.0,-9999.0,13.94,9.12,4.0,18.03,1.0,2.0,8.5,13.0,846.0,0.0,44.0,2.3,24.4,644.3,-9999.0,-9999.0,-9999.0,-9999.0,-9999.0,-9999.0,-9999.0,0.0,0,0,"time.struct_time(tm_year=2023, tm_mon=3, tm_mday=1, tm_hour=6, tm_min=7, tm_sec=45, tm_wday=2, tm_yday=60, tm_isdst=-1)",2023-03-01,2023,3,60,1,7
2023-03-01 06:10:15,40.765053,-111.859207,1364.3,-9999.0,-9999.0,-9999.0,13.94,9.06,3.94,19.51,1.0,2.0,8.39,13.0,854.5,0.0,41.2,2.28,24.4,650.1,-9999.0,-9999.0,-9999.0,-9999.0,-9999.0,-9999.0,-9999.0,0.0,0,0,"time.struct_time(tm_year=2023, tm_mon=3, tm_mday=1, tm_hour=6, tm_min=10, tm_sec=15, tm_wday=2, tm_yday=60, tm_isdst=-1)",2023-03-01,2023,3,60,1,10
2023-03-01 06:12:45,40.767246,-111.865646,1351.2,-9999.0,-9999.0,-9999.0,13.94,9.0,3.9,19.28,4.0,2.0,8.28,13.0,855.7,0.0,44.1,2.29,24.4,652.0,-9999.0,-9999.0,-9999.0,-9999.0,-9999.0,-9999.0,-9999.0,0.0,0,0,"time.struct_time(tm_year=2023, tm_mon=3, tm_mday=1, tm_hour=6, tm_min=12, tm_sec=45, tm_wday=2, tm_yday=60, tm_isdst=-1)",2023-03-01,2023,3,60,1,12
2023-03-01 06:15:25,40.767235,-111.880821,1323.1,-9999.0,-9999.0,-9999.0,13.94,8.97,3.92,19.52,1.0,2.0,8.28,13.0,858.9,0.0,41.3,2.27,24.4,654.4,-9999.0,-9999.0,-9999.0,-9999.0,-9999.0,-9999.0,-9999.0,0.0,0,0,"time.struct_time(tm_year=2023, tm_mon=3, tm_mday=1, tm_hour=6, tm_min=15, tm_sec=25, tm_wday=2, tm_yday=60, tm_isdst=-1)",2023-03-01,2023,3,60,1,15
2023-03-01 06:17:55,40.765007,-111.887749,1320.4,-9999.0,-9999.0,-9999.0,13.94,8.94,4.11,19.7,1.0,2.0,8.28,13.0,859.8,0.0,40.7,2.29,24.4,654.4,-9999.0,-9999.0,-9999.0,-9999.0,-9999.0,-9999.0,-9999.0,0.0,0,0,"time.struct_time(tm_year=2023, tm_mon=3, tm_mday=1, tm_hour=6, tm_min=17, tm_sec=55, tm_wday=2, tm_yday=60, tm_isdst=-1)",2023-03-01,2023,3,60,1,17
2023-03-01 06:20:25,40.765072,-111.899323,1307.3,-9999.0,-9999.0,-9999.0,13.94,8.93,4.16,21.13,1.0,2.0,8.39,14.0,860.7,0.0,39.2,2.27,24.4,656.0,-9999.0,-9999.0,-9999.0,-9999.0,-9999.0,-9999.0,-9999.0,0.0,0,1,"time.struct_time(tm_year=2023, tm_mon=3, tm_mday=1, tm_hour=6, tm_min=20, tm_sec=25, tm_wday=2, tm_yday=60, tm_isdst=-1)",2023-03-01,2023,3,60,1,20
2023-03-01 06:24:05,40.764114,-111.909683,1294.6,-9999.0,-9999.0,-9999.0,13.94,8.96,4.14,21.95,3.0,2.0,8.39,14.0,861.7,0.0,35.1,2.28,24.4,656.6,-9999.0,-9999.0,-9999.0,-9999.0,-9999.0,-9999.0,-9999.0,0.0,0,1,"time.struct_time(tm_year=2023, tm_mon=3, tm_mday=1, tm_hour=6, tm_min=24, tm_sec=5, tm_wday=2, tm_yday=60, tm_isdst=-1)",2023-03-01,2023,3,60,1,24
2023-03-01 06:26:35,40.763702,-111.909508,1293.9,-9999.0,-9999.0,-9999.0,13.94,8.96,4.42,21.4,1.0,2.0,8.39,14.0,861.6,0.0,33.9,2.27,24.4,655.9,-9999.0,-9999.0,-9999.0,-9999.0,-9999.0,-9999.0,-9999.0,0.0,0,1,"time.struct_time(tm_year=2023, tm_mon=3, tm_mday=1, tm_hour=6, tm_min=26, tm_sec=35, tm_wday=2, tm_yday=60, tm_isdst=-1)",2023-03-01,2023,3,60,1,26
2023-03-01 06:29:05,40.763702,-111.909515,1293.8,-9999.0,-9999.0,-9999.0,13.94,8.97,4.63,20.72,1.0,2.0,8.5,14.0,861.6,0.0,35.2,2.28,24.4,656.6,-9999.0,-9999.0,-9999.0,-9999.0,-9999.0,-9999.0,-9999.0,0.0,0,0,"time.struct_time(tm_year=2023, tm_mon=3, tm_mday=1, tm_hour=6, tm_min=29, tm_sec=5, tm_wday=2, tm_yday=60, tm_isdst=-1)",2023-03-01,2023,3,60,1,29
2023-03-01 06:31:45,40.763702,-111.909515,1293.8,-9999.0,-9999.0,-9999.0,13.94,8.99,4.75,20.72,1.0,2.0,8.5,14.0,861.6,0.0,36.6,2.27,24.4,656.5,-9999.0,-9999.0,-9999.0,-9999.0,-9999.0,-9999.0,-9999.0,0.0,0,0,"time.struct_time(tm_year=2023, tm_mon=3, tm_mday=1, tm_hour=6, tm_min=31, tm_sec=45, tm_wday=2, tm_yday=60, tm_isdst=-1)",2023-03-01,2023,3,60,1,31
2023-03-01 06:34:15,40.763706,-111.909508,1294.3,-9999.0,-9999.0,-9999.0,13.94,9.01,4.89,19.91,1.0,2.0,8.61,14.0,861.4,0.0,33.2,2.29,24.4,656.0,-9999.0,-9999.0,-9999.0,-9999.0,-9999.0,-9999.0,-9999.0,0.0,0,0,"time.struct_time(tm_year=2023, tm_mon=3, tm_mday=1, tm_hour=6, tm_min=34, tm_sec=15, tm_wday=2, tm_yday=60, tm_isdst=-1)",2023-03-01,2023,3,60,1,34
2023-03-01 06:36:45,40.763706,-111.909508,1294.7,-9999.0,-9999.0,-9999.0,13.94,9.04,4.97,19.54,1.0,2.0,8.61,14.0,861.7,0.0,31.2,2.27,24.4,656.5,-9999.0,-9999.0,-9999.0,-9999.0,-9999.0,-9999.0,-9999.0,0.0,0,0,"time.struct_time(tm_year=2023, tm_mon=3, tm_mday=1, tm_hour=6, tm_min=36, tm_sec=45, tm_wday=2, tm_yday=60, tm_isdst=-1)",2023-03-01,2023,3,60,1,36
2023-03-01 06:39:15,40.76371,-111.909508,1295.0,-9999.0,-9999.0,-9999.0,13.94,9.06,5.07,19.43,1.0,2.0,8.61,14.0,861.5,0.0,34.4,2.25,24.4,655.8,-9999.0,-9999.0,-9999.0,-9999.0,-9999.0,-9999.0,-9999.0,0.0,0,1,"time.struct_time(tm_year=2023, tm_mon=3, tm_mday=1, tm_hour=6, tm_min=39, tm_sec=15, tm_wday=2, tm_yday=60, tm_isdst=-1)",2023-03-01,2023,3,60,1,39
2023-03-01 06:41:55,40.76371,-111.909508,1294.8,-9999.0,-9999.0,-9999.0,13.94,9.09,5.11,18.91,1.0,2.0,8.61,14.0,861.5,0.0,37.0,2.27,24.5,656.0,-9999.0,-9999.0,-9999.0,-9999.0,-9999.0,-9999.0,-9999.0,0.0,0,1,"time.struct_time(tm_year=2023, tm_mon=3, tm_mday=1, tm_hour=6, tm_min=41, tm_sec=55, tm_wday=2, tm_yday=60, tm_isdst=-1)",2023-03-01,2023,3,60,1,41
2023-03-01 06:44:25,40.763912,-111.908936,1292.8,-9999.0,-9999.0,-9999.0,13.94,9.1,5.09,19.16,1.0,2.0,8.61,14.0,861.5,0.0,39.7,2.27,24.4,656.3,-9999.0,-9999.0,-9999.0,-9999.0,-9999.0,-9999.0,-9999.0,0.0,0,1,"time.struct_time(tm_year=2023, tm_mon=3, tm_mday=1, tm_hour=6, tm_min=44, tm_sec=25, tm_wday=2, tm_yday=60, tm_isdst=-1)",2023-03-01,2023,3,60,1,44
2023-03-01 06:48:00,40.764938,-111.898125,1306.3,-9999.0,-9999.0,-9999.0,13.94,9.11,4.79,19.53,1.0,2.0,8.61,14.0,860.1,0.0,40.7,2.27,24.4,654.5,-9999.0,-9999.0,-9999.0,-9999.0,-9999.0,-9999.0,-9999.0,0.0,0,1,"time.struct_time(tm_year=2023, tm_mon=3, tm_mday=1, tm_hour=6, tm_min=48, tm_sec=0, tm_wday=2, tm_yday=60, tm_isdst=-1)",2023-03-01,2023,3,60,1,48
2023-03-01 06:50:40,40.765011,-111.885689,1313.3,-9999.0,-9999.0,-9999.0,13.94,9.12,4.76,18.91,5.0,2.0,8.61,14.0,859.6,0.0,39.0,2.27,24.4,654.3,-9999.0,-9999.0,-9999.0,-9999.0,-9999.0,-9999.0,-9999.0,0.0,0,1,"time.struct_time(tm_year=2023, tm_mon=3, tm_mday=1, tm_hour=6, tm_min=50, tm_sec=40, tm_wday=2, tm_yday=60, tm_isdst=-1)",2023-03-01,2023,3,60,1,50
2023-03-01 06:53:10,40.767105,-111.876137,1329.9,-9999.0,-9999.0,-9999.0,13.94,9.13,4.75,18.12,0.0,2.0,8.72,14.0,857.6,0.0,47.3,2.27,24.4,653.4,-9999.0,-9999.0,-9999.0,-9999.0,-9999.0,-9999.0,-9999.0,0.0,0,0,"time.struct_time(tm_year=2023, tm_mon=3, tm_mday=1, tm_hour=6, tm_min=53, tm_sec=10, tm_wday=2, tm_yday=60, tm_isdst=-1)",2023-03-01,2023,3,60,1,53
2023-03-01 06:55:40,40.764946,-111.863266,1348.6,-9999.0,-9999.0,-9999.0,13.94,9.13,4.64,18.56,0.0,2.0,8.72,14.0,855.3,0.0,41.7,2.28,24.5,651.6,-9999.0,-9999.0,-9999.0,-9999.0,-9999.0,-9999.0,-9999.0,0.0,0,0,"time.struct_time(tm_year=2023, tm_mon=3, tm_mday=1, tm_hour=6, tm_min=55, tm_sec=40, tm_wday=2, tm_yday=60, tm_isdst=-1)",2023-03-01,2023,3,60,1,55
2023-03-01 06:58:20,40.764992,-111.854156,1400.0,-9999.0,-9999.0,-9999.0,13.94,9.12,4.38,18.22,3.0,2.0,8.72,13.0,850.0,0.0,44.3,2.3,24.5,647.4,-9999.0,-9999.0,-9999.0,-9999.0,-9999.0,-9999.0,-9999.0,0.0,0,0,"time.struct_time(tm_year=2023, tm_mon=3, tm_mday=1, tm_hour=6, tm_min=58, tm_sec=20, tm_wday=2, tm_yday=60, tm_isdst=-1)",2023-03-01,2023,3,60,1,58
2023-03-01 07:00:50,40.770115,-111.847748,1434.7,-9999.0,-9999.0,-9999.0,13.94,9.12,4.22,18.1,0.0,2.0,8.61,13.0,845.5,0.0,49.2,2.31,24.5,643.8,-9999.0,-9999.0,-9999.0,-9999.0,-9999.0,-9999.0,-9999.0,0.0,0,0,"time.struct_time(tm_year=2023, tm_mon=3, tm_mday=1, tm_hour=7, tm_min=0, tm_sec=50, tm_wday=2, tm_yday=60, tm_isdst=-1)",2023-03-01,2023,3,60,1,0
2023-03-01 07:03:20,40.769718,-111.838806,1492.5,-9999.0,-9999.0,-9999.0,13.94,9.1,4.14,18.6,1.0,2.0,8.5,13.0,840.3,0.0,44.6,2.33,24.5,639.9,-9999.0,-9999.0,-9999.0,-9999.0,-9999.0,-9999.0,-9999.0,0.0,0,0,"time.struct_time(tm_year=2023, tm_mon=3, tm_mday=1, tm_hour=7, tm_min=3, tm_sec=20, tm_wday=2, tm_yday=60, tm_isdst=-1)",2023-03-01,2023,3,60,1,3
2023-03-01 07:06:00,40.769306,-111.84391,1458.2,-9999.0,-9999.0,-9999.0,13.94,9.07,3.98,18.93,0.0,2.0,8.39,13.0,843.1,0.0,43.2,2.31,24.5,642.0,-9999.0,-9999.0,-9999.0,-9999.0,-9999.0,-9999.0,-9999.0,0.0,0,0,"time.struct_time(tm_year=2023, tm_mon=3, tm_mday=1, tm_hour=7, tm_min=6, tm_sec=0, tm_wday=2, tm_yday=60, tm_isdst=-1)",2023-03-01,2023,3,60,1,6
2023-03-01 07:08:30,40.767048,-111.850731,1427.8,-9999.0,-9999.0,-9999.0,13.94,9.02,3.81,18.98,1.0,2.0,8.22,13.0,848.0,0.0,44.7,2.3,24.5,645.5,-9999.0,-9999.0,-9999.0,-9999.0,-9999.0,-9999.0,-9999.0,0.0,0,0,"time.struct_time(tm_year=2023, tm_mon=3, tm_mday=1, tm_hour=7, tm_min=8, tm_sec=30, tm_wday=2, tm_yday=60, tm_isdst=-1)",2023-03-01,2023,3,60,1,8
2023-03-01 07:11:00,40.765026,-111.857384,1382.5,-9999.0,-9999.0,-9999.0,13.94,8.97,3.8,19.09,0.0,2.0,8.22,13.0,852.2,0.0,41.9,2.29,24.5,649.2,-9999.0,-9999.0,-9999.0,-9999.0,-9999.0,-9999.0,-9999.0,0.0,0,0,"time.struct_time(tm_year=2023, tm_mon=3, tm_mday=1, tm_hour=7, tm_min=11, tm_sec=0, tm_wday=2, tm_yday=60, tm_isdst=-1)",2023-03-01,2023,3,60,1,11
2023-03-01 07:13:30,40.767258,-111.867775,1345.1,-9999.0,-9999.0,-9999.0,13.94,8.93,3.79,18.91,0.0,2.0,8.22,13.0,855.6,0.0,46.2,2.28,24.4,651.9,-9999.0,-9999.0,-9999.0,-9999.0,-9999.0,-9999.0,-9999.0,0.0,0,0,"time.struct_time(tm_year=2023, tm_mon=3, tm_mday=1, tm_hour=7, tm_min=13, tm_sec=30, tm_wday=2, tm_yday=60, tm_isdst=-1)",2023-03-01,2023,3,60,1,13
2023-03-01 07:25:45,40.765209,-111.907951,1290.8,-9999.0,-9999.0,-9999.0,13.94,8.98,4.12,18.27,2.0,2.0,8.5,13.0,861.1,0.0,37.5,2.27,24.4,656.2,-9999.0,-9999.0,-9999.0,-9999.0,-9999.0,-9999.0,-9999.0,0.0,0,1,"time.struct_time(tm_year=2023, tm_mon=3, tm_mday=1, tm_hour=7, tm_min=25, tm_sec=45, tm_wday=2, tm_yday=60, tm_isdst=-1)",2023-03-01,2023,3,60,1,25
2023-03-01 07:28:15,40.765465,-111.909706,1298.8,-9999.0,-9999.0,-9999.0,13.94,9.0,4.19,18.24,4.0,2.0,8.61,13.0,861.0,0.0,40.8,2.26,24.4,655.3,-9999.0,-9999.0,-9999.0,-9999.0,-9999.0,-9999.0,-9999.0,0.0,0,1,"time.struct_time(tm_year=2023, tm_mon=3, tm_mday=1, tm_hour=7, tm_min=28, tm_sec=15, tm_wday=2, tm_yday=60, tm_isdst=-1)",2023-03-01,2023,3,60,1,28
2023-03-01 07:30:45,40.765667,-111.909485,1293.2,-9999.0,-9999.0,-9999.0,13.94,9.04,3.94,19.97,1.0,2.0,8.72,13.0,860.8,0.0,34.6,2.28,24.4,656.0,-9999.0,-9999.0,-9999.0,-9999.0,-9999.0,-9999.0,-9999.0,0.0,0,1,"time.struct_time(tm_year=2023, tm_mon=3, tm_mday=1, tm_hour=7, tm_min=30, tm_sec=45, tm_wday=2, tm_yday=60, tm_isdst=-1)",2023-03-01,2023,3,60,1,30
2023-03-01 07:33:25,40.765568,-111.909119,1286.2,-9999.0,-9999.0,-9999.0,13.94,9.08,4.1,19.62,1.0,2.0,8.78,13.0,861.1,0.0,36.2,2.27,24.4,656.0,-9999.0,-9999.0,-9999.0,-9999.0,-9999.0,-9999.0,-9999.0,0.0,0,1,"time.struct_time(tm_year=2023, tm_mon=3, tm_mday=1, tm_hour=7, tm_min=33, tm_sec=25, tm_wday=2, tm_yday=60, tm_isdst=-1)",2023-03-01,2023,3,60,1,33
2023-03-01 07:35:55,40.765633,-111.909813,1286.9,-9999.0,-9999.0,-9999.0,13.94,9.12,4.36,22.26,14.0,2.0,8.78,14.0,860.9,0.0,30.4,2.28,24.3,655.1,-9999.0,-9999.0,-9999.0,-9999.0,-9999.0,-9999.0,-9999.0,0.0,0,1,"time.struct_time(tm_year=2023, tm_mon=3, tm_mday=1, tm_hour=7, tm_min=35, tm_sec=55, tm_wday=2, tm_yday=60, tm_isdst=-1)",2023-03-01,2023,3,60,1,35
2023-03-01 07:38:25,40.765663,-111.909813,1287.2,-9999.0,-9999.0,-9999.0,13.94,9.21,5.72,18.99,4.0,2.0,9.11,15.0,861.0,0.0,29.3,2.28,24.3,655.8,-9999.0,-9999.0,-9999.0,-9999.0,-9999.0,-9999.0,-9999.0,0.0,0,1,"time.struct_time(tm_year=2023, tm_mon=3, tm_mday=1, tm_hour=7, tm_min=38, tm_sec=25, tm_wday=2, tm_yday=60, tm_isdst=-1)",2023-03-01,2023,3,60,1,38
2023-03-01 07:41:05,40.765594,-111.908836,1287.6,-9999.0,-9999.0,-9999.0,13.94,9.4,6.26,76.41,60.0,2.0,9.5,26.0,860.8,0.0,32.1,2.27,24.4,652.9,-9999.0,-9999.0,-9999.0,-9999.0,-9999.0,-9999.0,-9999.0,0.0,0,1,"time.struct_time(tm_year=2023, tm_mon=3, tm_mday=1, tm_hour=7, tm_min=41, tm_sec=5, tm_wday=2, tm_yday=60, tm_isdst=-1)",2023-03-01,2023,3,60,1,41
2023-03-01 07:43:35,40.765789,-111.909599,1295.6,-9999.0,-9999.0,-9999.0,13.94,9.59,5.08,66.37,6.0,2.0,9.61,28.0,861.0,0.0,34.0,2.27,24.4,654.1,-9999.0,-9999.0,-9999.0,-9999.0,-9999.0,-9999.0,-9999.0,0.0,0,1,"time.struct_time(tm_year=2023, tm_mon=3, tm_mday=1, tm_hour=7, tm_min=43, tm_sec=35, tm_wday=2, tm_yday=60, tm_isdst=-1)",2023-03-01,2023,3,60,1,43
2023-03-01 07:46:05,40.765862,-111.909492,1311.9,-9999.0,-9999.0,-9999.0,13.94,9.69,3.94,58.67,3.0,2.0,9.61,27.0,861.0,0.0,29.5,2.27,24.5,655.3,-9999.0,-9999.0,-9999.0,-9999.0,-9999.0,-9999.0,-9999.0,0.0,0,1,"time.struct_time(tm_year=2023, tm_mon=3, tm_mday=1, tm_hour=7, tm_min=46, tm_sec=5, tm_wday=2, tm_yday=60, tm_isdst=-1)",2023-03-01,2023,3,60,1,46
2023-03-01 07:49:50,40.76564,-111.909584,1296.1,-9999.0,-9999.0,-9999.0,13.94,9.75,3.03,51.51,2.0,2.0,9.5,26.0,860.8,0.0,36.1,2.27,24.5,655.6,-9999.0,-9999.0,-9999.0,-9999.0,-9999.0,-9999.0,-9999.0,0.0,0,1,"time.struct_time(tm_year=2023, tm_mon=3, tm_mday=1, tm_hour=7, tm_min=49, tm_sec=50, tm_wday=2, tm_yday=60, tm_isdst=-1)",2023-03-01,2023,3,60,1,49
2023-03-01 07:52:20,40.765759,-111.909447,1293.1,-9999.0,-9999.0,-9999.0,13.94,9.74,2.7,41.3,2.0,2.0,9.39,25.0,860.9,0.0,37.4,2.28,24.6,655.8,-9999.0,-9999.0,-9999.0,-9999.0,-9999.0,-9999.0,-9999.0,0.0,0,1,"time.struct_time(tm_year=2023, tm_mon=3, tm_mday=1, tm_hour=7, tm_min=52, tm_sec=20, tm_wday=2, tm_yday=60, tm_isdst=-1)",2023-03-01,2023,3,60,1,52
2023-03-01 07:54:50,40.765903,-111.909615,1297.6,-9999.0,-9999.0,-9999.0,13.94,9.72,2.54,41.24,1.0,2.0,9.28,26.0,860.8,0.0,38.3,2.28,24.6,655.7,-9999.0,-9999.0,-9999.0,-9999.0,-9999.0,-9999.0,-9999.0,0.0,0,1,"time.struct_time(tm_year=2023, tm_mon=3, tm_mday=1, tm_hour=7, tm_min=54, tm_sec=50, tm_wday=2, tm_yday=60, tm_isdst=-1)",2023-03-01,2023,3,60,1,54
2023-03-01 07:57:30,40.765739,-111.909706,1295.4,-9999.0,-9999.0,-9999.0,13.94,9.69,2.5,59.33,1.0,2.0,9.28,24.0,860.7,0.0,38.3,2.27,24.6,655.9,-9999.0,-9999.0,-9999.0,-9999.0,-9999.0,-9999.0,-9999.0,0.0,0,1,"time.struct_time(tm_year=2023, tm_mon=3, tm_mday=1, tm_hour=7, tm_min=57, tm_sec=30, tm_wday=2, tm_yday=60, tm_isdst=-1)",2023-03-01,2023,3,60,1,57
2023-03-01 08:00:00,40.765766,-111.909805,1293.2,-9999.0,-9999.0,-9999.0,13.94,9.66,2.5,38.2,1.0,2.0,9.22,24.0,860.9,0.0,40.9,2.28,24.6,655.9,-9999.0,-9999.0,-9999.0,-9999.0,-9999.0,-9999.0,-9999.0,0.0,0,1,"time.struct_time(tm_year=2023, tm_mon=3, tm_mday=1, tm_hour=8, tm_min=0, tm_sec=0, tm_wday=2, tm_yday=60, tm_isdst=-1)",2023-03-01,2023,3,60,1,0
2023-03-01 08:02:30,40.765778,-111.90979,1290.2,-9999.0,-9999.0,-9999.0,13.94,9.62,2.5,34.72,2.0,2.0,9.22,23.0,861.0,0.0,37.0,2.28,24.6,656.0,-9999.0,-9999.0,-9999.0,-9999.0,-9999.0,-9999.0,-9999.0,0.0,0,1,"time.struct_time(tm_year=2023, tm_mon=3, tm_mday=1, tm_hour=8, tm_min=2, tm_sec=30, tm_wday=2, tm_yday=60, tm_isdst=-1)",2023-03-01,2023,3,60,1,2
2023-03-01 08:05:00,40.765614,-111.909706,1288.9,-9999.0,-9999.0,-9999.0,13.94,9.59,2.5,35.11,1.0,2.0,9.11,24.0,860.8,0.0,37.7,2.28,24.6,656.0,-9999.0,-9999.0,-9999.0,-9999.0,-9999.0,-9999.0,-9999.0,0.0,0,1,"time.struct_time(tm_year=2023, tm_mon=3, tm_mday=1, tm_hour=8, tm_min=5, tm_sec=0, tm_wday=2, tm_yday=60, tm_isdst=-1)",2023-03-01,2023,3,60,1,5
2023-03-01 08:07:40,40.765602,-111.909782,1286.5,-9999.0,-9999.0,-9999.0,13.94,9.56,2.53,36.55,1.0,2.0,9.11,23.0,860.9,0.0,36.4,2.27,24.6,656.1,-9999.0,-9999.0,-9999.0,-9999.0,-9999.0,-9999.0,-9999.0,0.0,0,1,"time.struct_time(tm_year=2023, tm_mon=3, tm_mday=1, tm_hour=8, tm_min=7, tm_sec=40, tm_wday=2, tm_yday=60, tm_isdst=-1)",2023-03-01,2023,3,60,1,7
2023-03-01 08:10:10,40.765854,-111.909691,1280.4,-9999.0,-9999.0,-9999.0,13.94,9.53,2.65,36.23,2.0,2.0,9.11,22.0,860.8,0.0,34.2,2.28,24.6,656.1,-9999.0,-9999.0,-9999.0,-9999.0,-9999.0,-9999.0,-9999.0,0.0,0,1,"time.struct_time(tm_year=2023, tm_mon=3, tm_mday=1, tm_hour=8, tm_min=10, tm_sec=10, tm_wday=2, tm_yday=60, tm_isdst=-1)",2023-03-01,2023,3,60,1,10
2023-03-01 08:12:40,40.765694,-111.909554,1277.8,-9999.0,-9999.0,-9999.0,13.94,9.51,2.72,38.48,1.0,2.0,9.11,22.0,860.9,0.0,34.0,2.28,24.6,656.1,-9999.0,-9999.0,-9999.0,-9999.0,-9999.0,-9999.0,-9999.0,0.0,0,1,"time.struct_time(tm_year=2023, tm_mon=3, tm_mday=1, tm_hour=8, tm_min=12, tm_sec=40, tm_wday=2, tm_yday=60, tm_isdst=-1)",2023-03-01,2023,3,60,1,12
2023-03-01 08:19:55,40.765759,-111.909668,1277.9,-9999.0,-9999.0,-9999.0,13.94,9.47,2.99,37.06,1.0,2.0,9.0,21.0,861.1,0.0,35.7,2.28,24.5,655.5,-9999.0,-9999.0,-9999.0,-9999.0,-9999.0,-9999.0,-9999.0,0.0,0,1,"time.struct_time(tm_year=2023, tm_mon=3, tm_mday=1, tm_hour=8, tm_min=19, tm_sec=55, tm_wday=2, tm_yday=60, tm_isdst=-1)",2023-03-01,2023,3,60,1,19
2023-03-01 08:22:25,40.765652,-111.909821,1281.7,-9999.0,-9999.0,-9999.0,13.94,9.46,3.09,35.98,1.0,2.0,9.11,21.0,860.8,0.0,36.4,2.28,24.5,656.2,-9999.0,-9999.0,-9999.0,-9999.0,-9999.0,-9999.0,-9999.0,0.0,0,1,"time.struct_time(tm_year=2023, tm_mon=3, tm_mday=1, tm_hour=8, tm_min=22, tm_sec=25, tm_wday=2, tm_yday=60, tm_isdst=-1)",2023-03-01,2023,3,60,1,22
2023-03-01 08:25:05,40.765739,-111.909729,1278.9,-9999.0,-9999.0,-9999.0,13.94,9.46,3.21,45.18,1.0,2.0,9.11,21.0,860.8,0.0,38.3,2.28,24.5,656.1,-9999.0,-9999.0,-9999.0,-9999.0,-9999.0,-9999.0,-9999.0,0.0,0,1,"time.struct_time(tm_year=2023, tm_mon=3, tm_mday=1, tm_hour=8, tm_min=25, tm_sec=5, tm_wday=2, tm_yday=60, tm_isdst=-1)",2023-03-01,2023,3,60,1,25
2023-03-01 08:27:35,40.765675,-111.909691,1275.4,-9999.0,-9999.0,-9999.0,13.94,9.46,3.33,44.66,1.0,2.0,9.11,22.0,860.8,0.0,33.9,2.26,24.4,655.2,-9999.0,-9999.0,-9999.0,-9999.0,-9999.0,-9999.0,-9999.0,0.0,0,1,"time.struct_time(tm_year=2023, tm_mon=3, tm_mday=1, tm_hour=8, tm_min=27, tm_sec=35, tm_wday=2, tm_yday=60, tm_isdst=-1)",2023-03-01,2023,3,60,1,27
2023-03-01 08:30:05,40.765682,-111.909706,1276.6,-9999.0,-9999.0,-9999.0,13.94,9.47,3.41,35.87,1.0,2.0,9.11,22.0,861.1,0.0,37.4,2.29,24.4,656.2,-9999.0,-9999.0,-9999.0,-9999.0,-9999.0,-9999.0,-9999.0,0.0,0,1,"time.struct_time(tm_year=2023, tm_mon=3, tm_mday=1, tm_hour=8, tm_min=30, tm_sec=5, tm_wday=2, tm_yday=60, tm_isdst=-1)",2023-03-01,2023,3,60,1,30
2023-03-01 08:32:45,40.765678,-111.909721,1276.8,-9999.0,-9999.0,-9999.0,13.94,9.47,3.49,43.68,1.0,2.0,9.22,22.0,861.1,0.0,38.1,2.28,24.4,656.1,-9999.0,-9999.0,-9999.0,-9999.0,-9999.0,-9999.0,-9999.0,0.0,0,1,"time.struct_time(tm_year=2023, tm_mon=3, tm_mday=1, tm_hour=8, tm_min=32, tm_sec=45, tm_wday=2, tm_yday=60, tm_isdst=-1)",2023-03-01,2023,3,60,1,32
2023-03-01 08:35:15,40.765785,-111.909683,1276.6,-9999.0,-9999.0,-9999.0,13.94,9.47,3.54,57.27,1.0,2.0,9.22,22.0,860.8,0.0,34.1,2.29,24.4,655.3,-9999.0,-9999.0,-9999.0,-9999.0,-9999.0,-9999.0,-9999.0,0.0,0,1,"time.struct_time(tm_year=2023, tm_mon=3, tm_mday=1, tm_hour=8, tm_min=35, tm_sec=15, tm_wday=2, tm_yday=60, tm_isdst=-1)",2023-03-01,2023,3,60,1,35
2023-03-01 08:37:45,40.765594,-111.909645,1279.8,-9999.0,-9999.0,-9999.0,13.94,9.48,3.62,49.13,1.0,2.0,9.22,22.0,860.8,0.0,37.9,2.28,24.4,655.9,-9999.0,-9999.0,-9999.0,-9999.0,-9999.0,-9999.0,-9999.0,0.0,0,1,"time.struct_time(tm_year=2023, tm_mon=3, tm_mday=1, tm_hour=8, tm_min=37, tm_sec=45, tm_wday=2, tm_yday=60, tm_isdst=-1)",2023-03-01,2023,3,60,1,37
2023-03-01 08:40:25,40.765724,-111.909721,1280.8,-9999.0,-9999.0,-9999.0,13.94,9.49,3.67,42.5,1.0,2.0,9.22,22.0,861.0,0.0,37.9,2.27,24.4,656.0,-9999.0,-9999.0,-9999.0,-9999.0,-9999.0,-9999.0,-9999.0,0.0,0,1,"time.struct_time(tm_year=2023, tm_mon=3, tm_mday=1, tm_hour=8, tm_min=40, tm_sec=25, tm_wday=2, tm_yday=60, tm_isdst=-1)",2023-03-01,2023,3,60,1,40
2023-03-01 08:42:55,40.765709,-111.909805,1281.1,-9999.0,-9999.0,-9999.0,13.94,9.5,3.71,46.57,1.0,2.0,9.22,22.0,860.8,0.0,27.8,2.27,24.4,655.0,-9999.0,-9999.0,-9999.0,-9999.0,-9999.0,-9999.0,-9999.0,0.0,0,1,"time.struct_time(tm_year=2023, tm_mon=3, tm_mday=1, tm_hour=8, tm_min=42, tm_sec=55, tm_wday=2, tm_yday=60, tm_isdst=-1)",2023-03-01,2023,3,60,1,42
2023-03-01 08:45:25,40.765903,-111.909912,1283.4,-9999.0,-9999.0,-9999.0,13.94,9.51,3.77,38.12,1.0,2.0,9.28,23.0,860.6,0.0,34.9,2.27,24.3,655.9,-9999.0,-9999.0,-9999.0,-9999.0,-9999.0,-9999.0,-9999.0,0.0,0,1,"time.struct_time(tm_year=2023, tm_mon=3, tm_mday=1, tm_hour=8, tm_min=45, tm_sec=25, tm_wday=2, tm_yday=60, tm_isdst=-1)",2023-03-01,2023,3,60,1,45
2023-03-01 08:47:55,40.765671,-111.909691,1288.1,-9999.0,-9999.0,-9999.0,13.94,9.52,3.81,45.83,1.0,2.0,9.28,22.0,860.9,0.0,35.2,2.27,24.3,655.4,-9999.0,-9999.0,-9999.0,-9999.0,-9999.0,-9999.0,-9999.0,0.0,0,1,"time.struct_time(tm_year=2023, tm_mon=3, tm_mday=1, tm_hour=8, tm_min=47, tm_sec=55, tm_wday=2, tm_yday=60, tm_isdst=-1)",2023-03-01,2023,3,60,1,47
2023-03-01 08:51:30,40.766136,-111.910011,1285.5,-9999.0,-9999.0,-9999.0,13.94,9.53,3.78,41.14,1.0,2.0,9.28,22.0,860.6,0.0,39.1,2.28,24.3,655.1,-9999.0,-9999.0,-9999.0,-9999.0,-9999.0,-9999.0,-9999.0,0.0,0,1,"time.struct_time(tm_year=2023, tm_mon=3, tm_mday=1, tm_hour=8, tm_min=51, tm_sec=30, tm_wday=2, tm_yday=60, tm_isdst=-1)",2023-03-01,2023,3,60,1,51
2023-03-01 08:54:00,40.765854,-111.909866,1284.1,-9999.0,-9999.0,-9999.0,13.94,9.54,3.79,48.28,1.0,2.0,9.28,22.0,860.9,0.0,40.6,2.28,24.3,656.0,-9999.0,-9999.0,-9999.0,-9999.0,-9999.0,-9999.0,-9999.0,0.0,0,1,"time.struct_time(tm_year=2023, tm_mon=3, tm_mday=1, tm_hour=8, tm_min=54, tm_sec=0, tm_wday=2, tm_yday=60, tm_isdst=-1)",2023-03-01,2023,3,60,1,54
2023-03-01 08:56:30,40.7659,-111.909668,1285.6,-9999.0,-9999.0,-9999.0,13.94,9.55,3.83,41.97,1.0,2.0,9.39,22.0,860.8,0.0,33.3,2.27,24.3,655.2,-9999.0,-9999.0,-9999.0,-9999.0,-9999.0,-9999.0,-9999.0,0.0,0,1,"time.struct_time(tm_year=2023, tm_mon=3, tm_mday=1, tm_hour=8, tm_min=56, tm_sec=30, tm_wday=2, tm_yday=60, tm_isdst=-1)",2023-03-01,2023,3,60,1,56
2023-03-01 08:59:10,40.765869,-111.909752,1285.8,-9999.0,-9999.0,-9999.0,13.94,9.56,3.9,39.64,1.0,2.0,9.39,22.0,860.9,0.0,36.6,2.27,24.3,655.2,-9999.0,-9999.0,-9999.0,-9999.0,-9999.0,-9999.0,-9999.0,0.0,0,1,"time.struct_time(tm_year=2023, tm_mon=3, tm_mday=1, tm_hour=8, tm_min=59, tm_sec=10, tm_wday=2, tm_yday=60, tm_isdst=-1)",2023-03-01,2023,3,60,1,59
2023-03-01 09:01:40,40.765793,-111.909378,1284.7,-9999.0,-9999.0,-9999.0,13.94,9.56,3.96,42.47,0.0,2.0,9.39,22.0,860.8,0.0,38.2,2.26,24.3,655.9,-9999.0,-9999.0,-9999.0,-9999.0,-9999.0,-9999.0,-9999.0,0.0,0,1,"time.struct_time(tm_year=2023, tm_mon=3, tm_mday=1, tm_hour=9, tm_min=1, tm_sec=40, tm_wday=2, tm_yday=60, tm_isdst=-1)",2023-03-01,2023,3,60,1,1
2023-03-01 09:04:10,40.765678,-111.909538,1283.4,-9999.0,-9999.0,-9999.0,13.94,9.57,4.01,43.3,1.0,2.0,9.39,22.0,860.6,0.0,36.7,2.26,24.3,654.8,-9999.0,-9999.0,-9999.0,-9999.0,-9999.0,-9999.0,-9999.0,0.0,0,1,"time.struct_time(tm_year=2023, tm_mon=3, tm_mday=1, tm_hour=9, tm_min=4, tm_sec=10, tm_wday=2, tm_yday=60, tm_isdst=-1)",2023-03-01,2023,3,60,1,4
2023-03-01 09:10:00,40.76577,-111.909698,1285.0,-9999.0,-9999.0,-9999.0,13.94,9.59,4.1,44.95,1.0,2.0,9.5,22.0,860.5,0.0,36.2,2.26,24.3,655.9,-9999.0,-9999.0,-9999.0,-9999.0,-9999.0,-9999.0,-9999.0,0.0,0,1,"time.struct_time(tm_year=2023, tm_mon=3, tm_mday=1, tm_hour=9, tm_min=10, tm_sec=0, tm_wday=2, tm_yday=60, tm_isdst=-1)",2023-03-01,2023,3,60,1,10
2023-03-01 09:12:30,40.765663,-111.909729,1283.0,-9999.0,-9999.0,-9999.0,13.94,9.59,4.12,36.74,1.0,2.0,9.5,22.0,860.4,0.0,37.3,2.28,24.3,655.0,-9999.0,-9999.0,-9999.0,-9999.0,-9999.0,-9999.0,-9999.0,0.0,0,1,"time.struct_time(tm_year=2023, tm_mon=3, tm_mday=1, tm_hour=9, tm_min=12, tm_sec=30, tm_wday=2, tm_yday=60, tm_isdst=-1)",2023-03-01,2023,3,60,1,12
2023-03-01 09:19:45,40.765682,-111.909691,1281.2,-9999.0,-9999.0,-9999.0,13.94,9.6,4.02,38.81,1.0,2.0,9.61,22.0,860.7,0.0,33.8,2.26,24.3,655.8,-9999.0,-9999.0,-9999.0,-9999.0,-9999.0,-9999.0,-9999.0,0.0,0,1,"time.struct_time(tm_year=2023, tm_mon=3, tm_mday=1, tm_hour=9, tm_min=19, tm_sec=45, tm_wday=2, tm_yday=60, tm_isdst=-1)",2023-03-01,2023,3,60,1,19
2023-03-01 09:22:15,40.765678,-111.909683,1282.0,-9999.0,-9999.0,-9999.0,13.94,9.61,4.04,37.11,1.0,2.0,9.61,21.0,860.6,0.0,41.2,2.27,24.3,655.2,-9999.0,-9999.0,-9999.0,-9999.0,-9999.0,-9999.0,-9999.0,0.0,0,1,"time.struct_time(tm_year=2023, tm_mon=3, tm_mday=1, tm_hour=9, tm_min=22, tm_sec=15, tm_wday=2, tm_yday=60, tm_isdst=-1)",2023-03-01,2023,3,60,1,22
2023-03-01 09:24:55,40.765678,-111.909668,1282.4,-9999.0,-9999.0,-9999.0,13.94,9.61,4.04,38.51,1.0,2.0,9.61,21.0,860.7,0.0,35.6,2.27,24.3,655.0,-9999.0,-9999.0,-9999.0,-9999.0,-9999.0,-9999.0,-9999.0,0.0,0,1,"time.struct_time(tm_year=2023, tm_mon=3, tm_mday=1, tm_hour=9, tm_min=24, tm_sec=55, tm_wday=2, tm_yday=60, tm_isdst=-1)",2023-03-01,2023,3,60,1,24
2023-03-01 09:27:25,40.765667,-111.909676,1282.3,-9999.0,-9999.0,-9999.0,13.94,9.6,3.96,41.44,1.0,2.0,9.61,21.0,860.4,0.0,35.5,2.27,24.3,655.7,-9999.0,-9999.0,-9999.0,-9999.0,-9999.0,-9999.0,-9999.0,0.0,0,1,"time.struct_time(tm_year=2023, tm_mon=3, tm_mday=1, tm_hour=9, tm_min=27, tm_sec=25, tm_wday=2, tm_yday=60, tm_isdst=-1)",2023-03-01,2023,3,60,1,27
2023-03-01 09:29:55,40.765656,-111.909653,1282.3,-9999.0,-9999.0,-9999.0,13.94,9.6,3.94,45.08,1.0,2.0,9.61,21.0,860.2,0.0,34.7,2.27,24.3,654.9,-9999.0,-9999.0,-9999.0,-9999.0,-9999.0,-9999.0,-9999.0,0.0,0,1,"time.struct_time(tm_year=2023, tm_mon=3, tm_mday=1, tm_hour=9, tm_min=29, tm_sec=55, tm_wday=2, tm_yday=60, tm_isdst=-1)",2023-03-01,2023,3,60,1,29
2023-03-01 09:32:35,40.765644,-111.909653,1283.1,-9999.0,-9999.0,-9999.0,13.94,9.6,3.88,42.99,1.0,2.0,9.61,21.0,860.3,0.0,39.1,2.28,24.3,655.0,-9999.0,-9999.0,-9999.0,-9999.0,-9999.0,-9999.0,-9999.0,0.0,0,1,"time.struct_time(tm_year=2023, tm_mon=3, tm_mday=1, tm_hour=9, tm_min=32, tm_sec=35, tm_wday=2, tm_yday=60, tm_isdst=-1)",2023-03-01,2023,3,60,1,32
2023-03-01 09:35:05,40.765648,-111.909668,1284.4,-9999.0,-9999.0,-9999.0,13.94,9.59,3.88,39.07,0.0,2.0,9.61,21.0,860.3,0.0,44.7,2.27,24.3,655.7,-9999.0,-9999.0,-9999.0,-9999.0,-9999.0,-9999.0,-9999.0,0.0,0,1,"time.struct_time(tm_year=2023, tm_mon=3, tm_mday=1, tm_hour=9, tm_min=35, tm_sec=5, tm_wday=2, tm_yday=60, tm_isdst=-1)",2023-03-01,2023,3,60,1,35
2023-03-01 09:37:35,40.765652,-111.909676,1285.1,-9999.0,-9999.0,-9999.0,13.94,9.58,3.82,40.61,1.0,2.0,9.61,21.0,860.5,0.0,41.3,2.26,24.3,654.9,-9999.0,-9999.0,-9999.0,-9999.0,-9999.0,-9999.0,-9999.0,0.0,0,1,"time.struct_time(tm_year=2023, tm_mon=3, tm_mday=1, tm_hour=9, tm_min=37, tm_sec=35, tm_wday=2, tm_yday=60, tm_isdst=-1)",2023-03-01,2023,3,60,1,37
2023-03-01 09:40:15,40.765526,-111.90947,1289.2,-9999.0,-9999.0,-9999.0,13.94,9.57,3.78,38.03,1.0,2.0,9.61,21.0,860.2,0.0,40.8,2.27,24.3,655.0,-9999.0,-9999.0,-9999.0,-9999.0,-9999.0,-9999.0,-9999.0,0.0,0,1,"time.struct_time(tm_year=2023, tm_mon=3, tm_mday=1, tm_hour=9, tm_min=40, tm_sec=15, tm_wday=2, tm_yday=60, tm_isdst=-1)",2023-03-01,2023,3,60,1,40
2023-03-01 09:42:45,40.765621,-111.90963,1286.4,-9999.0,-9999.0,-9999.0,13.94,9.57,3.76,39.75,1.0,2.0,9.61,21.0,860.4,0.0,41.3,2.29,24.3,655.7,-9999.0,-9999.0,-9999.0,-9999.0,-9999.0,-9999.0,-9999.0,0.0,0,1,"time.struct_time(tm_year=2023, tm_mon=3, tm_mday=1, tm_hour=9, tm_min=42, tm_sec=45, tm_wday=2, tm_yday=60, tm_isdst=-1)",2023-03-01,2023,3,60,1,42
2023-03-01 09:45:15,40.765553,-111.909843,1292.4,-9999.0,-9999.0,-9999.0,13.94,9.56,3.74,39.97,1.0,2.0,9.61,21.0,860.3,0.0,45.1,2.27,24.3,654.9,-9999.0,-9999.0,-9999.0,-9999.0,-9999.0,-9999.0,-9999.0,0.0,0,1,"time.struct_time(tm_year=2023, tm_mon=3, tm_mday=1, tm_hour=9, tm_min=45, tm_sec=15, tm_wday=2, tm_yday=60, tm_isdst=-1)",2023-03-01,2023,3,60,1,45
2023-03-01 09:47:45,40.76561,-111.909538,1284.7,-9999.0,-9999.0,-9999.0,13.94,9.55,3.73,38.14,1.0,2.0,9.61,21.0,860.2,0.0,38.7,2.27,24.3,655.7,-9999.0,-9999.0,-9999.0,-9999.0,-9999.0,-9999.0,-9999.0,0.0,0,1,"time.struct_time(tm_year=2023, tm_mon=3, tm_mday=1, tm_hour=9, tm_min=47, tm_sec=45, tm_wday=2, tm_yday=60, tm_isdst=-1)",2023-03-01,2023,3,60,1,47
2023-03-01 09:51:30,40.76561,-111.909683,1279.6,-9999.0,-9999.0,-9999.0,13.94,9.54,3.73,40.8,1.0,2.0,9.61,21.0,860.4,0.0,36.0,2.26,24.3,654.7,-9999.0,-9999.0,-9999.0,-9999.0,-9999.0,-9999.0,-9999.0,0.0,0,1,"time.struct_time(tm_year=2023, tm_mon=3, tm_mday=1, tm_hour=9, tm_min=51, tm_sec=30, tm_wday=2, tm_yday=60, tm_isdst=-1)",2023-03-01,2023,3,60,1,51
2023-03-01 09:54:00,40.765522,-111.909767,1278.1,-9999.0,-9999.0,-9999.0,13.94,9.53,3.78,40.3,2.0,2.0,9.61,21.0,860.1,0.0,38.4,2.26,24.3,655.6,-9999.0,-9999.0,-9999.0,-9999.0,-9999.0,-9999.0,-9999.0,0.0,0,1,"time.struct_time(tm_year=2023, tm_mon=3, tm_mday=1, tm_hour=9, tm_min=54, tm_sec=0, tm_wday=2, tm_yday=60, tm_isdst=-1)",2023-03-01,2023,3,60,1,54
2023-03-01 09:56:30,40.765675,-111.909637,1279.5,-9999.0,-9999.0,-9999.0,13.94,9.52,3.8,39.85,2.0,2.0,9.61,21.0,860.2,0.0,35.9,2.28,24.3,654.6,-9999.0,-9999.0,-9999.0,-9999.0,-9999.0,-9999.0,-9999.0,0.0,0,1,"time.struct_time(tm_year=2023, tm_mon=3, tm_mday=1, tm_hour=9, tm_min=56, tm_sec=30, tm_wday=2, tm_yday=60, tm_isdst=-1)",2023-03-01,2023,3,60,1,56
2023-03-01 09:59:10,40.766006,-111.909637,1281.3,-9999.0,-9999.0,-9999.0,13.94,9.52,3.82,41.65,1.0,2.0,9.61,21.0,859.9,0.0,35.2,2.29,24.3,654.6,-9999.0,-9999.0,-9999.0,-9999.0,-9999.0,-9999.0,-9999.0,0.0,0,1,"time.struct_time(tm_year=2023, tm_mon=3, tm_mday=1, tm_hour=9, tm_min=59, tm_sec=10, tm_wday=2, tm_yday=60, tm_isdst=-1)",2023-03-01,2023,3,60,1,59
2023-03-01 10:01:40,40.765842,-111.909546,1280.9,-9999.0,-9999.0,-9999.0,13.94,9.51,3.8,40.05,1.0,2.0,9.61,22.0,859.9,0.0,41.0,2.26,24.3,655.3,-9999.0,-9999.0,-9999.0,-9999.0,-9999.0,-9999.0,-9999.0,0.0,0,1,"time.struct_time(tm_year=2023, tm_mon=3, tm_mday=1, tm_hour=10, tm_min=1, tm_sec=40, tm_wday=2, tm_yday=60, tm_isdst=-1)",2023-03-01,2023,3,60,1,1
2023-03-01 10:04:10,40.766033,-111.909622,1281.8,-9999.0,-9999.0,-9999.0,13.94,9.51,3.82,41.8,1.0,2.0,9.61,22.0,860.1,0.0,36.1,2.27,24.3,654.4,-9999.0,-9999.0,-9999.0,-9999.0,-9999.0,-9999.0,-9999.0,0.0,0,1,"time.struct_time(tm_year=2023, tm_mon=3, tm_mday=1, tm_hour=10, tm_min=4, tm_sec=10, tm_wday=2, tm_yday=60, tm_isdst=-1)",2023-03-01,2023,3,60,1,4
2023-03-01 10:10:00,40.765636,-111.909569,1280.4,-9999.0,-9999.0,-9999.0,13.94,9.51,3.8,38.92,1.0,2.0,9.61,21.0,859.9,0.0,34.6,2.28,24.3,655.4,-9999.0,-9999.0,-9999.0,-9999.0,-9999.0,-9999.0,-9999.0,0.0,0,1,"time.struct_time(tm_year=2023, tm_mon=3, tm_mday=1, tm_hour=10, tm_min=10, tm_sec=0, tm_wday=2, tm_yday=60, tm_isdst=-1)",2023-03-01,2023,3,60,1,10
2023-03-01 10:12:30,40.765453,-111.909569,1280.8,-9999.0,-9999.0,-9999.0,13.94,9.51,3.8,42.06,0.0,2.0,9.72,21.0,860.0,0.0,37.8,2.29,24.3,654.4,-9999.0,-9999.0,-9999.0,-9999.0,-9999.0,-9999.0,-9999.0,0.0,0,1,"time.struct_time(tm_year=2023, tm_mon=3, tm_mday=1, tm_hour=10, tm_min=12, tm_sec=30, tm_wday=2, tm_yday=60, tm_isdst=-1)",2023-03-01,2023,3,60,1,12
2023-03-01 10:15:10,40.765759,-111.909821,1277.2,-9999.0,-9999.0,-9999.0,13.94,9.51,3.84,39.57,1.0,2.0,9.72,22.0,859.8,0.0,36.6,2.28,24.2,654.5,-9999.0,-9999.0,-9999.0,-9999.0,-9999.0,-9999.0,-9999.0,0.0,0,1,"time.struct_time(tm_year=2023, tm_mon=3, tm_mday=1, tm_hour=10, tm_min=15, tm_sec=10, tm_wday=2, tm_yday=60, tm_isdst=-1)",2023-03-01,2023,3,60,1,15
2023-03-01 10:17:40,40.765732,-111.909431,1266.4,-9999.0,-9999.0,-9999.0,13.94,9.51,3.84,38.54,1.0,2.0,9.61,21.0,859.9,0.0,38.3,2.28,24.2,655.3,-9999.0,-9999.0,-9999.0,-9999.0,-9999.0,-9999.0,-9999.0,0.0,0,1,"time.struct_time(tm_year=2023, tm_mon=3, tm_mday=1, tm_hour=10, tm_min=17, tm_sec=40, tm_wday=2, tm_yday=60, tm_isdst=-1)",2023-03-01,2023,3,60,1,17
2023-03-01 10:20:10,40.765633,-111.909698,1246.7,-9999.0,-9999.0,-9999.0,13.94,9.5,3.87,38.09,1.0,2.0,9.61,21.0,859.9,0.0,39.2,2.27,24.2,654.5,-9999.0,-9999.0,-9999.0,-9999.0,-9999.0,-9999.0,-9999.0,0.0,0,1,"time.struct_time(tm_year=2023, tm_mon=3, tm_mday=1, tm_hour=10, tm_min=20, tm_sec=10, tm_wday=2, tm_yday=60, tm_isdst=-1)",2023-03-01,2023,3,60,1,20
2023-03-01 10:22:50,40.765659,-111.909836,1253.4,-9999.0,-9999.0,-9999.0,13.94,9.49,3.9,40.85,1.0,2.0,9.72,21.0,859.7,0.0,37.4,2.27,24.2,654.5,-9999.0,-9999.0,-9999.0,-9999.0,-9999.0,-9999.0,-9999.0,0.0,0,1,"time.struct_time(tm_year=2023, tm_mon=3, tm_mday=1, tm_hour=10, tm_min=22, tm_sec=50, tm_wday=2, tm_yday=60, tm_isdst=-1)",2023-03-01,2023,3,60,1,22
2023-03-01 10:25:20,40.765663,-111.909821,1254.8,-9999.0,-9999.0,-9999.0,13.94,9.49,3.94,38.65,1.0,2.0,9.61,21.0,859.6,0.0,41.0,2.27,24.2,655.2,-9999.0,-9999.0,-9999.0,-9999.0,-9999.0,-9999.0,-9999.0,0.0,0,1,"time.struct_time(tm_year=2023, tm_mon=3, tm_mday=1, tm_hour=10, tm_min=25, tm_sec=20, tm_wday=2, tm_yday=60, tm_isdst=-1)",2023-03-01,2023,3,60,1,25
2023-03-01 10:27:50,40.765663,-111.909813,1255.9,-9999.0,-9999.0,-9999.0,13.94,9.48,3.92,37.29,1.0,2.0,9.61,21.0,859.6,0.0,37.5,2.28,24.2,654.4,-9999.0,-9999.0,-9999.0,-9999.0,-9999.0,-9999.0,-9999.0,0.0,0,1,"time.struct_time(tm_year=2023, tm_mon=3, tm_mday=1, tm_hour=10, tm_min=27, tm_sec=50, tm_wday=2, tm_yday=60, tm_isdst=-1)",2023-03-01,2023,3,60,1,27
2023-03-01 10:30:20,40.765656,-111.90979,1256.2,-9999.0,-9999.0,-9999.0,13.94,9.48,3.94,37.54,1.0,2.0,9.61,21.0,859.7,0.0,25.1,2.27,24.2,655.1,-9999.0,-9999.0,-9999.0,-9999.0,-9999.0,-9999.0,-9999.0,0.0,0,1,"time.struct_time(tm_year=2023, tm_mon=3, tm_mday=1, tm_hour=10, tm_min=30, tm_sec=20, tm_wday=2, tm_yday=60, tm_isdst=-1)",2023-03-01,2023,3,60,1,30
2023-03-01 10:33:00,40.765644,-111.909775,1256.2,-9999.0,-9999.0,-9999.0,13.94,9.48,3.88,37.12,1.0,2.0,9.72,21.0,859.6,0.0,42.0,2.27,24.2,655.0,-9999.0,-9999.0,-9999.0,-9999.0,-9999.0,-9999.0,-9999.0,0.0,0,1,"time.struct_time(tm_year=2023, tm_mon=3, tm_mday=1, tm_hour=10, tm_min=33, tm_sec=0, tm_wday=2, tm_yday=60, tm_isdst=-1)",2023-03-01,2023,3,60,1,33
2023-03-01 10:35:30,40.765648,-111.909767,1255.6,-9999.0,-9999.0,-9999.0,13.94,9.48,3.72,40.77,1.0,2.0,9.72,21.0,859.5,0.0,41.4,2.28,24.2,654.3,-9999.0,-9999.0,-9999.0,-9999.0,-9999.0,-9999.0,-9999.0,0.0,0,1,"time.struct_time(tm_year=2023, tm_mon=3, tm_mday=1, tm_hour=10, tm_min=35, tm_sec=30, tm_wday=2, tm_yday=60, tm_isdst=-1)",2023-03-01,2023,3,60,1,35
2023-03-01 10:38:00,40.765663,-111.90976,1255.9,-9999.0,-9999.0,-9999.0,13.94,9.47,3.62,38.54,1.0,2.0,9.72,21.0,859.6,0.0,31.3,2.26,24.2,655.0,-9999.0,-9999.0,-9999.0,-9999.0,-9999.0,-9999.0,-9999.0,0.0,0,1,"time.struct_time(tm_year=2023, tm_mon=3, tm_mday=1, tm_hour=10, tm_min=38, tm_sec=0, tm_wday=2, tm_yday=60, tm_isdst=-1)",2023-03-01,2023,3,60,1,38
2023-03-01 10:40:40,40.765644,-111.909744,1255.2,-9999.0,-9999.0,-9999.0,13.94,9.46,3.49,39.19,1.0,2.0,9.61,21.0,859.3,0.0,41.8,2.27,24.2,655.1,-9999.0,-9999.0,-9999.0,-9999.0,-9999.0,-9999.0,-9999.0,0.0,0,1,"time.struct_time(tm_year=2023, tm_mon=3, tm_mday=1, tm_hour=10, tm_min=40, tm_sec=40, tm_wday=2, tm_yday=60, tm_isdst=-1)",2023-03-01,2023,3,60,1,40
2023-03-01 10:43:10,40.765648,-111.909737,1256.3,-9999.0,-9999.0,-9999.0,13.94,9.45,3.42,39.21,1.0,2.0,9.61,21.0,859.4,0.0,37.6,2.26,24.2,654.3,-9999.0,-9999.0,-9999.0,-9999.0,-9999.0,-9999.0,-9999.0,0.0,0,1,"time.struct_time(tm_year=2023, tm_mon=3, tm_mday=1, tm_hour=10, tm_min=43, tm_sec=10, tm_wday=2, tm_yday=60, tm_isdst=-1)",2023-03-01,2023,3,60,1,43
2023-03-01 10:45:40,40.765656,-111.909737,1257.6,-9999.0,-9999.0,-9999.0,13.94,9.44,3.33,39.93,1.0,2.0,9.61,21.0,859.3,0.0,35.4,2.28,24.2,655.0,-9999.0,-9999.0,-9999.0,-9999.0,-9999.0,-9999.0,-9999.0,0.0,0,1,"time.struct_time(tm_year=2023, tm_mon=3, tm_mday=1, tm_hour=10, tm_min=45, tm_sec=40, tm_wday=2, tm_yday=60, tm_isdst=-1)",2023-03-01,2023,3,60,1,45
2023-03-01 10:48:10,40.765656,-111.909729,1258.9,-9999.0,-9999.0,-9999.0,13.94,9.42,3.3,41.08,1.0,2.0,9.72,21.0,859.5,0.0,9.9,2.27,24.2,654.3,-9999.0,-9999.0,-9999.0,-9999.0,-9999.0,-9999.0,-9999.0,0.0,0,1,"time.struct_time(tm_year=2023, tm_mon=3, tm_mday=1, tm_hour=10, tm_min=48, tm_sec=10, tm_wday=2, tm_yday=60, tm_isdst=-1)",2023-03-01,2023,3,60,1,48
2023-03-01 10:51:55,40.765667,-111.909721,1261.4,-9999.0,-9999.0,-9999.0,13.94,9.41,3.33,41.65,1.0,2.0,9.61,22.0,859.5,0.0,11.1,2.27,24.2,654.2,-9999.0,-9999.0,-9999.0,-9999.0,-9999.0,-9999.0,-9999.0,0.0,0,1,"time.struct_time(tm_year=2023, tm_mon=3, tm_mday=1, tm_hour=10, tm_min=51, tm_sec=55, tm_wday=2, tm_yday=60, tm_isdst=-1)",2023-03-01,2023,3,60,1,51
2023-03-01 10:54:25,40.765652,-111.909729,1262.6,-9999.0,-9999.0,-9999.0,13.94,9.4,3.4,42.95,1.0,2.0,9.61,22.0,859.4,0.0,15.9,2.26,24.2,654.9,-9999.0,-9999.0,-9999.0,-9999.0,-9999.0,-9999.0,-9999.0,0.0,0,1,"time.struct_time(tm_year=2023, tm_mon=3, tm_mday=1, tm_hour=10, tm_min=54, tm_sec=25, tm_wday=2, tm_yday=60, tm_isdst=-1)",2023-03-01,2023,3,60,1,54
2023-03-01 10:58:50,40.765663,-111.909737,1263.8,-9999.0,-9999.0,-9999.0,13.94,9.38,3.48,40.39,2.0,2.0,9.61,22.0,859.2,0.0,8.3,2.26,24.2,654.0,-9999.0,-9999.0,-9999.0,-9999.0,-9999.0,-9999.0,-9999.0,0.0,0,1,"time.struct_time(tm_year=2023, tm_mon=3, tm_mday=1, tm_hour=10, tm_min=58, tm_sec=50, tm_wday=2, tm_yday=60, tm_isdst=-1)",2023-03-01,2023,3,60,1,58
2023-03-01 11:01:20,40.765675,-111.909744,1264.7,-9999.0,-9999.0,-9999.0,13.94,9.37,3.54,38.9,1.0,2.0,9.61,21.0,859.4,0.0,21.4,2.27,24.2,654.8,-9999.0,-9999.0,-9999.0,-9999.0,-9999.0,-9999.0,-9999.0,0.0,0,1,"time.struct_time(tm_year=2023, tm_mon=3, tm_mday=1, tm_hour=11, tm_min=1, tm_sec=20, tm_wday=2, tm_yday=60, tm_isdst=-1)",2023-03-01,2023,3,60,1,1
2023-03-01 11:03:50,40.765686,-111.909744,1264.6,-9999.0,-9999.0,-9999.0,13.94,9.36,3.54,38.17,3.0,2.0,9.61,21.0,859.1,0.0,28.9,2.27,24.2,654.1,-9999.0,-9999.0,-9999.0,-9999.0,-9999.0,-9999.0,-9999.0,0.0,0,1,"time.struct_time(tm_year=2023, tm_mon=3, tm_mday=1, tm_hour=11, tm_min=3, tm_sec=50, tm_wday=2, tm_yday=60, tm_isdst=-1)",2023-03-01,2023,3,60,1,3
2023-03-01 11:09:40,40.765697,-111.909737,1268.2,-9999.0,-9999.0,-9999.0,13.94,9.33,3.55,38.8,1.0,2.0,9.61,21.0,859.0,0.0,27.8,2.26,24.1,654.8,-9999.0,-9999.0,-9999.0,-9999.0,-9999.0,-9999.0,-9999.0,0.0,0,1,"time.struct_time(tm_year=2023, tm_mon=3, tm_mday=1, tm_hour=11, tm_min=9, tm_sec=40, tm_wday=2, tm_yday=60, tm_isdst=-1)",2023-03-01,2023,3,60,1,9
2023-03-01 11:12:10,40.765701,-111.909714,1268.9,-9999.0,-9999.0,-9999.0,13.94,9.32,3.51,40.83,2.0,2.0,9.61,21.0,859.3,0.0,30.6,2.28,24.1,653.8,-9999.0,-9999.0,-9999.0,-9999.0,-9999.0,-9999.0,-9999.0,0.0,0,1,"time.struct_time(tm_year=2023, tm_mon=3, tm_mday=1, tm_hour=11, tm_min=12, tm_sec=10, tm_wday=2, tm_yday=60, tm_isdst=-1)",2023-03-01,2023,3,60,1,12
2023-03-01 11:14:50,40.765694,-111.909698,1270.2,-9999.0,-9999.0,-9999.0,13.94,9.31,3.43,42.15,1.0,2.0,9.61,22.0,859.0,0.0,25.0,2.28,24.1,653.9,-9999.0,-9999.0,-9999.0,-9999.0,-9999.0,-9999.0,-9999.0,0.0,0,1,"time.struct_time(tm_year=2023, tm_mon=3, tm_mday=1, tm_hour=11, tm_min=14, tm_sec=50, tm_wday=2, tm_yday=60, tm_isdst=-1)",2023-03-01,2023,3,60,1,14
2023-03-01 11:17:20,40.765709,-111.909706,1271.0,-9999.0,-9999.0,-9999.0,13.94,9.3,3.39,38.17,2.0,2.0,9.5,21.0,859.0,0.0,18.3,2.26,24.1,654.7,-9999.0,-9999.0,-9999.0,-9999.0,-9999.0,-9999.0,-9999.0,0.0,0,1,"time.struct_time(tm_year=2023, tm_mon=3, tm_mday=1, tm_hour=11, tm_min=17, tm_sec=20, tm_wday=2, tm_yday=60, tm_isdst=-1)",2023-03-01,2023,3,60,1,17
2023-03-01 11:19:50,40.765724,-111.909698,1271.6,-9999.0,-9999.0,-9999.0,13.94,9.29,3.39,41.3,2.0,2.0,9.61,21.0,858.9,0.0,31.5,2.28,24.1,654.1,-9999.0,-9999.0,-9999.0,-9999.0,-9999.0,-9999.0,-9999.0,0.0,0,1,"time.struct_time(tm_year=2023, tm_mon=3, tm_mday=1, tm_hour=11, tm_min=19, tm_sec=50, tm_wday=2, tm_yday=60, tm_isdst=-1)",2023-03-01,2023,3,60,1,19
2023-03-01 11:22:20,40.76572,-111.909706,1273.6,-9999.0,-9999.0,-9999.0,13.94,9.27,3.45,39.31,2.0,2.0,9.5,21.0,859.0,0.0,27.1,2.29,24.1,654.7,-9999.0,-9999.0,-9999.0,-9999.0,-9999.0,-9999.0,-9999.0,0.0,0,1,"time.struct_time(tm_year=2023, tm_mon=3, tm_mday=1, tm_hour=11, tm_min=22, tm_sec=20, tm_wday=2, tm_yday=60, tm_isdst=-1)",2023-03-01,2023,3,60,1,22
2023-03-01 11:25:00,40.765724,-111.909706,1273.9,-9999.0,-9999.0,-9999.0,13.94,9.26,3.53,38.91,2.0,2.0,9.5,21.0,859.0,0.0,20.7,2.27,24.1,654.7,-9999.0,-9999.0,-9999.0,-9999.0,-9999.0,-9999.0,-9999.0,0.0,0,1,"time.struct_time(tm_year=2023, tm_mon=3, tm_mday=1, tm_hour=11, tm_min=25, tm_sec=0, tm_wday=2, tm_yday=60, tm_isdst=-1)",2023-03-01,2023,3,60,1,25
2023-03-01 11:27:30,40.765728,-111.909698,1275.1,-9999.0,-9999.0,-9999.0,13.94,9.24,3.53,37.79,1.0,2.0,9.5,21.0,858.9,0.0,19.1,2.26,24.1,654.0,-9999.0,-9999.0,-9999.0,-9999.0,-9999.0,-9999.0,-9999.0,0.0,0,1,"time.struct_time(tm_year=2023, tm_mon=3, tm_mday=1, tm_hour=11, tm_min=27, tm_sec=30, tm_wday=2, tm_yday=60, tm_isdst=-1)",2023-03-01,2023,3,60,1,27
2023-03-01 11:30:00,40.765728,-111.909691,1276.4,-9999.0,-9999.0,-9999.0,13.94,9.24,3.55,37.33,1.0,2.0,9.5,21.0,858.9,0.0,38.9,2.27,24.1,654.8,-9999.0,-9999.0,-9999.0,-9999.0,-9999.0,-9999.0,-9999.0,0.0,0,1,"time.struct_time(tm_year=2023, tm_mon=3, tm_mday=1, tm_hour=11, tm_min=30, tm_sec=0, tm_wday=2, tm_yday=60, tm_isdst=-1)",2023-03-01,2023,3,60,1,30
2023-03-01 11:32:40,40.765732,-111.909683,1276.6,-9999.0,-9999.0,-9999.0,13.94,9.23,3.57,37.77,1.0,2.0,9.5,21.0,858.9,0.0,21.4,2.28,24.1,654.7,-9999.0,-9999.0,-9999.0,-9999.0,-9999.0,-9999.0,-9999.0,0.0,0,1,"time.struct_time(tm_year=2023, tm_mon=3, tm_mday=1, tm_hour=11, tm_min=32, tm_sec=40, tm_wday=2, tm_yday=60, tm_isdst=-1)",2023-03-01,2023,3,60,1,32
2023-03-01 11:35:10,40.765732,-111.909691,1277.3,-9999.0,-9999.0,-9999.0,13.94,9.22,3.53,37.82,2.0,2.0,9.5,21.0,858.9,0.0,31.2,2.26,24.0,653.7,-9999.0,-9999.0,-9999.0,-9999.0,-9999.0,-9999.0,-9999.0,0.0,0,1,"time.struct_time(tm_year=2023, tm_mon=3, tm_mday=1, tm_hour=11, tm_min=35, tm_sec=10, tm_wday=2, tm_yday=60, tm_isdst=-1)",2023-03-01,2023,3,60,1,35
2023-03-01 11:37:40,40.765736,-111.909714,1278.3,-9999.0,-9999.0,-9999.0,13.94,9.21,3.53,38.27,1.0,2.0,9.5,21.0,859.0,0.0,30.4,2.29,24.0,654.6,-9999.0,-9999.0,-9999.0,-9999.0,-9999.0,-9999.0,-9999.0,0.0,0,1,"time.struct_time(tm_year=2023, tm_mon=3, tm_mday=1, tm_hour=11, tm_min=37, tm_sec=40, tm_wday=2, tm_yday=60, tm_isdst=-1)",2023-03-01,2023,3,60,1,37
2023-03-01 11:40:20,40.765736,-111.909714,1278.2,-9999.0,-9999.0,-9999.0,13.94,9.21,3.55,40.4,1.0,2.0,9.5,21.0,859.0,0.0,23.2,2.27,24.0,654.6,-9999.0,-9999.0,-9999.0,-9999.0,-9999.0,-9999.0,-9999.0,0.0,0,1,"time.struct_time(tm_year=2023, tm_mon=3, tm_mday=1, tm_hour=11, tm_min=40, tm_sec=20, tm_wday=2, tm_yday=60, tm_isdst=-1)",2023-03-01,2023,3,60,1,40
2023-03-01 11:42:50,40.765743,-111.909729,1278.3,-9999.0,-9999.0,-9999.0,13.94,9.2,3.65,40.04,1.0,2.0,9.5,21.0,858.9,0.0,33.3,2.28,24.0,653.8,-9999.0,-9999.0,-9999.0,-9999.0,-9999.0,-9999.0,-9999.0,0.0,0,1,"time.struct_time(tm_year=2023, tm_mon=3, tm_mday=1, tm_hour=11, tm_min=42, tm_sec=50, tm_wday=2, tm_yday=60, tm_isdst=-1)",2023-03-01,2023,3,60,1,42
2023-03-01 11:45:20,40.765957,-111.909843,1287.2,-9999.0,-9999.0,-9999.0,13.94,9.18,3.73,38.19,3.0,2.0,9.5,21.0,859.1,0.0,10.4,2.26,24.0,654.6,-9999.0,-9999.0,-9999.0,-9999.0,-9999.0,-9999.0,-9999.0,0.0,0,1,"time.struct_time(tm_year=2023, tm_mon=3, tm_mday=1, tm_hour=11, tm_min=45, tm_sec=20, tm_wday=2, tm_yday=60, tm_isdst=-1)",2023-03-01,2023,3,60,1,45
2023-03-01 11:47:50,40.765808,-111.90979,1281.5,-9999.0,-9999.0,-9999.0,13.94,9.17,3.73,36.85,1.0,2.0,9.5,21.0,858.9,0.0,24.0,2.27,24.0,653.9,-9999.0,-9999.0,-9999.0,-9999.0,-9999.0,-9999.0,-9999.0,0.0,0,1,"time.struct_time(tm_year=2023, tm_mon=3, tm_mday=1, tm_hour=11, tm_min=47, tm_sec=50, tm_wday=2, tm_yday=60, tm_isdst=-1)",2023-03-01,2023,3,60,1,47
2023-03-01 11:50:30,40.765732,-111.909698,1281.4,-9999.0,-9999.0,-9999.0,13.94,9.16,3.79,39.47,1.0,2.0,9.5,21.0,858.9,0.0,17.0,2.28,24.0,653.7,-9999.0,-9999.0,-9999.0,-9999.0,-9999.0,-9999.0,-9999.0,0.0,0,1,"time.struct_time(tm_year=2023, tm_mon=3, tm_mday=1, tm_hour=11, tm_min=50, tm_sec=30, tm_wday=2, tm_yday=60, tm_isdst=-1)",2023-03-01,2023,3,60,1,50
2023-03-01 11:54:10,40.765713,-111.909737,1276.7,-9999.0,-9999.0,-9999.0,13.94,9.16,3.79,38.77,2.0,2.0,9.39,21.0,859.1,0.0,21.7,2.28,24.0,653.7,-9999.0,-9999.0,-9999.0,-9999.0,-9999.0,-9999.0,-9999.0,0.0,0,1,"time.struct_time(tm_year=2023, tm_mon=3, tm_mday=1, tm_hour=11, tm_min=54, tm_sec=10, tm_wday=2, tm_yday=60, tm_isdst=-1)",2023-03-01,2023,3,60,1,54
2023-03-01 11:59:20,40.765713,-111.909645,1277.1,-9999.0,-9999.0,-9999.0,13.94,9.17,3.83,38.69,59.0,2.0,9.39,21.0,858.8,0.0,7.3,2.27,24.0,654.4,-9999.0,-9999.0,-9999.0,-9999.0,-9999.0,-9999.0,-9999.0,0.0,0,1,"time.struct_time(tm_year=2023, tm_mon=3, tm_mday=1, tm_hour=11, tm_min=59, tm_sec=20, tm_wday=2, tm_yday=60, tm_isdst=-1)",2023-03-01,2023,3,60,1,59
2023-03-01 12:01:50,40.765839,-111.90976,1277.2,-9999.0,-9999.0,-9999.0,13.94,9.17,3.85,39.12,20.0,2.0,9.5,21.0,859.0,0.0,6.8,2.25,24.0,653.6,-9999.0,-9999.0,-9999.0,-9999.0,-9999.0,-9999.0,-9999.0,0.0,0,1,"time.struct_time(tm_year=2023, tm_mon=3, tm_mday=1, tm_hour=12, tm_min=1, tm_sec=50, tm_wday=2, tm_yday=60, tm_isdst=-1)",2023-03-01,2023,3,60,1,1
2023-03-01 12:04:20,40.765915,-111.909691,1279.1,-9999.0,-9999.0,-9999.0,13.94,9.18,3.9,37.11,7.0,2.0,9.5,21.0,859.0,0.0,7.3,2.26,24.0,654.4,-9999.0,-9999.0,-9999.0,-9999.0,-9999.0,-9999.0,-9999.0,0.0,0,1,"time.struct_time(tm_year=2023, tm_mon=3, tm_mday=1, tm_hour=12, tm_min=4, tm_sec=20, tm_wday=2, tm_yday=60, tm_isdst=-1)",2023-03-01,2023,3,60,1,4
2023-03-01 12:07:00,40.76593,-111.909706,1277.7,-9999.0,-9999.0,-9999.0,13.94,9.19,3.79,37.51,4.0,2.0,9.5,21.0,858.9,0.0,18.8,2.26,24.0,654.4,-9999.0,-9999.0,-9999.0,-9999.0,-9999.0,-9999.0,-9999.0,0.0,0,1,"time.struct_time(tm_year=2023, tm_mon=3, tm_mday=1, tm_hour=12, tm_min=7, tm_sec=0, tm_wday=2, tm_yday=60, tm_isdst=-1)",2023-03-01,2023,3,60,1,7
2023-03-01 12:09:30,40.765659,-111.909615,1274.6,-9999.0,-9999.0,-9999.0,13.94,9.19,3.69,37.76,2.0,2.0,9.5,21.0,858.8,0.0,14.5,2.27,24.0,653.6,-9999.0,-9999.0,-9999.0,-9999.0,-9999.0,-9999.0,-9999.0,0.0,0,1,"time.struct_time(tm_year=2023, tm_mon=3, tm_mday=1, tm_hour=12, tm_min=9, tm_sec=30, tm_wday=2, tm_yday=60, tm_isdst=-1)",2023-03-01,2023,3,60,1,9
2023-03-01 12:12:00,40.765774,-111.909622,1276.3,-9999.0,-9999.0,-9999.0,13.94,9.19,3.68,39.5,1.0,2.0,9.39,21.0,859.0,0.0,32.4,2.28,24.0,654.4,-9999.0,-9999.0,-9999.0,-9999.0,-9999.0,-9999.0,-9999.0,0.0,0,1,"time.struct_time(tm_year=2023, tm_mon=3, tm_mday=1, tm_hour=12, tm_min=12, tm_sec=0, tm_wday=2, tm_yday=60, tm_isdst=-1)",2023-03-01,2023,3,60,1,12
2023-03-01 12:14:40,40.765694,-111.909538,1277.1,-9999.0,-9999.0,-9999.0,13.94,9.18,3.7,40.09,11.0,2.0,9.39,21.0,859.0,0.0,22.8,2.27,24.0,654.4,-9999.0,-9999.0,-9999.0,-9999.0,-9999.0,-9999.0,-9999.0,0.0,0,1,"time.struct_time(tm_year=2023, tm_mon=3, tm_mday=1, tm_hour=12, tm_min=14, tm_sec=40, tm_wday=2, tm_yday=60, tm_isdst=-1)",2023-03-01,2023,3,60,1,14
2023-03-01 12:17:10,40.765736,-111.90963,1276.3,-9999.0,-9999.0,-9999.0,13.94,9.18,3.74,39.79,3.0,2.0,9.5,21.0,858.8,0.0,25.8,2.26,24.0,653.5,-9999.0,-9999.0,-9999.0,-9999.0,-9999.0,-9999.0,-9999.0,0.0,0,1,"time.struct_time(tm_year=2023, tm_mon=3, tm_mday=1, tm_hour=12, tm_min=17, tm_sec=10, tm_wday=2, tm_yday=60, tm_isdst=-1)",2023-03-01,2023,3,60,1,17
2023-03-01 12:19:40,40.76593,-111.909691,1288.9,-9999.0,-9999.0,-9999.0,13.94,9.19,3.8,39.6,8.0,2.0,9.5,22.0,859.0,0.0,5.9,2.27,24.0,654.3,-9999.0,-9999.0,-9999.0,-9999.0,-9999.0,-9999.0,-9999.0,0.0,0,1,"time.struct_time(tm_year=2023, tm_mon=3, tm_mday=1, tm_hour=12, tm_min=19, tm_sec=40, tm_wday=2, tm_yday=60, tm_isdst=-1)",2023-03-01,2023,3,60,1,19
2023-03-01 12:22:10,40.762535,-111.90551,1271.2,-9999.0,-9999.0,-9999.0,13.94,9.19,3.74,42.39,5.0,2.0,9.39,21.0,858.6,0.0,36.7,2.28,23.9,653.3,-9999.0,-9999.0,-9999.0,-9999.0,-9999.0,-9999.0,-9999.0,0.0,0,1,"time.struct_time(tm_year=2023, tm_mon=3, tm_mday=1, tm_hour=12, tm_min=22, tm_sec=10, tm_wday=2, tm_yday=60, tm_isdst=-1)",2023-03-01,2023,3,60,1,22
2023-03-01 12:24:50,40.754154,-111.911354,1293.9,-9999.0,-9999.0,-9999.0,13.94,9.13,3.3,42.11,2.0,2.0,9.11,21.0,858.1,0.0,39.9,2.27,24.0,652.9,-9999.0,-9999.0,-9999.0,-9999.0,-9999.0,-9999.0,-9999.0,0.0,0,1,"time.struct_time(tm_year=2023, tm_mon=3, tm_mday=1, tm_hour=12, tm_min=24, tm_sec=50, tm_wday=2, tm_yday=60, tm_isdst=-1)",2023-03-01,2023,3,60,1,24
2023-03-01 12:27:20,40.717815,-111.904755,1290.1,-9999.0,-9999.0,-9999.0,13.94,8.95,2.71,43.1,4.0,2.0,8.11,21.0,856.4,0.0,31.9,2.28,23.9,652.6,-9999.0,-9999.0,-9999.0,-9999.0,-9999.0,-9999.0,-9999.0,0.0,0,0,"time.struct_time(tm_year=2023, tm_mon=3, tm_mday=1, tm_hour=12, tm_min=27, tm_sec=20, tm_wday=2, tm_yday=60, tm_isdst=-1)",2023-03-01,2023,3,60,1,27
2023-03-01 12:29:50,40.678772,-111.902168,1288.7,-9999.0,-9999.0,-9999.0,13.94,8.62,2.36,44.31,1.0,2.0,7.39,21.0,856.3,0.0,31.4,2.28,23.9,652.1,-9999.0,-9999.0,-9999.0,-9999.0,-9999.0,-9999.0,-9999.0,0.0,0,0,"time.struct_time(tm_year=2023, tm_mon=3, tm_mday=1, tm_hour=12, tm_min=29, tm_sec=50, tm_wday=2, tm_yday=60, tm_isdst=-1)",2023-03-01,2023,3,60,1,29
2023-03-01 12:32:30,40.638367,-111.904213,1300.0,-9999.0,-9999.0,-9999.0,13.98,8.25,2.12,49.19,2.0,2.0,7.11,22.0,854.0,0.0,16.9,2.28,23.7,649.5,-9999.0,-9999.0,-9999.0,-9999.0,-9999.0,-9999.0,-9999.0,0.0,0,0,"time.struct_time(tm_year=2023, tm_mon=3, tm_mday=1, tm_hour=12, tm_min=32, tm_sec=30, tm_wday=2, tm_yday=60, tm_isdst=-1)",2023-03-01,2023,3,60,1,32
2023-03-01 12:35:00,40.601437,-111.904449,1336.9,-9999.0,-9999.0,-9999.0,13.98,7.93,1.83,51.24,1.0,2.0,7.11,22.0,853.9,0.0,36.1,2.27,23.6,650.2,-9999.0,-9999.0,-9999.0,-9999.0,-9999.0,-9999.0,-9999.0,0.0,0,0,"time.struct_time(tm_year=2023, tm_mon=3, tm_mday=1, tm_hour=12, tm_min=35, tm_sec=0, tm_wday=2, tm_yday=60, tm_isdst=-1)",2023-03-01,2023,3,60,1,35
2023-03-01 12:37:30,40.587944,-111.897049,1342.6,-9999.0,-9999.0,-9999.0,13.98,7.69,1.65,50.8,1.0,2.0,7.11,23.0,853.8,0.0,51.3,2.29,23.5,649.8,-9999.0,-9999.0,-9999.0,-9999.0,-9999.0,-9999.0,-9999.0,0.0,0,0,"time.struct_time(tm_year=2023, tm_mon=3, tm_mday=1, tm_hour=12, tm_min=37, tm_sec=30, tm_wday=2, tm_yday=60, tm_isdst=-1)",2023-03-01,2023,3,60,1,37
2023-03-01 12:40:10,40.588028,-111.876465,1385.3,-9999.0,-9999.0,-9999.0,13.98,7.58,1.62,50.23,0.0,2.0,7.11,23.0,849.5,0.0,36.7,2.28,23.4,645.9,-9999.0,-9999.0,-9999.0,-9999.0,-9999.0,-9999.0,-9999.0,0.0,0,0,"time.struct_time(tm_year=2023, tm_mon=3, tm_mday=1, tm_hour=12, tm_min=40, tm_sec=10, tm_wday=2, tm_yday=60, tm_isdst=-1)",2023-03-01,2023,3,60,1,40
2023-03-01 12:42:40,40.580391,-111.855988,1437.2,-9999.0,-9999.0,-9999.0,13.98,7.5,1.64,50.23,1.0,2.0,7.11,23.0,844.0,0.0,43.6,2.3,23.3,642.6,-9999.0,-9999.0,-9999.0,-9999.0,-9999.0,-9999.0,-9999.0,0.0,0,0,"time.struct_time(tm_year=2023, tm_mon=3, tm_mday=1, tm_hour=12, tm_min=42, tm_sec=40, tm_wday=2, tm_yday=60, tm_isdst=-1)",2023-03-01,2023,3,60,1,42
2023-03-01 12:45:10,40.578793,-111.832458,1475.1,-9999.0,-9999.0,-9999.0,13.98,7.41,1.46,49.45,1.0,2.0,7.0,23.0,839.9,0.0,33.2,2.3,23.2,638.3,-9999.0,-9999.0,-9999.0,-9999.0,-9999.0,-9999.0,-9999.0,0.0,0,0,"time.struct_time(tm_year=2023, tm_mon=3, tm_mday=1, tm_hour=12, tm_min=45, tm_sec=10, tm_wday=2, tm_yday=60, tm_isdst=-1)",2023-03-01,2023,3,60,1,45
2023-03-01 12:48:55,40.578869,-111.833031,1470.3,-9999.0,-9999.0,-9999.0,13.98,7.3,0.81,56.07,1.0,2.0,6.89,24.0,839.8,0.0,37.6,2.29,23.1,638.3,-9999.0,-9999.0,-9999.0,-9999.0,-9999.0,-9999.0,-9999.0,0.0,0,0,"time.struct_time(tm_year=2023, tm_mon=3, tm_mday=1, tm_hour=12, tm_min=48, tm_sec=55, tm_wday=2, tm_yday=60, tm_isdst=-1)",2023-03-01,2023,3,60,1,48
2023-03-01 12:51:25,40.578869,-111.833031,1470.0,-9999.0,-9999.0,-9999.0,13.98,7.26,0.49,49.21,1.0,2.0,6.78,23.0,839.9,0.0,32.8,2.3,23.1,639.4,-9999.0,-9999.0,-9999.0,-9999.0,-9999.0,-9999.0,-9999.0,0.0,0,0,"time.struct_time(tm_year=2023, tm_mon=3, tm_mday=1, tm_hour=12, tm_min=51, tm_sec=25, tm_wday=2, tm_yday=60, tm_isdst=-1)",2023-03-01,2023,3,60,1,51
2023-03-01 12:55:00,40.578869,-111.833031,1469.3,-9999.0,-9999.0,-9999.0,13.98,7.19,0.04,58.23,0.0,2.0,6.72,23.0,839.8,0.0,33.6,2.32,22.9,639.4,-9999.0,-9999.0,-9999.0,-9999.0,-9999.0,-9999.0,-9999.0,0.0,0,0,"time.struct_time(tm_year=2023, tm_mon=3, tm_mday=1, tm_hour=12, tm_min=55, tm_sec=0, tm_wday=2, tm_yday=60, tm_isdst=-1)",2023-03-01,2023,3,60,1,55
2023-03-01 12:59:35,40.590748,-111.833946,1473.2,-9999.0,-9999.0,-9999.0,13.98,7.04,0.24,50.81,2.0,2.0,6.61,23.0,840.0,0.0,30.4,2.31,22.8,638.5,-9999.0,-9999.0,-9999.0,-9999.0,-9999.0,-9999.0,-9999.0,0.0,0,0,"time.struct_time(tm_year=2023, tm_mon=3, tm_mday=1, tm_hour=12, tm_min=59, tm_sec=35, tm_wday=2, tm_yday=60, tm_isdst=-1)",2023-03-01,2023,3,60,1,59
2023-03-01 13:02:05,40.603561,-111.832954,1409.6,-9999.0,-9999.0,-9999.0,13.98,6.92,0.45,50.14,6.0,2.0,6.5,23.0,846.3,0.0,30.8,2.28,22.7,644.5,-9999.0,-9999.0,-9999.0,-9999.0,-9999.0,-9999.0,-9999.0,0.0,0,0,"time.struct_time(tm_year=2023, tm_mon=3, tm_mday=1, tm_hour=13, tm_min=2, tm_sec=5, tm_wday=2, tm_yday=60, tm_isdst=-1)",2023-03-01,2023,3,60,1,2
