Timestamp_UTC,Latitude_ddeg,Longitude_ddeg,Elevation_m,GPS_Speed_m/s,GPS_Direction_deg,GPS_RMC_Valid_binary,Battery_Voltage_volts,Bus_Box_Temperature_degC,Bus_Top_Temperature_degC,Bus_Top_Relative_Humidity_%,ES642_PM2.5_Concentration_ug/m3,ES642_Air_Flow_Rate_L/min,ES642_Internal_Air_Temperature_degC,ES642_Internal_Relative_Humidity_%,ES642_Internal_Air_Pressure_hpa,ES642_Error_Code_code,2B_Ozone_Concentration_ppbv,2B_Air_Flow_Rate_L/min,2B_Internal_Air_Temperature_degC,2B_Internal_Air_Pressure_hpa,2B405_NO_Concentration_ppbv,2B405_NO2_Concentration_ppbv,2B405_NOX_Concentration_ppbv,2B405_Internal_Air_Temperature_degC,2B405_Internal_Air_Pressure_hpa,2B405_Air_Flow_Rate_L/min,2B405_Cell_O3_Flow_Rate_mL/min,PM2.5_Data_Flagged_binary,Ozone_Data_Flagged_binary,GPS_Data_Flagged_binary,Time_Tuple,Date,Year,Month,Day_of_Year,Day_of_Month,Minute,Hour,Transit_ID
2022-02-05 02:51:50,40.768951,-111.916992,172.9,-9999.0,-9999.0,-9999.0,13.51,33.53,24.17,12.13,6.0,2.0,31.72,6.0,886.5,0.0,-0.8,2.25,46.4,834.1,-9999.0,-9999.0,-9999.0,-9999.0,-9999.0,-9999.0,-9999.0,0.0,0,1,"time.struct_time(tm_year=2022, tm_mon=2, tm_mday=5, tm_hour=2, tm_min=51, tm_sec=50, tm_wday=5, tm_yday=36, tm_isdst=-1)",2022-02-05,2022,2,36,5,51,2,BUS02
2022-02-05 02:54:55,40.768299,-111.909798,265.4,-9999.0,-9999.0,-9999.0,13.51,33.5,24.19,12.01,7.0,2.0,31.61,6.0,886.5,0.0,-0.9,2.25,46.4,834.1,-9999.0,-9999.0,-9999.0,-9999.0,-9999.0,-9999.0,-9999.0,0.0,0,1,"time.struct_time(tm_year=2022, tm_mon=2, tm_mday=5, tm_hour=2, tm_min=54, tm_sec=55, tm_wday=5, tm_yday=36, tm_isdst=-1)",2022-02-05,2022,2,36,5,54,2,BUS02
2022-02-05 02:57:40,40.767311,-111.909271,379.9,-9999.0,-9999.0,-9999.0,13.51,33.46,24.17,12.21,6.0,2.0,31.61,7.0,886.4,0.0,0.6,2.23,46.3,834.0,-9999.0,-9999.0,-9999.0,-9999.0,-9999.0,-9999.0,-9999.0,0.0,0,1,"time.struct_time(tm_year=2022, tm_mon=2, tm_mday=5, tm_hour=2, tm_min=57, tm_sec=40, tm_wday=5, tm_yday=36, tm_isdst=-1)",2022-02-05,2022,2,36,5,57,2,BUS02
2022-02-05 03:00:35,40.767021,-111.908554,463.2,-9999.0,-9999.0,-9999.0,13.51,33.43,24.17,12.16,5.0,2.0,31.5,7.0,886.5,0.0,-0.8,2.24,46.3,834.0,-9999.0,-9999.0,-9999.0,-9999.0,-9999.0,-9999.0,-9999.0,0.0,0,1,"time.struct_time(tm_year=2022, tm_mon=2, tm_mday=5, tm_hour=3, tm_min=0, tm_sec=35, tm_wday=5, tm_yday=36, tm_isdst=-1)",2022-02-05,2022,2,36,5,0,3,BUS02
2022-02-05 03:04:00,40.770271,-111.901398,576.5,-9999.0,-9999.0,-9999.0,13.51,33.39,24.17,12.21,5.0,2.0,31.39,7.0,886.6,0.0,1.5,2.25,46.2,834.0,-9999.0,-9999.0,-9999.0,-9999.0,-9999.0,-9999.0,-9999.0,0.0,0,1,"time.struct_time(tm_year=2022, tm_mon=2, tm_mday=5, tm_hour=3, tm_min=4, tm_sec=0, tm_wday=5, tm_yday=36, tm_isdst=-1)",2022-02-05,2022,2,36,5,4,3,BUS02
2022-02-05 03:06:45,40.765415,-111.909706,677.9,-9999.0,-9999.0,-9999.0,13.51,33.35,24.19,12.04,5.0,2.0,31.39,7.0,886.4,0.0,2.0,2.24,46.2,834.1,-9999.0,-9999.0,-9999.0,-9999.0,-9999.0,-9999.0,-9999.0,0.0,0,1,"time.struct_time(tm_year=2022, tm_mon=2, tm_mday=5, tm_hour=3, tm_min=6, tm_sec=45, tm_wday=5, tm_yday=36, tm_isdst=-1)",2022-02-05,2022,2,36,5,6,3,BUS02
2022-02-05 03:09:15,40.765697,-111.90937,1148.1,-9999.0,-9999.0,-9999.0,13.51,33.32,24.25,12.13,5.0,2.0,31.39,7.0,886.3,0.0,-0.4,2.26,46.1,833.9,-9999.0,-9999.0,-9999.0,-9999.0,-9999.0,-9999.0,-9999.0,0.0,0,1,"time.struct_time(tm_year=2022, tm_mon=2, tm_mday=5, tm_hour=3, tm_min=9, tm_sec=15, tm_wday=5, tm_yday=36, tm_isdst=-1)",2022-02-05,2022,2,36,5,9,3,BUS02
2022-02-05 03:12:50,40.765392,-111.909225,1221.7,-9999.0,-9999.0,-9999.0,13.51,33.28,24.19,12.09,6.0,2.0,31.28,7.0,886.4,0.0,0.7,2.24,46.1,834.0,-9999.0,-9999.0,-9999.0,-9999.0,-9999.0,-9999.0,-9999.0,0.0,0,1,"time.struct_time(tm_year=2022, tm_mon=2, tm_mday=5, tm_hour=3, tm_min=12, tm_sec=50, tm_wday=5, tm_yday=36, tm_isdst=-1)",2022-02-05,2022,2,36,5,12,3,BUS02
2022-02-05 03:15:20,40.765553,-111.909241,1227.5,-9999.0,-9999.0,-9999.0,13.51,33.25,24.18,11.93,5.0,2.0,31.28,7.0,886.3,0.0,0.6,2.25,46.1,834.0,-9999.0,-9999.0,-9999.0,-9999.0,-9999.0,-9999.0,-9999.0,0.0,0,1,"time.struct_time(tm_year=2022, tm_mon=2, tm_mday=5, tm_hour=3, tm_min=15, tm_sec=20, tm_wday=5, tm_yday=36, tm_isdst=-1)",2022-02-05,2022,2,36,5,15,3,BUS02
2022-02-05 03:17:50,40.765568,-111.909225,1229.0,-9999.0,-9999.0,-9999.0,13.51,33.22,24.17,11.93,6.0,2.0,31.22,7.0,886.4,0.0,0.9,2.24,46.0,833.9,-9999.0,-9999.0,-9999.0,-9999.0,-9999.0,-9999.0,-9999.0,0.0,0,1,"time.struct_time(tm_year=2022, tm_mon=2, tm_mday=5, tm_hour=3, tm_min=17, tm_sec=50, tm_wday=5, tm_yday=36, tm_isdst=-1)",2022-02-05,2022,2,36,5,17,3,BUS02
2022-02-05 03:20:20,40.765427,-111.909241,1231.6,-9999.0,-9999.0,-9999.0,13.51,33.19,24.16,11.96,4.0,2.0,31.11,7.0,886.5,0.0,1.5,2.24,46.0,833.9,-9999.0,-9999.0,-9999.0,-9999.0,-9999.0,-9999.0,-9999.0,0.0,0,1,"time.struct_time(tm_year=2022, tm_mon=2, tm_mday=5, tm_hour=3, tm_min=20, tm_sec=20, tm_wday=5, tm_yday=36, tm_isdst=-1)",2022-02-05,2022,2,36,5,20,3,BUS02
2022-02-05 03:22:50,40.765392,-111.909302,1233.5,-9999.0,-9999.0,-9999.0,13.5,33.17,24.14,11.94,5.0,2.0,31.11,7.0,886.3,0.0,-0.9,2.25,45.9,833.9,-9999.0,-9999.0,-9999.0,-9999.0,-9999.0,-9999.0,-9999.0,0.0,0,1,"time.struct_time(tm_year=2022, tm_mon=2, tm_mday=5, tm_hour=3, tm_min=22, tm_sec=50, tm_wday=5, tm_yday=36, tm_isdst=-1)",2022-02-05,2022,2,36,5,22,3,BUS02
2022-02-05 03:25:20,40.765553,-111.909187,1237.6,-9999.0,-9999.0,-9999.0,13.51,33.14,24.1,11.95,5.0,2.0,31.11,7.0,886.5,0.0,1.9,2.25,45.9,833.9,-9999.0,-9999.0,-9999.0,-9999.0,-9999.0,-9999.0,-9999.0,0.0,0,1,"time.struct_time(tm_year=2022, tm_mon=2, tm_mday=5, tm_hour=3, tm_min=25, tm_sec=20, tm_wday=5, tm_yday=36, tm_isdst=-1)",2022-02-05,2022,2,36,5,25,3,BUS02
2022-02-05 03:27:50,40.765476,-111.909355,1237.9,-9999.0,-9999.0,-9999.0,13.51,33.11,24.09,12.05,4.0,2.0,31.0,7.0,886.3,0.0,-0.1,2.25,45.9,833.9,-9999.0,-9999.0,-9999.0,-9999.0,-9999.0,-9999.0,-9999.0,0.0,0,1,"time.struct_time(tm_year=2022, tm_mon=2, tm_mday=5, tm_hour=3, tm_min=27, tm_sec=50, tm_wday=5, tm_yday=36, tm_isdst=-1)",2022-02-05,2022,2,36,5,27,3,BUS02
2022-02-05 03:30:20,40.765465,-111.909279,1240.2,-9999.0,-9999.0,-9999.0,13.51,33.08,24.08,12.03,5.0,2.0,31.0,7.0,886.1,0.0,0.0,2.25,45.8,833.8,-9999.0,-9999.0,-9999.0,-9999.0,-9999.0,-9999.0,-9999.0,0.0,0,1,"time.struct_time(tm_year=2022, tm_mon=2, tm_mday=5, tm_hour=3, tm_min=30, tm_sec=20, tm_wday=5, tm_yday=36, tm_isdst=-1)",2022-02-05,2022,2,36,5,30,3,BUS02
2022-02-05 03:32:50,40.765636,-111.909134,1244.6,-9999.0,-9999.0,-9999.0,13.51,33.06,24.09,12.09,4.0,2.0,31.0,7.0,886.4,0.0,2.2,2.24,45.8,833.7,-9999.0,-9999.0,-9999.0,-9999.0,-9999.0,-9999.0,-9999.0,0.0,0,1,"time.struct_time(tm_year=2022, tm_mon=2, tm_mday=5, tm_hour=3, tm_min=32, tm_sec=50, tm_wday=5, tm_yday=36, tm_isdst=-1)",2022-02-05,2022,2,36,5,32,3,BUS02
2022-02-05 03:35:20,40.765388,-111.909103,1247.9,-9999.0,-9999.0,-9999.0,13.51,33.03,24.09,11.98,4.0,2.0,31.0,7.0,886.0,0.0,-1.7,2.24,45.8,833.7,-9999.0,-9999.0,-9999.0,-9999.0,-9999.0,-9999.0,-9999.0,0.0,0,1,"time.struct_time(tm_year=2022, tm_mon=2, tm_mday=5, tm_hour=3, tm_min=35, tm_sec=20, tm_wday=5, tm_yday=36, tm_isdst=-1)",2022-02-05,2022,2,36,5,35,3,BUS02
2022-02-05 03:37:50,40.765392,-111.909119,1248.1,-9999.0,-9999.0,-9999.0,13.51,33.01,24.07,12.13,4.0,2.0,30.89,7.0,886.2,0.0,-1.9,2.24,45.7,833.8,-9999.0,-9999.0,-9999.0,-9999.0,-9999.0,-9999.0,-9999.0,0.0,0,1,"time.struct_time(tm_year=2022, tm_mon=2, tm_mday=5, tm_hour=3, tm_min=37, tm_sec=50, tm_wday=5, tm_yday=36, tm_isdst=-1)",2022-02-05,2022,2,36,5,37,3,BUS02
2022-02-05 03:40:20,40.765457,-111.909195,1249.0,-9999.0,-9999.0,-9999.0,13.51,32.98,24.04,12.1,5.0,2.0,30.89,7.0,886.5,0.0,3.4,2.25,45.7,833.9,-9999.0,-9999.0,-9999.0,-9999.0,-9999.0,-9999.0,-9999.0,0.0,0,1,"time.struct_time(tm_year=2022, tm_mon=2, tm_mday=5, tm_hour=3, tm_min=40, tm_sec=20, tm_wday=5, tm_yday=36, tm_isdst=-1)",2022-02-05,2022,2,36,5,40,3,BUS02
2022-02-05 03:42:50,40.765549,-111.909256,1250.1,-9999.0,-9999.0,-9999.0,13.51,32.95,24.05,12.19,5.0,2.0,30.89,7.0,886.4,0.0,1.0,2.25,45.7,833.9,-9999.0,-9999.0,-9999.0,-9999.0,-9999.0,-9999.0,-9999.0,0.0,0,1,"time.struct_time(tm_year=2022, tm_mon=2, tm_mday=5, tm_hour=3, tm_min=42, tm_sec=50, tm_wday=5, tm_yday=36, tm_isdst=-1)",2022-02-05,2022,2,36,5,42,3,BUS02
2022-02-05 03:45:20,40.765656,-111.908936,1250.2,-9999.0,-9999.0,-9999.0,13.51,32.93,24.02,11.97,5.0,2.0,30.78,7.0,886.3,0.0,1.5,2.23,45.7,833.9,-9999.0,-9999.0,-9999.0,-9999.0,-9999.0,-9999.0,-9999.0,0.0,0,1,"time.struct_time(tm_year=2022, tm_mon=2, tm_mday=5, tm_hour=3, tm_min=45, tm_sec=20, tm_wday=5, tm_yday=36, tm_isdst=-1)",2022-02-05,2022,2,36,5,45,3,BUS02
2022-02-05 03:47:50,40.765495,-111.909142,1252.4,-9999.0,-9999.0,-9999.0,13.51,32.9,24.01,12.15,5.0,2.0,30.78,7.0,886.4,0.0,2.3,2.24,45.6,833.8,-9999.0,-9999.0,-9999.0,-9999.0,-9999.0,-9999.0,-9999.0,0.0,0,1,"time.struct_time(tm_year=2022, tm_mon=2, tm_mday=5, tm_hour=3, tm_min=47, tm_sec=50, tm_wday=5, tm_yday=36, tm_isdst=-1)",2022-02-05,2022,2,36,5,47,3,BUS02
2022-02-05 03:50:20,40.765533,-111.90892,1253.6,-9999.0,-9999.0,-9999.0,13.51,32.88,23.98,12.13,5.0,2.0,30.78,7.0,886.2,0.0,-0.8,2.24,45.6,833.8,-9999.0,-9999.0,-9999.0,-9999.0,-9999.0,-9999.0,-9999.0,0.0,0,1,"time.struct_time(tm_year=2022, tm_mon=2, tm_mday=5, tm_hour=3, tm_min=50, tm_sec=20, tm_wday=5, tm_yday=36, tm_isdst=-1)",2022-02-05,2022,2,36,5,50,3,BUS02
2022-02-05 03:52:50,40.765228,-111.909119,1255.2,-9999.0,-9999.0,-9999.0,13.51,32.86,23.99,12.13,4.0,2.0,30.78,7.0,886.2,0.0,-0.7,2.25,45.6,833.7,-9999.0,-9999.0,-9999.0,-9999.0,-9999.0,-9999.0,-9999.0,0.0,0,1,"time.struct_time(tm_year=2022, tm_mon=2, tm_mday=5, tm_hour=3, tm_min=52, tm_sec=50, tm_wday=5, tm_yday=36, tm_isdst=-1)",2022-02-05,2022,2,36,5,52,3,BUS02
2022-02-05 03:55:20,40.765278,-111.908928,1258.9,-9999.0,-9999.0,-9999.0,13.51,32.83,23.96,12.27,5.0,2.0,30.72,7.0,886.3,0.0,0.6,2.25,45.5,833.7,-9999.0,-9999.0,-9999.0,-9999.0,-9999.0,-9999.0,-9999.0,0.0,0,1,"time.struct_time(tm_year=2022, tm_mon=2, tm_mday=5, tm_hour=3, tm_min=55, tm_sec=20, tm_wday=5, tm_yday=36, tm_isdst=-1)",2022-02-05,2022,2,36,5,55,3,BUS02
2022-02-05 03:57:50,40.765434,-111.909027,1259.8,-9999.0,-9999.0,-9999.0,13.51,32.81,23.97,12.13,4.0,2.0,30.72,7.0,886.0,0.0,1.2,2.24,45.5,833.6,-9999.0,-9999.0,-9999.0,-9999.0,-9999.0,-9999.0,-9999.0,0.0,0,1,"time.struct_time(tm_year=2022, tm_mon=2, tm_mday=5, tm_hour=3, tm_min=57, tm_sec=50, tm_wday=5, tm_yday=36, tm_isdst=-1)",2022-02-05,2022,2,36,5,57,3,BUS02
2022-02-05 04:00:20,40.765423,-111.909073,1260.6,-9999.0,-9999.0,-9999.0,13.51,32.78,23.97,12.19,4.0,2.0,30.61,7.0,886.0,0.0,0.7,2.24,45.5,833.6,-9999.0,-9999.0,-9999.0,-9999.0,-9999.0,-9999.0,-9999.0,0.0,0,1,"time.struct_time(tm_year=2022, tm_mon=2, tm_mday=5, tm_hour=4, tm_min=0, tm_sec=20, tm_wday=5, tm_yday=36, tm_isdst=-1)",2022-02-05,2022,2,36,5,0,4,BUS02
2022-02-05 04:02:50,40.76543,-111.90889,1264.2,-9999.0,-9999.0,-9999.0,13.51,32.76,23.94,12.21,5.0,2.0,30.61,7.0,886.1,0.0,2.1,2.24,45.4,833.6,-9999.0,-9999.0,-9999.0,-9999.0,-9999.0,-9999.0,-9999.0,0.0,0,1,"time.struct_time(tm_year=2022, tm_mon=2, tm_mday=5, tm_hour=4, tm_min=2, tm_sec=50, tm_wday=5, tm_yday=36, tm_isdst=-1)",2022-02-05,2022,2,36,5,2,4,BUS02
2022-02-05 04:05:20,40.76545,-111.908981,1264.7,-9999.0,-9999.0,-9999.0,13.51,32.73,23.95,12.19,5.0,2.0,30.61,7.0,886.0,0.0,3.6,2.24,45.4,833.6,-9999.0,-9999.0,-9999.0,-9999.0,-9999.0,-9999.0,-9999.0,0.0,0,1,"time.struct_time(tm_year=2022, tm_mon=2, tm_mday=5, tm_hour=4, tm_min=5, tm_sec=20, tm_wday=5, tm_yday=36, tm_isdst=-1)",2022-02-05,2022,2,36,5,5,4,BUS02
2022-02-05 04:07:50,40.765564,-111.90918,1268.0,-9999.0,-9999.0,-9999.0,13.51,32.71,23.97,12.2,5.0,2.0,30.61,7.0,886.2,0.0,1.9,2.23,45.4,833.6,-9999.0,-9999.0,-9999.0,-9999.0,-9999.0,-9999.0,-9999.0,0.0,0,1,"time.struct_time(tm_year=2022, tm_mon=2, tm_mday=5, tm_hour=4, tm_min=7, tm_sec=50, tm_wday=5, tm_yday=36, tm_isdst=-1)",2022-02-05,2022,2,36,5,7,4,BUS02
2022-02-05 04:10:20,40.765518,-111.90918,1270.6,-9999.0,-9999.0,-9999.0,13.51,32.69,23.96,12.31,5.0,2.0,30.61,7.0,886.0,0.0,-0.4,2.24,45.4,833.6,-9999.0,-9999.0,-9999.0,-9999.0,-9999.0,-9999.0,-9999.0,0.0,0,1,"time.struct_time(tm_year=2022, tm_mon=2, tm_mday=5, tm_hour=4, tm_min=10, tm_sec=20, tm_wday=5, tm_yday=36, tm_isdst=-1)",2022-02-05,2022,2,36,5,10,4,BUS02
2022-02-05 04:13:55,40.765526,-111.908928,1271.8,-9999.0,-9999.0,-9999.0,13.51,32.65,23.96,12.13,5.0,2.0,30.5,7.0,886.1,0.0,2.0,2.23,45.3,833.6,-9999.0,-9999.0,-9999.0,-9999.0,-9999.0,-9999.0,-9999.0,0.0,0,1,"time.struct_time(tm_year=2022, tm_mon=2, tm_mday=5, tm_hour=4, tm_min=13, tm_sec=55, tm_wday=5, tm_yday=36, tm_isdst=-1)",2022-02-05,2022,2,36,5,13,4,BUS02
2022-02-05 04:16:25,40.765366,-111.909035,1273.5,-9999.0,-9999.0,-9999.0,13.51,32.63,23.97,12.41,5.0,2.0,30.5,7.0,885.9,0.0,0.6,2.25,45.3,833.6,-9999.0,-9999.0,-9999.0,-9999.0,-9999.0,-9999.0,-9999.0,0.0,0,1,"time.struct_time(tm_year=2022, tm_mon=2, tm_mday=5, tm_hour=4, tm_min=16, tm_sec=25, tm_wday=5, tm_yday=36, tm_isdst=-1)",2022-02-05,2022,2,36,5,16,4,BUS02
2022-02-05 04:18:55,40.765373,-111.908882,1279.0,-9999.0,-9999.0,-9999.0,13.51,32.61,23.98,12.17,7.0,2.0,30.39,7.0,885.9,0.0,0.9,2.23,45.3,833.4,-9999.0,-9999.0,-9999.0,-9999.0,-9999.0,-9999.0,-9999.0,0.0,0,1,"time.struct_time(tm_year=2022, tm_mon=2, tm_mday=5, tm_hour=4, tm_min=18, tm_sec=55, tm_wday=5, tm_yday=36, tm_isdst=-1)",2022-02-05,2022,2,36,5,18,4,BUS02
2022-02-05 04:21:25,40.765434,-111.909065,1279.9,-9999.0,-9999.0,-9999.0,13.51,32.58,23.96,12.05,7.0,2.0,30.39,7.0,885.8,0.0,1.0,2.25,45.2,833.5,-9999.0,-9999.0,-9999.0,-9999.0,-9999.0,-9999.0,-9999.0,0.0,0,1,"time.struct_time(tm_year=2022, tm_mon=2, tm_mday=5, tm_hour=4, tm_min=21, tm_sec=25, tm_wday=5, tm_yday=36, tm_isdst=-1)",2022-02-05,2022,2,36,5,21,4,BUS02
2022-02-05 04:23:55,40.76543,-111.90905,1280.4,-9999.0,-9999.0,-9999.0,13.51,32.56,23.94,12.24,7.0,2.0,30.39,7.0,885.7,0.0,0.9,2.24,45.2,833.3,-9999.0,-9999.0,-9999.0,-9999.0,-9999.0,-9999.0,-9999.0,0.0,0,1,"time.struct_time(tm_year=2022, tm_mon=2, tm_mday=5, tm_hour=4, tm_min=23, tm_sec=55, tm_wday=5, tm_yday=36, tm_isdst=-1)",2022-02-05,2022,2,36,5,23,4,BUS02
2022-02-05 04:26:25,40.765339,-111.90892,1280.6,-9999.0,-9999.0,-9999.0,13.51,32.53,23.93,12.33,7.0,2.0,30.39,7.0,885.6,0.0,3.2,2.25,45.2,833.4,-9999.0,-9999.0,-9999.0,-9999.0,-9999.0,-9999.0,-9999.0,0.0,0,1,"time.struct_time(tm_year=2022, tm_mon=2, tm_mday=5, tm_hour=4, tm_min=26, tm_sec=25, tm_wday=5, tm_yday=36, tm_isdst=-1)",2022-02-05,2022,2,36,5,26,4,BUS02
2022-02-05 04:28:55,40.765556,-111.909142,1282.7,-9999.0,-9999.0,-9999.0,13.51,32.51,23.91,12.37,8.0,2.0,30.28,7.0,886.0,0.0,-1.0,2.23,45.2,833.2,-9999.0,-9999.0,-9999.0,-9999.0,-9999.0,-9999.0,-9999.0,0.0,0,1,"time.struct_time(tm_year=2022, tm_mon=2, tm_mday=5, tm_hour=4, tm_min=28, tm_sec=55, tm_wday=5, tm_yday=36, tm_isdst=-1)",2022-02-05,2022,2,36,5,28,4,BUS02
2022-02-05 04:31:25,40.765556,-111.909058,1284.6,-9999.0,-9999.0,-9999.0,13.5,32.49,23.91,12.34,8.0,2.0,30.28,7.0,885.8,0.0,1.1,2.25,45.1,833.4,-9999.0,-9999.0,-9999.0,-9999.0,-9999.0,-9999.0,-9999.0,0.0,0,1,"time.struct_time(tm_year=2022, tm_mon=2, tm_mday=5, tm_hour=4, tm_min=31, tm_sec=25, tm_wday=5, tm_yday=36, tm_isdst=-1)",2022-02-05,2022,2,36,5,31,4,BUS02
2022-02-05 04:33:55,40.765598,-111.909157,1284.3,-9999.0,-9999.0,-9999.0,13.51,32.46,23.89,12.46,7.0,2.0,30.28,7.0,885.8,0.0,0.4,2.23,45.1,833.2,-9999.0,-9999.0,-9999.0,-9999.0,-9999.0,-9999.0,-9999.0,0.0,0,1,"time.struct_time(tm_year=2022, tm_mon=2, tm_mday=5, tm_hour=4, tm_min=33, tm_sec=55, tm_wday=5, tm_yday=36, tm_isdst=-1)",2022-02-05,2022,2,36,5,33,4,BUS02
2022-02-05 04:36:30,40.765488,-111.909248,1284.1,-9999.0,-9999.0,-9999.0,13.51,32.43,23.82,12.55,7.0,2.0,30.28,7.0,885.6,0.0,2.1,2.23,45.1,833.2,-9999.0,-9999.0,-9999.0,-9999.0,-9999.0,-9999.0,-9999.0,0.0,0,1,"time.struct_time(tm_year=2022, tm_mon=2, tm_mday=5, tm_hour=4, tm_min=36, tm_sec=30, tm_wday=5, tm_yday=36, tm_isdst=-1)",2022-02-05,2022,2,36,5,36,4,BUS02
2022-02-05 04:39:00,40.765594,-111.909012,1284.6,-9999.0,-9999.0,-9999.0,13.51,32.41,23.8,12.53,7.0,2.0,30.22,7.0,885.7,0.0,4.0,2.25,45.1,833.3,-9999.0,-9999.0,-9999.0,-9999.0,-9999.0,-9999.0,-9999.0,0.0,0,1,"time.struct_time(tm_year=2022, tm_mon=2, tm_mday=5, tm_hour=4, tm_min=39, tm_sec=0, tm_wday=5, tm_yday=36, tm_isdst=-1)",2022-02-05,2022,2,36,5,39,4,BUS02
2022-02-05 04:41:30,40.765476,-111.909042,1284.4,-9999.0,-9999.0,-9999.0,13.51,32.38,23.75,12.47,7.0,2.0,30.22,7.0,885.8,0.0,-0.4,2.24,45.0,833.2,-9999.0,-9999.0,-9999.0,-9999.0,-9999.0,-9999.0,-9999.0,0.0,0,1,"time.struct_time(tm_year=2022, tm_mon=2, tm_mday=5, tm_hour=4, tm_min=41, tm_sec=30, tm_wday=5, tm_yday=36, tm_isdst=-1)",2022-02-05,2022,2,36,5,41,4,BUS02
2022-02-05 04:44:00,40.765705,-111.909065,1286.1,-9999.0,-9999.0,-9999.0,13.51,32.35,23.71,12.66,6.0,2.0,30.22,7.0,885.7,0.0,1.4,2.24,45.0,833.4,-9999.0,-9999.0,-9999.0,-9999.0,-9999.0,-9999.0,-9999.0,0.0,0,1,"time.struct_time(tm_year=2022, tm_mon=2, tm_mday=5, tm_hour=4, tm_min=44, tm_sec=0, tm_wday=5, tm_yday=36, tm_isdst=-1)",2022-02-05,2022,2,36,5,44,4,BUS02
2022-02-05 04:46:30,40.765465,-111.908989,1286.0,-9999.0,-9999.0,-9999.0,13.51,32.33,23.71,12.51,7.0,2.0,30.11,7.0,885.9,0.0,2.6,2.24,45.0,833.2,-9999.0,-9999.0,-9999.0,-9999.0,-9999.0,-9999.0,-9999.0,0.0,0,1,"time.struct_time(tm_year=2022, tm_mon=2, tm_mday=5, tm_hour=4, tm_min=46, tm_sec=30, tm_wday=5, tm_yday=36, tm_isdst=-1)",2022-02-05,2022,2,36,5,46,4,BUS02
2022-02-05 04:49:00,40.765656,-111.909309,1285.7,-9999.0,-9999.0,-9999.0,13.51,32.3,23.64,12.41,6.0,2.0,30.22,7.0,885.9,0.0,1.8,2.24,45.0,833.3,-9999.0,-9999.0,-9999.0,-9999.0,-9999.0,-9999.0,-9999.0,0.0,0,1,"time.struct_time(tm_year=2022, tm_mon=2, tm_mday=5, tm_hour=4, tm_min=49, tm_sec=0, tm_wday=5, tm_yday=36, tm_isdst=-1)",2022-02-05,2022,2,36,5,49,4,BUS02
2022-02-05 04:51:30,40.765362,-111.908958,1281.2,-9999.0,-9999.0,-9999.0,13.51,32.28,23.65,12.55,8.0,2.0,30.28,7.0,885.9,0.0,0.3,2.24,44.9,833.2,-9999.0,-9999.0,-9999.0,-9999.0,-9999.0,-9999.0,-9999.0,0.0,0,1,"time.struct_time(tm_year=2022, tm_mon=2, tm_mday=5, tm_hour=4, tm_min=51, tm_sec=30, tm_wday=5, tm_yday=36, tm_isdst=-1)",2022-02-05,2022,2,36,5,51,4,BUS02
2022-02-05 04:54:00,40.765491,-111.909126,1279.3,-9999.0,-9999.0,-9999.0,13.51,32.28,23.64,12.41,6.0,2.0,30.5,7.0,886.0,0.0,0.0,2.23,44.9,833.4,-9999.0,-9999.0,-9999.0,-9999.0,-9999.0,-9999.0,-9999.0,0.0,0,1,"time.struct_time(tm_year=2022, tm_mon=2, tm_mday=5, tm_hour=4, tm_min=54, tm_sec=0, tm_wday=5, tm_yday=36, tm_isdst=-1)",2022-02-05,2022,2,36,5,54,4,BUS02
2022-02-05 04:56:30,40.765663,-111.908875,1278.1,-9999.0,-9999.0,-9999.0,13.51,32.3,23.82,12.24,7.0,2.0,30.72,7.0,886.1,0.0,0.2,2.24,44.9,833.3,-9999.0,-9999.0,-9999.0,-9999.0,-9999.0,-9999.0,-9999.0,0.0,0,1,"time.struct_time(tm_year=2022, tm_mon=2, tm_mday=5, tm_hour=4, tm_min=56, tm_sec=30, tm_wday=5, tm_yday=36, tm_isdst=-1)",2022-02-05,2022,2,36,5,56,4,BUS02
2022-02-05 04:59:00,40.765575,-111.909035,1280.3,-9999.0,-9999.0,-9999.0,13.51,32.33,23.95,12.02,7.0,2.0,30.89,7.0,885.8,0.0,1.7,2.24,44.9,833.4,-9999.0,-9999.0,-9999.0,-9999.0,-9999.0,-9999.0,-9999.0,0.0,0,1,"time.struct_time(tm_year=2022, tm_mon=2, tm_mday=5, tm_hour=4, tm_min=59, tm_sec=0, tm_wday=5, tm_yday=36, tm_isdst=-1)",2022-02-05,2022,2,36,5,59,4,BUS02
2022-02-05 05:01:30,40.7658,-111.908699,1280.5,-9999.0,-9999.0,-9999.0,13.51,32.38,24.11,9.55,18.0,2.0,31.22,7.0,885.9,0.0,-1.6,2.23,44.9,833.3,-9999.0,-9999.0,-9999.0,-9999.0,-9999.0,-9999.0,-9999.0,0.0,0,1,"time.struct_time(tm_year=2022, tm_mon=2, tm_mday=5, tm_hour=5, tm_min=1, tm_sec=30, tm_wday=5, tm_yday=36, tm_isdst=-1)",2022-02-05,2022,2,36,5,1,5,BUS02
2022-02-05 05:04:00,40.766773,-111.9104,1338.5,-9999.0,-9999.0,-9999.0,13.51,32.41,20.68,11.78,15.0,2.0,30.78,6.0,886.1,0.0,0.5,2.23,44.9,833.5,-9999.0,-9999.0,-9999.0,-9999.0,-9999.0,-9999.0,-9999.0,0.0,0,1,"time.struct_time(tm_year=2022, tm_mon=2, tm_mday=5, tm_hour=5, tm_min=4, tm_sec=0, tm_wday=5, tm_yday=36, tm_isdst=-1)",2022-02-05,2022,2,36,5,4,5,BUS02
2022-02-05 05:06:30,40.766594,-111.910507,1394.3,-9999.0,-9999.0,-9999.0,13.51,32.37,17.64,14.4,8.0,2.0,30.0,6.0,886.0,0.0,1.2,2.24,44.9,833.4,-9999.0,-9999.0,-9999.0,-9999.0,-9999.0,-9999.0,-9999.0,0.0,0,1,"time.struct_time(tm_year=2022, tm_mon=2, tm_mday=5, tm_hour=5, tm_min=6, tm_sec=30, tm_wday=5, tm_yday=36, tm_isdst=-1)",2022-02-05,2022,2,36,5,6,5,BUS02
2022-02-05 05:09:00,40.766594,-111.910507,1394.3,-9999.0,-9999.0,-9999.0,13.51,32.27,15.49,16.21,8.0,2.0,29.11,6.0,886.1,0.0,2.8,2.23,44.9,833.5,-9999.0,-9999.0,-9999.0,-9999.0,-9999.0,-9999.0,-9999.0,0.0,0,1,"time.struct_time(tm_year=2022, tm_mon=2, tm_mday=5, tm_hour=5, tm_min=9, tm_sec=0, tm_wday=5, tm_yday=36, tm_isdst=-1)",2022-02-05,2022,2,36,5,9,5,BUS02
2022-02-05 05:11:30,40.766197,-111.910339,1363.2,-9999.0,-9999.0,-9999.0,13.51,32.09,13.44,18.32,7.0,2.0,28.22,6.0,886.1,0.0,1.2,2.25,44.8,833.4,-9999.0,-9999.0,-9999.0,-9999.0,-9999.0,-9999.0,-9999.0,0.0,0,1,"time.struct_time(tm_year=2022, tm_mon=2, tm_mday=5, tm_hour=5, tm_min=11, tm_sec=30, tm_wday=5, tm_yday=36, tm_isdst=-1)",2022-02-05,2022,2,36,5,11,5,BUS02
2022-02-05 05:15:05,40.766151,-111.910164,1360.6,-9999.0,-9999.0,-9999.0,13.51,31.72,10.79,21.56,7.0,2.0,27.0,6.0,885.9,0.0,-0.8,2.24,44.7,833.5,-9999.0,-9999.0,-9999.0,-9999.0,-9999.0,-9999.0,-9999.0,0.0,0,1,"time.struct_time(tm_year=2022, tm_mon=2, tm_mday=5, tm_hour=5, tm_min=15, tm_sec=5, tm_wday=5, tm_yday=36, tm_isdst=-1)",2022-02-05,2022,2,36,5,15,5,BUS02
2022-02-05 05:17:35,40.766102,-111.910065,1358.1,-9999.0,-9999.0,-9999.0,13.51,31.42,9.69,23.06,7.0,2.0,26.22,6.0,885.8,0.0,0.4,2.24,44.6,833.4,-9999.0,-9999.0,-9999.0,-9999.0,-9999.0,-9999.0,-9999.0,0.0,0,1,"time.struct_time(tm_year=2022, tm_mon=2, tm_mday=5, tm_hour=5, tm_min=17, tm_sec=35, tm_wday=5, tm_yday=36, tm_isdst=-1)",2022-02-05,2022,2,36,5,17,5,BUS02
2022-02-05 05:20:05,40.765911,-111.909988,1356.9,-9999.0,-9999.0,-9999.0,13.51,31.08,8.92,24.47,7.0,2.0,25.5,6.0,885.8,0.0,2.3,2.25,44.5,833.5,-9999.0,-9999.0,-9999.0,-9999.0,-9999.0,-9999.0,-9999.0,0.0,0,1,"time.struct_time(tm_year=2022, tm_mon=2, tm_mday=5, tm_hour=5, tm_min=20, tm_sec=5, tm_wday=5, tm_yday=36, tm_isdst=-1)",2022-02-05,2022,2,36,5,20,5,BUS02
2022-02-05 05:22:35,40.765888,-111.90976,1351.5,-9999.0,-9999.0,-9999.0,13.54,30.73,7.93,26.22,9.0,2.0,24.78,6.0,885.8,0.0,0.8,2.24,44.4,833.3,-9999.0,-9999.0,-9999.0,-9999.0,-9999.0,-9999.0,-9999.0,0.0,0,1,"time.struct_time(tm_year=2022, tm_mon=2, tm_mday=5, tm_hour=5, tm_min=22, tm_sec=35, tm_wday=5, tm_yday=36, tm_isdst=-1)",2022-02-05,2022,2,36,5,22,5,BUS02
2022-02-05 05:25:05,40.765888,-111.90976,1350.7,-9999.0,-9999.0,-9999.0,13.54,30.36,7.03,27.98,9.0,2.0,24.22,6.0,885.7,0.0,-0.3,2.24,44.2,833.5,-9999.0,-9999.0,-9999.0,-9999.0,-9999.0,-9999.0,-9999.0,0.0,0,1,"time.struct_time(tm_year=2022, tm_mon=2, tm_mday=5, tm_hour=5, tm_min=25, tm_sec=5, tm_wday=5, tm_yday=36, tm_isdst=-1)",2022-02-05,2022,2,36,5,25,5,BUS02
2022-02-05 05:27:35,40.765808,-111.909668,1323.3,-9999.0,-9999.0,-9999.0,13.54,29.97,6.49,29.29,8.0,2.0,23.61,6.0,885.9,0.0,-1.0,2.25,44.1,833.4,-9999.0,-9999.0,-9999.0,-9999.0,-9999.0,-9999.0,-9999.0,0.0,0,1,"time.struct_time(tm_year=2022, tm_mon=2, tm_mday=5, tm_hour=5, tm_min=27, tm_sec=35, tm_wday=5, tm_yday=36, tm_isdst=-1)",2022-02-05,2022,2,36,5,27,5,BUS02
2022-02-05 05:30:05,40.765739,-111.909706,1316.8,-9999.0,-9999.0,-9999.0,13.54,29.57,5.73,31.14,8.0,2.0,23.0,6.0,886.0,0.0,-2.1,2.23,43.9,833.7,-9999.0,-9999.0,-9999.0,-9999.0,-9999.0,-9999.0,-9999.0,0.0,0,1,"time.struct_time(tm_year=2022, tm_mon=2, tm_mday=5, tm_hour=5, tm_min=30, tm_sec=5, tm_wday=5, tm_yday=36, tm_isdst=-1)",2022-02-05,2022,2,36,5,30,5,BUS02
2022-02-05 05:32:35,40.765709,-111.909706,1315.2,-9999.0,-9999.0,-9999.0,13.54,29.17,5.3,31.95,8.0,2.0,22.5,6.0,886.1,0.0,-1.9,2.23,43.7,833.5,-9999.0,-9999.0,-9999.0,-9999.0,-9999.0,-9999.0,-9999.0,0.0,0,1,"time.struct_time(tm_year=2022, tm_mon=2, tm_mday=5, tm_hour=5, tm_min=32, tm_sec=35, tm_wday=5, tm_yday=36, tm_isdst=-1)",2022-02-05,2022,2,36,5,32,5,BUS02
2022-02-05 05:35:05,40.765736,-111.909775,1315.8,-9999.0,-9999.0,-9999.0,13.58,28.76,4.96,32.53,9.0,2.0,22.0,6.0,885.9,0.0,-0.1,2.23,43.4,833.7,-9999.0,-9999.0,-9999.0,-9999.0,-9999.0,-9999.0,-9999.0,0.0,0,1,"time.struct_time(tm_year=2022, tm_mon=2, tm_mday=5, tm_hour=5, tm_min=35, tm_sec=5, tm_wday=5, tm_yday=36, tm_isdst=-1)",2022-02-05,2022,2,36,5,35,5,BUS02
2022-02-05 05:37:35,40.765736,-111.909775,1315.6,-9999.0,-9999.0,-9999.0,13.58,28.34,4.67,33.0,9.0,2.0,21.5,6.0,886.1,0.0,-3.7,2.23,43.2,833.6,-9999.0,-9999.0,-9999.0,-9999.0,-9999.0,-9999.0,-9999.0,0.0,0,1,"time.struct_time(tm_year=2022, tm_mon=2, tm_mday=5, tm_hour=5, tm_min=37, tm_sec=35, tm_wday=5, tm_yday=36, tm_isdst=-1)",2022-02-05,2022,2,36,5,37,5,BUS02
2022-02-05 05:40:05,40.76572,-111.909706,1304.2,-9999.0,-9999.0,-9999.0,13.58,27.93,4.7,32.66,9.0,2.0,21.0,6.0,886.0,0.0,0.3,2.23,43.0,833.8,-9999.0,-9999.0,-9999.0,-9999.0,-9999.0,-9999.0,-9999.0,0.0,0,1,"time.struct_time(tm_year=2022, tm_mon=2, tm_mday=5, tm_hour=5, tm_min=40, tm_sec=5, tm_wday=5, tm_yday=36, tm_isdst=-1)",2022-02-05,2022,2,36,5,40,5,BUS02
2022-02-05 05:42:35,40.765778,-111.909683,1302.1,-9999.0,-9999.0,-9999.0,13.58,27.52,4.82,32.25,9.0,2.0,20.61,6.0,886.0,0.0,-0.6,2.23,42.7,833.7,-9999.0,-9999.0,-9999.0,-9999.0,-9999.0,-9999.0,-9999.0,0.0,0,1,"time.struct_time(tm_year=2022, tm_mon=2, tm_mday=5, tm_hour=5, tm_min=42, tm_sec=35, tm_wday=5, tm_yday=36, tm_isdst=-1)",2022-02-05,2022,2,36,5,42,5,BUS02
2022-02-05 05:45:05,40.7658,-111.909714,1301.9,-9999.0,-9999.0,-9999.0,13.58,27.12,4.92,31.79,9.0,2.0,20.22,6.0,886.0,0.0,0.2,2.22,42.4,833.9,-9999.0,-9999.0,-9999.0,-9999.0,-9999.0,-9999.0,-9999.0,0.0,0,1,"time.struct_time(tm_year=2022, tm_mon=2, tm_mday=5, tm_hour=5, tm_min=45, tm_sec=5, tm_wday=5, tm_yday=36, tm_isdst=-1)",2022-02-05,2022,2,36,5,45,5,BUS02
2022-02-05 05:47:35,40.765797,-111.909645,1301.0,-9999.0,-9999.0,-9999.0,13.61,26.71,5.08,31.48,8.0,2.0,19.78,6.0,886.0,0.0,-1.3,2.22,42.2,833.8,-9999.0,-9999.0,-9999.0,-9999.0,-9999.0,-9999.0,-9999.0,0.0,0,1,"time.struct_time(tm_year=2022, tm_mon=2, tm_mday=5, tm_hour=5, tm_min=47, tm_sec=35, tm_wday=5, tm_yday=36, tm_isdst=-1)",2022-02-05,2022,2,36,5,47,5,BUS02
2022-02-05 05:50:05,40.765797,-111.909615,1300.1,-9999.0,-9999.0,-9999.0,13.61,26.31,4.87,32.35,11.0,2.0,19.39,7.0,886.0,0.0,-1.5,2.22,41.8,833.9,-9999.0,-9999.0,-9999.0,-9999.0,-9999.0,-9999.0,-9999.0,0.0,0,1,"time.struct_time(tm_year=2022, tm_mon=2, tm_mday=5, tm_hour=5, tm_min=50, tm_sec=5, tm_wday=5, tm_yday=36, tm_isdst=-1)",2022-02-05,2022,2,36,5,50,5,BUS02
2022-02-05 05:52:35,40.765774,-111.90963,1296.8,-9999.0,-9999.0,-9999.0,13.61,25.91,4.84,32.4,8.0,2.0,19.11,7.0,885.8,0.0,-3.4,2.22,41.6,833.6,-9999.0,-9999.0,-9999.0,-9999.0,-9999.0,-9999.0,-9999.0,0.0,0,1,"time.struct_time(tm_year=2022, tm_mon=2, tm_mday=5, tm_hour=5, tm_min=52, tm_sec=35, tm_wday=5, tm_yday=36, tm_isdst=-1)",2022-02-05,2022,2,36,5,52,5,BUS02
2022-02-05 05:55:05,40.765816,-111.90966,1283.6,-9999.0,-9999.0,-9999.0,13.62,25.52,4.59,33.03,9.0,2.0,18.72,7.0,885.9,0.0,0.2,2.2,41.3,833.8,-9999.0,-9999.0,-9999.0,-9999.0,-9999.0,-9999.0,-9999.0,0.0,0,1,"time.struct_time(tm_year=2022, tm_mon=2, tm_mday=5, tm_hour=5, tm_min=55, tm_sec=5, tm_wday=5, tm_yday=36, tm_isdst=-1)",2022-02-05,2022,2,36,5,55,5,BUS02
2022-02-05 05:57:35,40.765812,-111.909668,1282.9,-9999.0,-9999.0,-9999.0,13.61,25.15,4.21,34.32,10.0,2.0,18.39,7.0,885.8,0.0,-1.0,2.21,41.0,833.6,-9999.0,-9999.0,-9999.0,-9999.0,-9999.0,-9999.0,-9999.0,0.0,0,1,"time.struct_time(tm_year=2022, tm_mon=2, tm_mday=5, tm_hour=5, tm_min=57, tm_sec=35, tm_wday=5, tm_yday=36, tm_isdst=-1)",2022-02-05,2022,2,36,5,57,5,BUS02
2022-02-05 06:00:05,40.765694,-111.909599,1280.7,-9999.0,-9999.0,-9999.0,13.61,24.78,3.93,35.96,12.0,2.0,18.0,7.0,886.0,0.0,0.5,2.21,40.6,833.8,-9999.0,-9999.0,-9999.0,-9999.0,-9999.0,-9999.0,-9999.0,0.0,0,1,"time.struct_time(tm_year=2022, tm_mon=2, tm_mday=5, tm_hour=6, tm_min=0, tm_sec=5, tm_wday=5, tm_yday=36, tm_isdst=-1)",2022-02-05,2022,2,36,5,0,6,BUS02
2022-02-05 06:02:35,40.765877,-111.909691,1263.7,-9999.0,-9999.0,-9999.0,13.61,24.41,3.9,36.41,13.0,2.0,17.61,7.0,885.7,0.0,-1.3,2.21,40.3,833.5,-9999.0,-9999.0,-9999.0,-9999.0,-9999.0,-9999.0,-9999.0,0.0,0,1,"time.struct_time(tm_year=2022, tm_mon=2, tm_mday=5, tm_hour=6, tm_min=2, tm_sec=35, tm_wday=5, tm_yday=36, tm_isdst=-1)",2022-02-05,2022,2,36,5,2,6,BUS02
2022-02-05 06:05:05,40.765865,-111.909653,1286.5,-9999.0,-9999.0,-9999.0,13.61,24.04,3.92,35.52,11.0,2.0,17.22,7.0,885.5,0.0,-0.3,2.22,40.0,833.6,-9999.0,-9999.0,-9999.0,-9999.0,-9999.0,-9999.0,-9999.0,0.0,0,1,"time.struct_time(tm_year=2022, tm_mon=2, tm_mday=5, tm_hour=6, tm_min=5, tm_sec=5, tm_wday=5, tm_yday=36, tm_isdst=-1)",2022-02-05,2022,2,36,5,5,6,BUS02
2022-02-05 06:07:35,40.765778,-111.909576,1285.3,-9999.0,-9999.0,-9999.0,13.61,23.67,3.96,35.33,12.0,2.0,16.89,8.0,885.7,0.0,-1.3,2.21,39.7,833.4,-9999.0,-9999.0,-9999.0,-9999.0,-9999.0,-9999.0,-9999.0,0.0,0,1,"time.struct_time(tm_year=2022, tm_mon=2, tm_mday=5, tm_hour=6, tm_min=7, tm_sec=35, tm_wday=5, tm_yday=36, tm_isdst=-1)",2022-02-05,2022,2,36,5,7,6,BUS02
2022-02-05 06:10:05,40.765797,-111.909607,1284.9,-9999.0,-9999.0,-9999.0,13.65,23.31,4.08,35.41,11.0,2.0,16.5,8.0,885.5,0.0,-1.3,2.21,39.4,833.6,-9999.0,-9999.0,-9999.0,-9999.0,-9999.0,-9999.0,-9999.0,0.0,0,1,"time.struct_time(tm_year=2022, tm_mon=2, tm_mday=5, tm_hour=6, tm_min=10, tm_sec=5, tm_wday=5, tm_yday=36, tm_isdst=-1)",2022-02-05,2022,2,36,5,10,6,BUS02
2022-02-05 06:12:35,40.765797,-111.909622,1285.2,-9999.0,-9999.0,-9999.0,13.65,22.95,3.98,35.82,10.0,2.0,16.22,8.0,885.4,0.0,-1.2,2.19,39.1,833.4,-9999.0,-9999.0,-9999.0,-9999.0,-9999.0,-9999.0,-9999.0,0.0,0,1,"time.struct_time(tm_year=2022, tm_mon=2, tm_mday=5, tm_hour=6, tm_min=12, tm_sec=35, tm_wday=5, tm_yday=36, tm_isdst=-1)",2022-02-05,2022,2,36,5,12,6,BUS02
2022-02-05 06:16:10,40.765846,-111.90979,1281.1,-9999.0,-9999.0,-9999.0,13.65,22.49,3.64,36.05,10.0,2.0,15.78,8.0,885.7,0.0,-0.3,2.19,38.6,833.4,-9999.0,-9999.0,-9999.0,-9999.0,-9999.0,-9999.0,-9999.0,0.0,0,1,"time.struct_time(tm_year=2022, tm_mon=2, tm_mday=5, tm_hour=6, tm_min=16, tm_sec=10, tm_wday=5, tm_yday=36, tm_isdst=-1)",2022-02-05,2022,2,36,5,16,6,BUS02
2022-02-05 06:18:40,40.765762,-111.90966,1265.1,-9999.0,-9999.0,-9999.0,13.65,22.17,3.24,37.21,10.0,2.0,15.5,8.0,885.6,0.0,-0.6,2.19,38.3,833.6,-9999.0,-9999.0,-9999.0,-9999.0,-9999.0,-9999.0,-9999.0,0.0,0,1,"time.struct_time(tm_year=2022, tm_mon=2, tm_mday=5, tm_hour=6, tm_min=18, tm_sec=40, tm_wday=5, tm_yday=36, tm_isdst=-1)",2022-02-05,2022,2,36,5,18,6,BUS02
2022-02-05 06:21:10,40.765732,-111.909592,1293.9,-9999.0,-9999.0,-9999.0,13.65,21.87,3.04,38.82,15.0,2.0,15.28,8.0,885.5,0.0,-0.3,2.18,38.0,833.4,-9999.0,-9999.0,-9999.0,-9999.0,-9999.0,-9999.0,-9999.0,0.0,0,1,"time.struct_time(tm_year=2022, tm_mon=2, tm_mday=5, tm_hour=6, tm_min=21, tm_sec=10, tm_wday=5, tm_yday=36, tm_isdst=-1)",2022-02-05,2022,2,36,5,21,6,BUS02
2022-02-05 06:23:40,40.765743,-111.909561,1292.7,-9999.0,-9999.0,-9999.0,13.65,21.58,2.85,39.33,14.0,2.0,15.0,9.0,885.7,0.0,0.5,2.19,37.7,833.5,-9999.0,-9999.0,-9999.0,-9999.0,-9999.0,-9999.0,-9999.0,0.0,0,1,"time.struct_time(tm_year=2022, tm_mon=2, tm_mday=5, tm_hour=6, tm_min=23, tm_sec=40, tm_wday=5, tm_yday=36, tm_isdst=-1)",2022-02-05,2022,2,36,5,23,6,BUS02
2022-02-05 06:26:10,40.765739,-111.909554,1292.6,-9999.0,-9999.0,-9999.0,13.65,21.28,2.77,38.59,12.0,2.0,14.72,9.0,885.6,0.0,-1.4,2.18,37.4,833.3,-9999.0,-9999.0,-9999.0,-9999.0,-9999.0,-9999.0,-9999.0,0.0,0,1,"time.struct_time(tm_year=2022, tm_mon=2, tm_mday=5, tm_hour=6, tm_min=26, tm_sec=10, tm_wday=5, tm_yday=36, tm_isdst=-1)",2022-02-05,2022,2,36,5,26,6,BUS02
2022-02-05 06:28:40,40.765743,-111.909554,1292.8,-9999.0,-9999.0,-9999.0,13.65,21.0,2.91,37.19,11.0,2.0,14.5,9.0,885.5,0.0,-3.3,2.18,37.1,833.5,-9999.0,-9999.0,-9999.0,-9999.0,-9999.0,-9999.0,-9999.0,0.0,0,1,"time.struct_time(tm_year=2022, tm_mon=2, tm_mday=5, tm_hour=6, tm_min=28, tm_sec=40, tm_wday=5, tm_yday=36, tm_isdst=-1)",2022-02-05,2022,2,36,5,28,6,BUS02
2022-02-05 06:31:10,40.765747,-111.909561,1292.7,-9999.0,-9999.0,-9999.0,13.68,20.72,3.07,36.69,10.0,2.0,14.28,9.0,885.4,0.0,0.4,2.19,36.8,833.3,-9999.0,-9999.0,-9999.0,-9999.0,-9999.0,-9999.0,-9999.0,0.0,0,1,"time.struct_time(tm_year=2022, tm_mon=2, tm_mday=5, tm_hour=6, tm_min=31, tm_sec=10, tm_wday=5, tm_yday=36, tm_isdst=-1)",2022-02-05,2022,2,36,5,31,6,BUS02
2022-02-05 06:33:40,40.765751,-111.909569,1292.6,-9999.0,-9999.0,-9999.0,13.68,20.45,3.14,36.79,9.0,2.0,14.0,9.0,885.3,0.0,0.0,2.17,36.5,833.4,-9999.0,-9999.0,-9999.0,-9999.0,-9999.0,-9999.0,-9999.0,0.0,0,1,"time.struct_time(tm_year=2022, tm_mon=2, tm_mday=5, tm_hour=6, tm_min=33, tm_sec=40, tm_wday=5, tm_yday=36, tm_isdst=-1)",2022-02-05,2022,2,36,5,33,6,BUS02
2022-02-05 06:36:10,40.765755,-111.909569,1292.6,-9999.0,-9999.0,-9999.0,13.69,20.18,3.02,36.8,8.0,2.0,13.78,9.0,885.6,0.0,1.3,2.17,36.2,833.2,-9999.0,-9999.0,-9999.0,-9999.0,-9999.0,-9999.0,-9999.0,0.0,0,1,"time.struct_time(tm_year=2022, tm_mon=2, tm_mday=5, tm_hour=6, tm_min=36, tm_sec=10, tm_wday=5, tm_yday=36, tm_isdst=-1)",2022-02-05,2022,2,36,5,36,6,BUS02
2022-02-05 06:38:40,40.765755,-111.909592,1291.7,-9999.0,-9999.0,-9999.0,13.69,19.93,3.06,35.86,7.0,2.0,13.61,9.0,885.5,0.0,2.5,2.17,35.9,833.4,-9999.0,-9999.0,-9999.0,-9999.0,-9999.0,-9999.0,-9999.0,0.0,0,1,"time.struct_time(tm_year=2022, tm_mon=2, tm_mday=5, tm_hour=6, tm_min=38, tm_sec=40, tm_wday=5, tm_yday=36, tm_isdst=-1)",2022-02-05,2022,2,36,5,38,6,BUS02
2022-02-05 06:41:10,40.765759,-111.909622,1291.0,-9999.0,-9999.0,-9999.0,13.69,19.68,3.1,35.57,7.0,2.0,13.39,9.0,885.4,0.0,-1.5,2.18,35.7,833.1,-9999.0,-9999.0,-9999.0,-9999.0,-9999.0,-9999.0,-9999.0,0.0,0,1,"time.struct_time(tm_year=2022, tm_mon=2, tm_mday=5, tm_hour=6, tm_min=41, tm_sec=10, tm_wday=5, tm_yday=36, tm_isdst=-1)",2022-02-05,2022,2,36,5,41,6,BUS02
2022-02-05 06:43:40,40.765762,-111.909622,1291.1,-9999.0,-9999.0,-9999.0,13.69,19.43,3.07,35.96,7.0,2.0,13.22,9.0,885.4,0.0,0.4,2.17,35.4,833.3,-9999.0,-9999.0,-9999.0,-9999.0,-9999.0,-9999.0,-9999.0,0.0,0,1,"time.struct_time(tm_year=2022, tm_mon=2, tm_mday=5, tm_hour=6, tm_min=43, tm_sec=40, tm_wday=5, tm_yday=36, tm_isdst=-1)",2022-02-05,2022,2,36,5,43,6,BUS02
2022-02-05 06:46:10,40.765762,-111.90963,1290.8,-9999.0,-9999.0,-9999.0,13.68,19.2,2.91,36.36,6.0,2.0,13.0,9.0,885.2,0.0,0.6,2.17,35.1,833.1,-9999.0,-9999.0,-9999.0,-9999.0,-9999.0,-9999.0,-9999.0,0.0,0,1,"time.struct_time(tm_year=2022, tm_mon=2, tm_mday=5, tm_hour=6, tm_min=46, tm_sec=10, tm_wday=5, tm_yday=36, tm_isdst=-1)",2022-02-05,2022,2,36,5,46,6,BUS02
2022-02-05 06:48:40,40.765766,-111.909637,1290.5,-9999.0,-9999.0,-9999.0,13.68,18.97,2.83,36.6,7.0,2.0,12.78,10.0,885.1,0.0,0.9,2.16,34.8,833.3,-9999.0,-9999.0,-9999.0,-9999.0,-9999.0,-9999.0,-9999.0,0.0,0,1,"time.struct_time(tm_year=2022, tm_mon=2, tm_mday=5, tm_hour=6, tm_min=48, tm_sec=40, tm_wday=5, tm_yday=36, tm_isdst=-1)",2022-02-05,2022,2,36,5,48,6,BUS02
2022-02-05 06:51:10,40.76577,-111.909645,1290.4,-9999.0,-9999.0,-9999.0,13.68,18.74,2.81,36.3,7.0,2.0,12.61,10.0,885.3,0.0,-1.6,2.17,34.6,833.2,-9999.0,-9999.0,-9999.0,-9999.0,-9999.0,-9999.0,-9999.0,0.0,0,1,"time.struct_time(tm_year=2022, tm_mon=2, tm_mday=5, tm_hour=6, tm_min=51, tm_sec=10, tm_wday=5, tm_yday=36, tm_isdst=-1)",2022-02-05,2022,2,36,5,51,6,BUS02
2022-02-05 06:53:40,40.765774,-111.909653,1290.4,-9999.0,-9999.0,-9999.0,13.68,18.52,2.77,36.2,7.0,2.0,12.39,10.0,885.3,0.0,1.8,2.16,34.3,833.4,-9999.0,-9999.0,-9999.0,-9999.0,-9999.0,-9999.0,-9999.0,0.0,0,1,"time.struct_time(tm_year=2022, tm_mon=2, tm_mday=5, tm_hour=6, tm_min=53, tm_sec=40, tm_wday=5, tm_yday=36, tm_isdst=-1)",2022-02-05,2022,2,36,5,53,6,BUS02
2022-02-05 06:56:10,40.765778,-111.90966,1290.3,-9999.0,-9999.0,-9999.0,13.72,18.31,2.77,36.5,8.0,2.0,12.28,10.0,885.4,0.0,-3.4,2.16,34.1,833.2,-9999.0,-9999.0,-9999.0,-9999.0,-9999.0,-9999.0,-9999.0,0.0,0,1,"time.struct_time(tm_year=2022, tm_mon=2, tm_mday=5, tm_hour=6, tm_min=56, tm_sec=10, tm_wday=5, tm_yday=36, tm_isdst=-1)",2022-02-05,2022,2,36,5,56,6,BUS02
2022-02-05 06:58:40,40.765774,-111.90966,1290.0,-9999.0,-9999.0,-9999.0,13.72,18.1,2.37,37.59,6.0,2.0,12.11,10.0,885.6,0.0,1.5,2.15,33.8,833.5,-9999.0,-9999.0,-9999.0,-9999.0,-9999.0,-9999.0,-9999.0,0.0,0,1,"time.struct_time(tm_year=2022, tm_mon=2, tm_mday=5, tm_hour=6, tm_min=58, tm_sec=40, tm_wday=5, tm_yday=36, tm_isdst=-1)",2022-02-05,2022,2,36,5,58,6,BUS02
2022-02-05 07:01:10,40.765903,-111.909599,1288.8,-9999.0,-9999.0,-9999.0,13.72,17.89,2.04,38.38,7.0,2.0,11.89,10.0,885.6,0.0,0.8,2.16,33.6,833.3,-9999.0,-9999.0,-9999.0,-9999.0,-9999.0,-9999.0,-9999.0,0.0,0,1,"time.struct_time(tm_year=2022, tm_mon=2, tm_mday=5, tm_hour=7, tm_min=1, tm_sec=10, tm_wday=5, tm_yday=36, tm_isdst=-1)",2022-02-05,2022,2,36,5,1,7,BUS02
2022-02-05 07:03:40,40.765896,-111.909607,1288.8,-9999.0,-9999.0,-9999.0,13.72,17.69,1.92,38.24,8.0,2.0,11.72,10.0,885.4,0.0,2.1,2.15,33.3,833.5,-9999.0,-9999.0,-9999.0,-9999.0,-9999.0,-9999.0,-9999.0,0.0,0,1,"time.struct_time(tm_year=2022, tm_mon=2, tm_mday=5, tm_hour=7, tm_min=3, tm_sec=40, tm_wday=5, tm_yday=36, tm_isdst=-1)",2022-02-05,2022,2,36,5,3,7,BUS02
2022-02-05 07:06:10,40.765881,-111.909683,1288.6,-9999.0,-9999.0,-9999.0,13.72,17.49,1.96,38.22,7.0,2.0,11.5,10.0,885.4,0.0,-0.2,2.15,33.1,833.2,-9999.0,-9999.0,-9999.0,-9999.0,-9999.0,-9999.0,-9999.0,0.0,0,1,"time.struct_time(tm_year=2022, tm_mon=2, tm_mday=5, tm_hour=7, tm_min=6, tm_sec=10, tm_wday=5, tm_yday=36, tm_isdst=-1)",2022-02-05,2022,2,36,5,6,7,BUS02
2022-02-05 07:08:40,40.765877,-111.909691,1288.4,-9999.0,-9999.0,-9999.0,13.72,17.3,1.96,38.2,8.0,2.0,11.39,11.0,885.5,0.0,0.3,2.15,32.9,833.4,-9999.0,-9999.0,-9999.0,-9999.0,-9999.0,-9999.0,-9999.0,0.0,0,1,"time.struct_time(tm_year=2022, tm_mon=2, tm_mday=5, tm_hour=7, tm_min=8, tm_sec=40, tm_wday=5, tm_yday=36, tm_isdst=-1)",2022-02-05,2022,2,36,5,8,7,BUS02
2022-02-05 07:11:10,40.765877,-111.909691,1288.1,-9999.0,-9999.0,-9999.0,13.72,17.1,1.82,38.76,7.0,2.0,11.22,11.0,885.3,0.0,-1.8,2.15,32.7,833.1,-9999.0,-9999.0,-9999.0,-9999.0,-9999.0,-9999.0,-9999.0,0.0,0,1,"time.struct_time(tm_year=2022, tm_mon=2, tm_mday=5, tm_hour=7, tm_min=11, tm_sec=10, tm_wday=5, tm_yday=36, tm_isdst=-1)",2022-02-05,2022,2,36,5,11,7,BUS02
2022-02-05 07:13:40,40.765804,-111.909737,1291.1,-9999.0,-9999.0,-9999.0,13.72,16.92,1.52,39.55,8.0,2.0,11.0,11.0,885.4,0.0,0.6,2.15,32.4,833.4,-9999.0,-9999.0,-9999.0,-9999.0,-9999.0,-9999.0,-9999.0,0.0,0,1,"time.struct_time(tm_year=2022, tm_mon=2, tm_mday=5, tm_hour=7, tm_min=13, tm_sec=40, tm_wday=5, tm_yday=36, tm_isdst=-1)",2022-02-05,2022,2,36,5,13,7,BUS02
2022-02-05 07:17:15,40.765877,-111.909813,1298.0,-9999.0,-9999.0,-9999.0,13.72,16.65,1.29,40.05,8.0,2.0,10.72,11.0,885.3,0.0,-2.2,2.14,32.1,833.2,-9999.0,-9999.0,-9999.0,-9999.0,-9999.0,-9999.0,-9999.0,0.0,0,1,"time.struct_time(tm_year=2022, tm_mon=2, tm_mday=5, tm_hour=7, tm_min=17, tm_sec=15, tm_wday=5, tm_yday=36, tm_isdst=-1)",2022-02-05,2022,2,36,5,17,7,BUS02
2022-02-05 07:19:45,40.76569,-111.909569,1295.9,-9999.0,-9999.0,-9999.0,13.72,16.47,1.16,40.37,7.0,2.0,10.61,11.0,885.3,0.0,1.0,2.16,31.9,833.6,-9999.0,-9999.0,-9999.0,-9999.0,-9999.0,-9999.0,-9999.0,0.0,0,1,"time.struct_time(tm_year=2022, tm_mon=2, tm_mday=5, tm_hour=7, tm_min=19, tm_sec=45, tm_wday=5, tm_yday=36, tm_isdst=-1)",2022-02-05,2022,2,36,5,19,7,BUS02
2022-02-05 07:22:15,40.765785,-111.909599,1300.0,-9999.0,-9999.0,-9999.0,13.75,16.29,1.05,40.55,8.0,2.0,10.39,11.0,885.6,0.0,-0.5,2.14,31.7,833.3,-9999.0,-9999.0,-9999.0,-9999.0,-9999.0,-9999.0,-9999.0,0.0,0,1,"time.struct_time(tm_year=2022, tm_mon=2, tm_mday=5, tm_hour=7, tm_min=22, tm_sec=15, tm_wday=5, tm_yday=36, tm_isdst=-1)",2022-02-05,2022,2,36,5,22,7,BUS02
2022-02-05 07:24:45,40.765991,-111.90979,1290.3,-9999.0,-9999.0,-9999.0,13.75,16.1,0.94,41.33,8.0,2.0,10.22,11.0,885.5,0.0,-0.3,2.15,31.5,833.5,-9999.0,-9999.0,-9999.0,-9999.0,-9999.0,-9999.0,-9999.0,0.0,0,1,"time.struct_time(tm_year=2022, tm_mon=2, tm_mday=5, tm_hour=7, tm_min=24, tm_sec=45, tm_wday=5, tm_yday=36, tm_isdst=-1)",2022-02-05,2022,2,36,5,24,7,BUS02
2022-02-05 07:28:20,40.766006,-111.90992,1333.0,-9999.0,-9999.0,-9999.0,13.74,15.85,0.88,41.39,7.0,2.0,10.0,12.0,885.5,0.0,-0.9,2.15,31.2,833.6,-9999.0,-9999.0,-9999.0,-9999.0,-9999.0,-9999.0,-9999.0,0.0,0,1,"time.struct_time(tm_year=2022, tm_mon=2, tm_mday=5, tm_hour=7, tm_min=28, tm_sec=20, tm_wday=5, tm_yday=36, tm_isdst=-1)",2022-02-05,2022,2,36,5,28,7,BUS02
2022-02-05 07:30:50,40.765896,-111.90979,1328.7,-9999.0,-9999.0,-9999.0,13.75,15.67,0.86,41.88,10.0,2.0,9.78,12.0,885.5,0.0,-1.9,2.15,31.0,833.2,-9999.0,-9999.0,-9999.0,-9999.0,-9999.0,-9999.0,-9999.0,0.0,0,1,"time.struct_time(tm_year=2022, tm_mon=2, tm_mday=5, tm_hour=7, tm_min=30, tm_sec=50, tm_wday=5, tm_yday=36, tm_isdst=-1)",2022-02-05,2022,2,36,5,30,7,BUS02
2022-02-05 07:33:20,40.765961,-111.909729,1327.9,-9999.0,-9999.0,-9999.0,13.75,15.5,0.75,42.11,9.0,2.0,9.61,12.0,885.3,0.0,-3.0,2.15,30.8,833.5,-9999.0,-9999.0,-9999.0,-9999.0,-9999.0,-9999.0,-9999.0,0.0,0,1,"time.struct_time(tm_year=2022, tm_mon=2, tm_mday=5, tm_hour=7, tm_min=33, tm_sec=20, tm_wday=5, tm_yday=36, tm_isdst=-1)",2022-02-05,2022,2,36,5,33,7,BUS02
2022-02-05 07:35:50,40.765976,-111.909798,1324.7,-9999.0,-9999.0,-9999.0,13.75,15.33,0.63,42.59,10.0,2.0,9.5,12.0,885.4,0.0,-0.6,2.14,30.6,833.0,-9999.0,-9999.0,-9999.0,-9999.0,-9999.0,-9999.0,-9999.0,0.0,0,1,"time.struct_time(tm_year=2022, tm_mon=2, tm_mday=5, tm_hour=7, tm_min=35, tm_sec=50, tm_wday=5, tm_yday=36, tm_isdst=-1)",2022-02-05,2022,2,36,5,35,7,BUS02
2022-02-05 07:38:20,40.765972,-111.909691,1322.0,-9999.0,-9999.0,-9999.0,13.75,15.16,0.5,43.92,9.0,2.0,9.28,12.0,885.4,0.0,-1.2,2.14,30.4,833.4,-9999.0,-9999.0,-9999.0,-9999.0,-9999.0,-9999.0,-9999.0,0.0,0,1,"time.struct_time(tm_year=2022, tm_mon=2, tm_mday=5, tm_hour=7, tm_min=38, tm_sec=20, tm_wday=5, tm_yday=36, tm_isdst=-1)",2022-02-05,2022,2,36,5,38,7,BUS02
2022-02-05 07:40:50,40.765835,-111.909714,1318.5,-9999.0,-9999.0,-9999.0,13.75,15.0,0.16,45.54,10.0,2.0,9.11,13.0,885.4,0.0,-2.0,2.13,30.3,833.1,-9999.0,-9999.0,-9999.0,-9999.0,-9999.0,-9999.0,-9999.0,0.0,0,1,"time.struct_time(tm_year=2022, tm_mon=2, tm_mday=5, tm_hour=7, tm_min=40, tm_sec=50, tm_wday=5, tm_yday=36, tm_isdst=-1)",2022-02-05,2022,2,36,5,40,7,BUS02
2022-02-05 07:43:20,40.765968,-111.909721,1310.9,-9999.0,-9999.0,-9999.0,13.75,14.83,0.05,46.13,10.0,2.0,8.89,13.0,885.2,0.0,-2.7,2.13,30.1,833.4,-9999.0,-9999.0,-9999.0,-9999.0,-9999.0,-9999.0,-9999.0,0.0,0,1,"time.struct_time(tm_year=2022, tm_mon=2, tm_mday=5, tm_hour=7, tm_min=43, tm_sec=20, tm_wday=5, tm_yday=36, tm_isdst=-1)",2022-02-05,2022,2,36,5,43,7,BUS02
2022-02-05 07:45:50,40.76606,-111.90979,1305.0,-9999.0,-9999.0,-9999.0,13.78,14.67,0.25,45.68,13.0,2.0,8.78,13.0,885.3,0.0,-0.6,2.13,29.9,832.9,-9999.0,-9999.0,-9999.0,-9999.0,-9999.0,-9999.0,-9999.0,0.0,0,1,"time.struct_time(tm_year=2022, tm_mon=2, tm_mday=5, tm_hour=7, tm_min=45, tm_sec=50, tm_wday=5, tm_yday=36, tm_isdst=-1)",2022-02-05,2022,2,36,5,45,7,BUS02
2022-02-05 07:48:20,40.765839,-111.909698,1304.0,-9999.0,-9999.0,-9999.0,13.78,14.51,0.46,45.05,13.0,2.0,8.72,14.0,885.1,0.0,-3.4,2.13,29.7,833.3,-9999.0,-9999.0,-9999.0,-9999.0,-9999.0,-9999.0,-9999.0,0.0,0,1,"time.struct_time(tm_year=2022, tm_mon=2, tm_mday=5, tm_hour=7, tm_min=48, tm_sec=20, tm_wday=5, tm_yday=36, tm_isdst=-1)",2022-02-05,2022,2,36,5,48,7,BUS02
2022-02-05 07:50:50,40.765915,-111.909737,1308.4,-9999.0,-9999.0,-9999.0,13.78,14.35,0.69,44.21,14.0,2.0,8.61,14.0,885.3,0.0,-1.3,2.13,29.6,832.8,-9999.0,-9999.0,-9999.0,-9999.0,-9999.0,-9999.0,-9999.0,0.0,0,1,"time.struct_time(tm_year=2022, tm_mon=2, tm_mday=5, tm_hour=7, tm_min=50, tm_sec=50, tm_wday=5, tm_yday=36, tm_isdst=-1)",2022-02-05,2022,2,36,5,50,7,BUS02
2022-02-05 07:53:20,40.765778,-111.909691,1277.3,-9999.0,-9999.0,-9999.0,13.78,14.2,0.87,44.13,14.0,2.0,8.5,14.0,885.3,0.0,-2.2,2.14,29.4,833.3,-9999.0,-9999.0,-9999.0,-9999.0,-9999.0,-9999.0,-9999.0,0.0,0,1,"time.struct_time(tm_year=2022, tm_mon=2, tm_mday=5, tm_hour=7, tm_min=53, tm_sec=20, tm_wday=5, tm_yday=36, tm_isdst=-1)",2022-02-05,2022,2,36,5,53,7,BUS02
2022-02-05 07:55:50,40.765797,-111.909729,1277.3,-9999.0,-9999.0,-9999.0,13.78,14.05,1.0,43.92,15.0,2.0,8.39,14.0,885.1,0.0,0.7,2.13,29.2,832.7,-9999.0,-9999.0,-9999.0,-9999.0,-9999.0,-9999.0,-9999.0,0.0,0,1,"time.struct_time(tm_year=2022, tm_mon=2, tm_mday=5, tm_hour=7, tm_min=55, tm_sec=50, tm_wday=5, tm_yday=36, tm_isdst=-1)",2022-02-05,2022,2,36,5,55,7,BUS02
2022-02-05 07:58:20,40.765705,-111.909622,1262.2,-9999.0,-9999.0,-9999.0,13.78,13.91,1.15,43.3,12.0,2.0,8.22,14.0,885.1,0.0,-3.3,2.13,29.0,833.1,-9999.0,-9999.0,-9999.0,-9999.0,-9999.0,-9999.0,-9999.0,0.0,0,1,"time.struct_time(tm_year=2022, tm_mon=2, tm_mday=5, tm_hour=7, tm_min=58, tm_sec=20, tm_wday=5, tm_yday=36, tm_isdst=-1)",2022-02-05,2022,2,36,5,58,7,BUS02
2022-02-05 08:00:50,40.765598,-111.909584,1253.7,-9999.0,-9999.0,-9999.0,13.78,13.77,1.25,42.53,12.0,2.0,8.11,14.0,885.0,0.0,-2.0,2.12,28.9,832.4,-9999.0,-9999.0,-9999.0,-9999.0,-9999.0,-9999.0,-9999.0,0.0,0,1,"time.struct_time(tm_year=2022, tm_mon=2, tm_mday=5, tm_hour=8, tm_min=0, tm_sec=50, tm_wday=5, tm_yday=36, tm_isdst=-1)",2022-02-05,2022,2,36,5,0,8,BUS02
2022-02-05 08:03:20,40.765556,-111.909569,1255.7,-9999.0,-9999.0,-9999.0,13.78,13.64,1.31,42.19,12.0,2.0,8.11,14.0,885.0,0.0,-1.8,2.12,28.7,832.9,-9999.0,-9999.0,-9999.0,-9999.0,-9999.0,-9999.0,-9999.0,0.0,0,1,"time.struct_time(tm_year=2022, tm_mon=2, tm_mday=5, tm_hour=8, tm_min=3, tm_sec=20, tm_wday=5, tm_yday=36, tm_isdst=-1)",2022-02-05,2022,2,36,5,3,8,BUS02
2022-02-05 08:05:50,40.765842,-111.909576,1274.5,-9999.0,-9999.0,-9999.0,13.78,13.5,1.42,42.15,11.0,2.0,8.0,15.0,884.9,0.0,-2.9,2.12,28.6,832.4,-9999.0,-9999.0,-9999.0,-9999.0,-9999.0,-9999.0,-9999.0,0.0,0,1,"time.struct_time(tm_year=2022, tm_mon=2, tm_mday=5, tm_hour=8, tm_min=5, tm_sec=50, tm_wday=5, tm_yday=36, tm_isdst=-1)",2022-02-05,2022,2,36,5,5,8,BUS02
2022-02-05 08:08:20,40.765709,-111.909554,1274.5,-9999.0,-9999.0,-9999.0,13.78,13.38,1.48,42.13,13.0,2.0,7.89,15.0,885.0,0.0,-3.6,2.13,28.4,832.9,-9999.0,-9999.0,-9999.0,-9999.0,-9999.0,-9999.0,-9999.0,0.0,0,1,"time.struct_time(tm_year=2022, tm_mon=2, tm_mday=5, tm_hour=8, tm_min=8, tm_sec=20, tm_wday=5, tm_yday=36, tm_isdst=-1)",2022-02-05,2022,2,36,5,8,8,BUS02
2022-02-05 08:10:50,40.765728,-111.90963,1278.9,-9999.0,-9999.0,-9999.0,13.78,13.25,1.52,42.26,12.0,2.0,7.72,15.0,884.7,0.0,-2.8,2.12,28.3,832.2,-9999.0,-9999.0,-9999.0,-9999.0,-9999.0,-9999.0,-9999.0,0.0,0,1,"time.struct_time(tm_year=2022, tm_mon=2, tm_mday=5, tm_hour=8, tm_min=10, tm_sec=50, tm_wday=5, tm_yday=36, tm_isdst=-1)",2022-02-05,2022,2,36,5,10,8,BUS02
2022-02-05 08:13:20,40.765778,-111.90966,1293.4,-9999.0,-9999.0,-9999.0,13.78,13.14,1.54,42.39,13.0,2.0,7.61,15.0,884.8,0.0,-3.0,2.12,28.1,832.7,-9999.0,-9999.0,-9999.0,-9999.0,-9999.0,-9999.0,-9999.0,0.0,0,1,"time.struct_time(tm_year=2022, tm_mon=2, tm_mday=5, tm_hour=8, tm_min=13, tm_sec=20, tm_wday=5, tm_yday=36, tm_isdst=-1)",2022-02-05,2022,2,36,5,13,8,BUS02
2022-02-05 08:16:55,40.765862,-111.909683,1296.4,-9999.0,-9999.0,-9999.0,13.78,12.97,1.56,42.74,13.0,2.0,7.5,15.0,884.5,0.0,-0.1,2.13,27.9,832.1,-9999.0,-9999.0,-9999.0,-9999.0,-9999.0,-9999.0,-9999.0,0.0,0,1,"time.struct_time(tm_year=2022, tm_mon=2, tm_mday=5, tm_hour=8, tm_min=16, tm_sec=55, tm_wday=5, tm_yday=36, tm_isdst=-1)",2022-02-05,2022,2,36,5,16,8,BUS02
2022-02-05 08:19:25,40.765915,-111.909737,1288.3,-9999.0,-9999.0,-9999.0,13.78,12.86,1.53,43.06,13.0,2.0,7.39,16.0,884.8,0.0,0.9,2.12,27.8,832.6,-9999.0,-9999.0,-9999.0,-9999.0,-9999.0,-9999.0,-9999.0,0.0,0,1,"time.struct_time(tm_year=2022, tm_mon=2, tm_mday=5, tm_hour=8, tm_min=19, tm_sec=25, tm_wday=5, tm_yday=36, tm_isdst=-1)",2022-02-05,2022,2,36,5,19,8,BUS02
2022-02-05 08:21:55,40.765915,-111.909744,1288.0,-9999.0,-9999.0,-9999.0,13.78,12.76,1.48,43.52,12.0,2.0,7.28,16.0,884.6,0.0,1.9,2.11,27.6,832.1,-9999.0,-9999.0,-9999.0,-9999.0,-9999.0,-9999.0,-9999.0,0.0,0,1,"time.struct_time(tm_year=2022, tm_mon=2, tm_mday=5, tm_hour=8, tm_min=21, tm_sec=55, tm_wday=5, tm_yday=36, tm_isdst=-1)",2022-02-05,2022,2,36,5,21,8,BUS02
2022-02-05 08:24:25,40.765804,-111.909767,1296.3,-9999.0,-9999.0,-9999.0,13.82,12.66,1.29,43.82,13.0,2.0,7.22,16.0,884.8,0.0,-1.6,2.11,27.5,832.6,-9999.0,-9999.0,-9999.0,-9999.0,-9999.0,-9999.0,-9999.0,0.0,0,1,"time.struct_time(tm_year=2022, tm_mon=2, tm_mday=5, tm_hour=8, tm_min=24, tm_sec=25, tm_wday=5, tm_yday=36, tm_isdst=-1)",2022-02-05,2022,2,36,5,24,8,BUS02
2022-02-05 08:26:55,40.765839,-111.909683,1281.8,-9999.0,-9999.0,-9999.0,13.82,12.56,1.17,44.27,12.0,2.0,7.11,16.0,884.6,0.0,-4.2,2.12,27.4,832.2,-9999.0,-9999.0,-9999.0,-9999.0,-9999.0,-9999.0,-9999.0,0.0,0,1,"time.struct_time(tm_year=2022, tm_mon=2, tm_mday=5, tm_hour=8, tm_min=26, tm_sec=55, tm_wday=5, tm_yday=36, tm_isdst=-1)",2022-02-05,2022,2,36,5,26,8,BUS02
2022-02-05 08:29:25,40.765911,-111.909714,1283.1,-9999.0,-9999.0,-9999.0,13.82,12.46,0.67,46.0,11.0,2.0,7.0,16.0,884.7,0.0,1.3,2.12,27.2,832.7,-9999.0,-9999.0,-9999.0,-9999.0,-9999.0,-9999.0,-9999.0,0.0,0,1,"time.struct_time(tm_year=2022, tm_mon=2, tm_mday=5, tm_hour=8, tm_min=29, tm_sec=25, tm_wday=5, tm_yday=36, tm_isdst=-1)",2022-02-05,2022,2,36,5,29,8,BUS02
2022-02-05 08:31:55,40.765896,-111.909721,1284.4,-9999.0,-9999.0,-9999.0,13.82,12.36,0.3,47.25,12.0,2.0,6.89,16.0,884.6,0.0,1.7,2.1,27.1,832.1,-9999.0,-9999.0,-9999.0,-9999.0,-9999.0,-9999.0,-9999.0,0.0,0,1,"time.struct_time(tm_year=2022, tm_mon=2, tm_mday=5, tm_hour=8, tm_min=31, tm_sec=55, tm_wday=5, tm_yday=36, tm_isdst=-1)",2022-02-05,2022,2,36,5,31,8,BUS02
2022-02-05 08:34:25,40.765881,-111.909721,1283.7,-9999.0,-9999.0,-9999.0,13.82,12.26,-0.17,49.39,12.0,2.0,6.78,16.0,884.6,0.0,-1.5,2.12,27.0,832.6,-9999.0,-9999.0,-9999.0,-9999.0,-9999.0,-9999.0,-9999.0,0.0,0,1,"time.struct_time(tm_year=2022, tm_mon=2, tm_mday=5, tm_hour=8, tm_min=34, tm_sec=25, tm_wday=5, tm_yday=36, tm_isdst=-1)",2022-02-05,2022,2,36,5,34,8,BUS02
2022-02-05 08:36:55,40.765888,-111.909706,1282.8,-9999.0,-9999.0,-9999.0,13.82,12.16,-0.69,51.69,12.0,2.0,6.72,17.0,884.4,0.0,-3.3,2.12,26.9,831.9,-9999.0,-9999.0,-9999.0,-9999.0,-9999.0,-9999.0,-9999.0,0.0,0,1,"time.struct_time(tm_year=2022, tm_mon=2, tm_mday=5, tm_hour=8, tm_min=36, tm_sec=55, tm_wday=5, tm_yday=36, tm_isdst=-1)",2022-02-05,2022,2,36,5,36,8,BUS02
2022-02-05 08:39:25,40.765892,-111.909714,1282.5,-9999.0,-9999.0,-9999.0,13.82,12.05,-0.85,52.0,12.0,2.0,6.5,17.0,884.5,0.0,-6.5,2.1,26.7,832.5,-9999.0,-9999.0,-9999.0,-9999.0,-9999.0,-9999.0,-9999.0,0.0,0,1,"time.struct_time(tm_year=2022, tm_mon=2, tm_mday=5, tm_hour=8, tm_min=39, tm_sec=25, tm_wday=5, tm_yday=36, tm_isdst=-1)",2022-02-05,2022,2,36,5,39,8,BUS02
2022-02-05 08:41:55,40.765892,-111.909714,1282.4,-9999.0,-9999.0,-9999.0,13.82,11.93,-0.79,51.68,13.0,2.0,6.39,17.0,884.7,0.0,-2.7,2.1,26.6,831.9,-9999.0,-9999.0,-9999.0,-9999.0,-9999.0,-9999.0,-9999.0,0.0,0,1,"time.struct_time(tm_year=2022, tm_mon=2, tm_mday=5, tm_hour=8, tm_min=41, tm_sec=55, tm_wday=5, tm_yday=36, tm_isdst=-1)",2022-02-05,2022,2,36,5,41,8,BUS02
2022-02-05 08:44:25,40.765888,-111.909706,1283.7,-9999.0,-9999.0,-9999.0,13.82,11.82,-0.65,51.03,12.0,2.0,6.28,17.0,884.5,0.0,-2.5,2.11,26.5,832.7,-9999.0,-9999.0,-9999.0,-9999.0,-9999.0,-9999.0,-9999.0,0.0,0,1,"time.struct_time(tm_year=2022, tm_mon=2, tm_mday=5, tm_hour=8, tm_min=44, tm_sec=25, tm_wday=5, tm_yday=36, tm_isdst=-1)",2022-02-05,2022,2,36,5,44,8,BUS02
2022-02-05 08:46:55,40.765862,-111.909691,1283.5,-9999.0,-9999.0,-9999.0,13.82,11.72,-0.44,50.12,13.0,2.0,6.22,17.0,884.4,0.0,-3.7,2.11,26.4,832.0,-9999.0,-9999.0,-9999.0,-9999.0,-9999.0,-9999.0,-9999.0,0.0,0,1,"time.struct_time(tm_year=2022, tm_mon=2, tm_mday=5, tm_hour=8, tm_min=46, tm_sec=55, tm_wday=5, tm_yday=36, tm_isdst=-1)",2022-02-05,2022,2,36,5,46,8,BUS02
2022-02-05 08:49:25,40.765789,-111.909523,1264.4,-9999.0,-9999.0,-9999.0,13.82,11.61,-0.23,49.13,13.0,2.0,6.11,18.0,884.5,0.0,-0.8,2.11,26.3,832.5,-9999.0,-9999.0,-9999.0,-9999.0,-9999.0,-9999.0,-9999.0,0.0,0,1,"time.struct_time(tm_year=2022, tm_mon=2, tm_mday=5, tm_hour=8, tm_min=49, tm_sec=25, tm_wday=5, tm_yday=36, tm_isdst=-1)",2022-02-05,2022,2,36,5,49,8,BUS02
2022-02-05 08:51:55,40.765774,-111.909676,1265.6,-9999.0,-9999.0,-9999.0,13.82,11.52,-0.1,48.04,12.0,2.0,6.0,18.0,884.4,0.0,-4.5,2.11,26.2,831.7,-9999.0,-9999.0,-9999.0,-9999.0,-9999.0,-9999.0,-9999.0,0.0,0,1,"time.struct_time(tm_year=2022, tm_mon=2, tm_mday=5, tm_hour=8, tm_min=51, tm_sec=55, tm_wday=5, tm_yday=36, tm_isdst=-1)",2022-02-05,2022,2,36,5,51,8,BUS02
2022-02-05 08:54:25,40.765705,-111.909729,1267.6,-9999.0,-9999.0,-9999.0,13.82,11.42,0.02,46.73,10.0,2.0,5.78,17.0,884.4,0.0,-1.8,2.11,26.0,832.5,-9999.0,-9999.0,-9999.0,-9999.0,-9999.0,-9999.0,-9999.0,0.0,0,1,"time.struct_time(tm_year=2022, tm_mon=2, tm_mday=5, tm_hour=8, tm_min=54, tm_sec=25, tm_wday=5, tm_yday=36, tm_isdst=-1)",2022-02-05,2022,2,36,5,54,8,BUS02
2022-02-05 08:56:55,40.765755,-111.909737,1267.9,-9999.0,-9999.0,-9999.0,13.82,11.33,0.1,46.15,10.0,2.0,5.72,17.0,884.4,0.0,0.9,2.11,25.9,831.8,-9999.0,-9999.0,-9999.0,-9999.0,-9999.0,-9999.0,-9999.0,0.0,0,1,"time.struct_time(tm_year=2022, tm_mon=2, tm_mday=5, tm_hour=8, tm_min=56, tm_sec=55, tm_wday=5, tm_yday=36, tm_isdst=-1)",2022-02-05,2022,2,36,5,56,8,BUS02
2022-02-05 08:59:25,40.765747,-111.909744,1266.1,-9999.0,-9999.0,-9999.0,13.82,11.22,0.15,44.87,9.0,2.0,5.61,17.0,884.5,0.0,0.7,2.1,25.8,832.5,-9999.0,-9999.0,-9999.0,-9999.0,-9999.0,-9999.0,-9999.0,0.0,0,1,"time.struct_time(tm_year=2022, tm_mon=2, tm_mday=5, tm_hour=8, tm_min=59, tm_sec=25, tm_wday=5, tm_yday=36, tm_isdst=-1)",2022-02-05,2022,2,36,5,59,8,BUS02
2022-02-05 09:01:55,40.76582,-111.90976,1246.8,-9999.0,-9999.0,-9999.0,13.82,11.12,0.2,43.71,7.0,2.0,5.39,17.0,884.5,0.0,3.6,2.1,25.7,831.8,-9999.0,-9999.0,-9999.0,-9999.0,-9999.0,-9999.0,-9999.0,0.0,0,1,"time.struct_time(tm_year=2022, tm_mon=2, tm_mday=5, tm_hour=9, tm_min=1, tm_sec=55, tm_wday=5, tm_yday=36, tm_isdst=-1)",2022-02-05,2022,2,36,5,1,9,BUS02
2022-02-05 09:04:25,40.765827,-111.909752,1247.1,-9999.0,-9999.0,-9999.0,13.82,11.02,0.32,42.51,6.0,2.0,5.28,17.0,884.7,0.0,4.6,2.1,25.6,832.5,-9999.0,-9999.0,-9999.0,-9999.0,-9999.0,-9999.0,-9999.0,0.0,0,1,"time.struct_time(tm_year=2022, tm_mon=2, tm_mday=5, tm_hour=9, tm_min=4, tm_sec=25, tm_wday=5, tm_yday=36, tm_isdst=-1)",2022-02-05,2022,2,36,5,4,9,BUS02
2022-02-05 09:06:55,40.765823,-111.909744,1247.8,-9999.0,-9999.0,-9999.0,13.86,10.92,0.1,47.03,11.0,2.0,5.28,17.0,884.6,0.0,-1.9,2.09,25.5,831.9,-9999.0,-9999.0,-9999.0,-9999.0,-9999.0,-9999.0,-9999.0,0.0,0,1,"time.struct_time(tm_year=2022, tm_mon=2, tm_mday=5, tm_hour=9, tm_min=6, tm_sec=55, tm_wday=5, tm_yday=36, tm_isdst=-1)",2022-02-05,2022,2,36,5,6,9,BUS02
2022-02-05 09:09:25,40.765823,-111.909752,1248.2,-9999.0,-9999.0,-9999.0,13.85,10.81,-0.47,48.85,10.0,2.0,5.22,18.0,884.6,0.0,-2.7,2.11,25.4,832.6,-9999.0,-9999.0,-9999.0,-9999.0,-9999.0,-9999.0,-9999.0,0.0,0,1,"time.struct_time(tm_year=2022, tm_mon=2, tm_mday=5, tm_hour=9, tm_min=9, tm_sec=25, tm_wday=5, tm_yday=36, tm_isdst=-1)",2022-02-05,2022,2,36,5,9,9,BUS02
2022-02-05 09:11:55,40.76582,-111.909744,1248.5,-9999.0,-9999.0,-9999.0,13.86,10.71,-0.5,47.56,8.0,2.0,5.11,18.0,884.7,0.0,-0.7,2.1,25.3,831.9,-9999.0,-9999.0,-9999.0,-9999.0,-9999.0,-9999.0,-9999.0,0.0,0,1,"time.struct_time(tm_year=2022, tm_mon=2, tm_mday=5, tm_hour=9, tm_min=11, tm_sec=55, tm_wday=5, tm_yday=36, tm_isdst=-1)",2022-02-05,2022,2,36,5,11,9,BUS02
2022-02-05 09:14:25,40.765797,-111.909721,1249.1,-9999.0,-9999.0,-9999.0,13.85,10.61,-0.69,48.68,8.0,2.0,5.0,18.0,884.8,0.0,-1.4,2.1,25.2,832.6,-9999.0,-9999.0,-9999.0,-9999.0,-9999.0,-9999.0,-9999.0,0.0,0,1,"time.struct_time(tm_year=2022, tm_mon=2, tm_mday=5, tm_hour=9, tm_min=14, tm_sec=25, tm_wday=5, tm_yday=36, tm_isdst=-1)",2022-02-05,2022,2,36,5,14,9,BUS02
2022-02-05 09:18:00,40.765751,-111.909729,1273.9,-9999.0,-9999.0,-9999.0,13.85,10.47,-0.79,49.23,10.0,2.0,4.89,18.0,884.7,0.0,-3.2,2.1,25.1,832.6,-9999.0,-9999.0,-9999.0,-9999.0,-9999.0,-9999.0,-9999.0,0.0,0,1,"time.struct_time(tm_year=2022, tm_mon=2, tm_mday=5, tm_hour=9, tm_min=18, tm_sec=0, tm_wday=5, tm_yday=36, tm_isdst=-1)",2022-02-05,2022,2,36,5,18,9,BUS02
2022-02-05 09:20:30,40.765831,-111.90976,1280.3,-9999.0,-9999.0,-9999.0,13.85,10.37,-0.85,49.59,10.0,2.0,4.89,18.0,884.5,0.0,-3.2,2.1,25.0,831.7,-9999.0,-9999.0,-9999.0,-9999.0,-9999.0,-9999.0,-9999.0,0.0,0,1,"time.struct_time(tm_year=2022, tm_mon=2, tm_mday=5, tm_hour=9, tm_min=20, tm_sec=30, tm_wday=5, tm_yday=36, tm_isdst=-1)",2022-02-05,2022,2,36,5,20,9,BUS02
2022-02-05 09:23:00,40.765747,-111.909637,1264.9,-9999.0,-9999.0,-9999.0,13.85,10.28,-0.77,49.19,11.0,2.0,4.72,19.0,884.3,0.0,-2.6,2.09,24.8,832.6,-9999.0,-9999.0,-9999.0,-9999.0,-9999.0,-9999.0,-9999.0,0.0,0,1,"time.struct_time(tm_year=2022, tm_mon=2, tm_mday=5, tm_hour=9, tm_min=23, tm_sec=0, tm_wday=5, tm_yday=36, tm_isdst=-1)",2022-02-05,2022,2,36,5,23,9,BUS02
2022-02-05 09:25:30,40.765743,-111.909615,1265.3,-9999.0,-9999.0,-9999.0,13.85,10.2,-0.67,48.74,10.0,2.0,4.72,19.0,884.3,0.0,-2.1,2.09,24.7,831.7,-9999.0,-9999.0,-9999.0,-9999.0,-9999.0,-9999.0,-9999.0,0.0,0,1,"time.struct_time(tm_year=2022, tm_mon=2, tm_mday=5, tm_hour=9, tm_min=25, tm_sec=30, tm_wday=5, tm_yday=36, tm_isdst=-1)",2022-02-05,2022,2,36,5,25,9,BUS02
2022-02-05 09:28:00,40.765747,-111.90963,1265.1,-9999.0,-9999.0,-9999.0,13.85,10.11,-0.55,48.69,10.0,2.0,4.72,19.0,884.4,0.0,-1.1,2.1,24.7,832.4,-9999.0,-9999.0,-9999.0,-9999.0,-9999.0,-9999.0,-9999.0,0.0,0,1,"time.struct_time(tm_year=2022, tm_mon=2, tm_mday=5, tm_hour=9, tm_min=28, tm_sec=0, tm_wday=5, tm_yday=36, tm_isdst=-1)",2022-02-05,2022,2,36,5,28,9,BUS02
2022-02-05 09:30:30,40.765747,-111.909622,1265.0,-9999.0,-9999.0,-9999.0,13.85,10.02,-0.51,48.75,11.0,2.0,4.61,19.0,884.6,0.0,0.8,2.09,24.6,831.6,-9999.0,-9999.0,-9999.0,-9999.0,-9999.0,-9999.0,-9999.0,0.0,0,1,"time.struct_time(tm_year=2022, tm_mon=2, tm_mday=5, tm_hour=9, tm_min=30, tm_sec=30, tm_wday=5, tm_yday=36, tm_isdst=-1)",2022-02-05,2022,2,36,5,30,9,BUS02
2022-02-05 09:33:00,40.765724,-111.909653,1266.0,-9999.0,-9999.0,-9999.0,13.85,9.93,-0.41,48.49,12.0,2.0,4.61,19.0,884.5,0.0,-2.8,2.09,24.5,832.6,-9999.0,-9999.0,-9999.0,-9999.0,-9999.0,-9999.0,-9999.0,0.0,0,1,"time.struct_time(tm_year=2022, tm_mon=2, tm_mday=5, tm_hour=9, tm_min=33, tm_sec=0, tm_wday=5, tm_yday=36, tm_isdst=-1)",2022-02-05,2022,2,36,5,33,9,BUS02
2022-02-05 09:35:30,40.765732,-111.90966,1266.2,-9999.0,-9999.0,-9999.0,13.85,9.85,-0.33,47.98,12.0,2.0,4.5,19.0,884.7,0.0,-1.8,2.09,24.4,831.9,-9999.0,-9999.0,-9999.0,-9999.0,-9999.0,-9999.0,-9999.0,0.0,0,1,"time.struct_time(tm_year=2022, tm_mon=2, tm_mday=5, tm_hour=9, tm_min=35, tm_sec=30, tm_wday=5, tm_yday=36, tm_isdst=-1)",2022-02-05,2022,2,36,5,35,9,BUS02
2022-02-05 09:38:00,40.765789,-111.909752,1265.0,-9999.0,-9999.0,-9999.0,13.85,9.76,-0.3,47.69,10.0,2.0,4.5,19.0,884.7,0.0,-2.6,2.09,24.3,832.8,-9999.0,-9999.0,-9999.0,-9999.0,-9999.0,-9999.0,-9999.0,0.0,0,1,"time.struct_time(tm_year=2022, tm_mon=2, tm_mday=5, tm_hour=9, tm_min=38, tm_sec=0, tm_wday=5, tm_yday=36, tm_isdst=-1)",2022-02-05,2022,2,36,5,38,9,BUS02
2022-02-05 09:40:30,40.765789,-111.90976,1264.5,-9999.0,-9999.0,-9999.0,13.85,9.67,-0.27,47.21,10.0,2.0,4.39,20.0,884.9,0.0,-1.2,2.1,24.2,831.9,-9999.0,-9999.0,-9999.0,-9999.0,-9999.0,-9999.0,-9999.0,0.0,0,1,"time.struct_time(tm_year=2022, tm_mon=2, tm_mday=5, tm_hour=9, tm_min=40, tm_sec=30, tm_wday=5, tm_yday=36, tm_isdst=-1)",2022-02-05,2022,2,36,5,40,9,BUS02
2022-02-05 09:43:00,40.765686,-111.909523,1264.0,-9999.0,-9999.0,-9999.0,13.85,9.59,-0.22,46.87,10.0,2.0,4.28,20.0,884.8,0.0,-4.2,2.09,24.1,832.9,-9999.0,-9999.0,-9999.0,-9999.0,-9999.0,-9999.0,-9999.0,0.0,0,1,"time.struct_time(tm_year=2022, tm_mon=2, tm_mday=5, tm_hour=9, tm_min=43, tm_sec=0, tm_wday=5, tm_yday=36, tm_isdst=-1)",2022-02-05,2022,2,36,5,43,9,BUS02
2022-02-05 09:45:50,40.765747,-111.909554,1359.2,-9999.0,-9999.0,-9999.0,13.85,9.5,-0.1,46.69,10.0,2.0,4.28,20.0,884.7,0.0,-1.1,2.09,24.0,831.8,-9999.0,-9999.0,-9999.0,-9999.0,-9999.0,-9999.0,-9999.0,0.0,0,1,"time.struct_time(tm_year=2022, tm_mon=2, tm_mday=5, tm_hour=9, tm_min=45, tm_sec=50, tm_wday=5, tm_yday=36, tm_isdst=-1)",2022-02-05,2022,2,36,5,45,9,BUS02
2022-02-05 09:48:20,40.765774,-111.909645,1307.8,-9999.0,-9999.0,-9999.0,13.85,9.43,0.01,46.41,11.0,2.0,4.22,20.0,884.6,0.0,-1.2,2.09,23.9,832.7,-9999.0,-9999.0,-9999.0,-9999.0,-9999.0,-9999.0,-9999.0,0.0,0,1,"time.struct_time(tm_year=2022, tm_mon=2, tm_mday=5, tm_hour=9, tm_min=48, tm_sec=20, tm_wday=5, tm_yday=36, tm_isdst=-1)",2022-02-05,2022,2,36,5,48,9,BUS02
2022-02-05 09:50:50,40.765797,-111.909714,1288.8,-9999.0,-9999.0,-9999.0,13.85,9.35,0.02,47.01,11.0,2.0,4.11,20.0,884.6,0.0,-2.8,2.09,23.9,831.7,-9999.0,-9999.0,-9999.0,-9999.0,-9999.0,-9999.0,-9999.0,0.0,0,1,"time.struct_time(tm_year=2022, tm_mon=2, tm_mday=5, tm_hour=9, tm_min=50, tm_sec=50, tm_wday=5, tm_yday=36, tm_isdst=-1)",2022-02-05,2022,2,36,5,50,9,BUS02
2022-02-05 09:53:20,40.765579,-111.909843,1278.4,-9999.0,-9999.0,-9999.0,13.86,9.27,-0.04,47.43,11.0,2.0,4.11,20.0,884.6,0.0,-0.2,2.08,23.8,832.7,-9999.0,-9999.0,-9999.0,-9999.0,-9999.0,-9999.0,-9999.0,0.0,0,1,"time.struct_time(tm_year=2022, tm_mon=2, tm_mday=5, tm_hour=9, tm_min=53, tm_sec=20, tm_wday=5, tm_yday=36, tm_isdst=-1)",2022-02-05,2022,2,36,5,53,9,BUS02
2022-02-05 09:55:50,40.76582,-111.909607,1257.9,-9999.0,-9999.0,-9999.0,13.85,9.19,-0.12,47.67,12.0,2.0,4.0,21.0,884.7,0.0,-1.1,2.09,23.7,831.3,-9999.0,-9999.0,-9999.0,-9999.0,-9999.0,-9999.0,-9999.0,0.0,0,1,"time.struct_time(tm_year=2022, tm_mon=2, tm_mday=5, tm_hour=9, tm_min=55, tm_sec=50, tm_wday=5, tm_yday=36, tm_isdst=-1)",2022-02-05,2022,2,36,5,55,9,BUS02
2022-02-05 09:58:20,40.76569,-111.909683,1256.3,-9999.0,-9999.0,-9999.0,13.89,9.11,-0.2,47.63,12.0,2.0,3.78,21.0,884.7,0.0,-1.3,2.09,23.6,832.6,-9999.0,-9999.0,-9999.0,-9999.0,-9999.0,-9999.0,-9999.0,0.0,0,1,"time.struct_time(tm_year=2022, tm_mon=2, tm_mday=5, tm_hour=9, tm_min=58, tm_sec=20, tm_wday=5, tm_yday=36, tm_isdst=-1)",2022-02-05,2022,2,36,5,58,9,BUS02
2022-02-05 10:00:50,40.765739,-111.909714,1268.1,-9999.0,-9999.0,-9999.0,13.89,9.02,-0.21,47.73,12.0,2.0,3.72,21.0,884.6,0.0,-2.3,2.08,23.6,831.3,-9999.0,-9999.0,-9999.0,-9999.0,-9999.0,-9999.0,-9999.0,0.0,0,1,"time.struct_time(tm_year=2022, tm_mon=2, tm_mday=5, tm_hour=10, tm_min=0, tm_sec=50, tm_wday=5, tm_yday=36, tm_isdst=-1)",2022-02-05,2022,2,36,5,0,10,BUS02
2022-02-05 10:03:20,40.765808,-111.909676,1277.7,-9999.0,-9999.0,-9999.0,13.89,8.94,-0.24,48.07,12.0,2.0,3.72,21.0,884.5,0.0,-3.2,2.09,23.5,832.4,-9999.0,-9999.0,-9999.0,-9999.0,-9999.0,-9999.0,-9999.0,0.0,0,1,"time.struct_time(tm_year=2022, tm_mon=2, tm_mday=5, tm_hour=10, tm_min=3, tm_sec=20, tm_wday=5, tm_yday=36, tm_isdst=-1)",2022-02-05,2022,2,36,5,3,10,BUS02
2022-02-05 10:05:50,40.765755,-111.909645,1285.1,-9999.0,-9999.0,-9999.0,13.89,8.86,-0.28,48.36,13.0,2.0,3.72,21.0,884.4,0.0,-1.7,2.08,23.4,831.5,-9999.0,-9999.0,-9999.0,-9999.0,-9999.0,-9999.0,-9999.0,0.0,0,1,"time.struct_time(tm_year=2022, tm_mon=2, tm_mday=5, tm_hour=10, tm_min=5, tm_sec=50, tm_wday=5, tm_yday=36, tm_isdst=-1)",2022-02-05,2022,2,36,5,5,10,BUS02
2022-02-05 10:08:20,40.765743,-111.909576,1272.1,-9999.0,-9999.0,-9999.0,13.89,8.78,-0.31,48.64,11.0,2.0,3.61,21.0,884.4,0.0,0.4,2.09,23.3,832.6,-9999.0,-9999.0,-9999.0,-9999.0,-9999.0,-9999.0,-9999.0,0.0,0,1,"time.struct_time(tm_year=2022, tm_mon=2, tm_mday=5, tm_hour=10, tm_min=8, tm_sec=20, tm_wday=5, tm_yday=36, tm_isdst=-1)",2022-02-05,2022,2,36,5,8,10,BUS02
2022-02-05 10:10:50,40.765797,-111.909775,1276.7,-9999.0,-9999.0,-9999.0,13.89,8.71,-0.49,49.81,11.0,2.0,3.5,21.0,884.5,0.0,-1.7,2.07,23.3,831.4,-9999.0,-9999.0,-9999.0,-9999.0,-9999.0,-9999.0,-9999.0,0.0,0,1,"time.struct_time(tm_year=2022, tm_mon=2, tm_mday=5, tm_hour=10, tm_min=10, tm_sec=50, tm_wday=5, tm_yday=36, tm_isdst=-1)",2022-02-05,2022,2,36,5,10,10,BUS02
2022-02-05 10:13:20,40.765617,-111.909622,1272.0,-9999.0,-9999.0,-9999.0,13.89,8.64,-0.53,49.48,11.0,2.0,3.5,21.0,884.6,0.0,-4.5,2.08,23.2,832.6,-9999.0,-9999.0,-9999.0,-9999.0,-9999.0,-9999.0,-9999.0,0.0,0,1,"time.struct_time(tm_year=2022, tm_mon=2, tm_mday=5, tm_hour=10, tm_min=13, tm_sec=20, tm_wday=5, tm_yday=36, tm_isdst=-1)",2022-02-05,2022,2,36,5,13,10,BUS02
2022-02-05 10:15:50,40.765903,-111.909599,1286.8,-9999.0,-9999.0,-9999.0,13.89,8.56,-0.46,49.26,11.0,2.0,3.39,22.0,884.7,0.0,-4.2,2.08,23.1,831.4,-9999.0,-9999.0,-9999.0,-9999.0,-9999.0,-9999.0,-9999.0,0.0,0,1,"time.struct_time(tm_year=2022, tm_mon=2, tm_mday=5, tm_hour=10, tm_min=15, tm_sec=50, tm_wday=5, tm_yday=36, tm_isdst=-1)",2022-02-05,2022,2,36,5,15,10,BUS02
2022-02-05 10:19:25,40.765671,-111.909683,1294.6,-9999.0,-9999.0,-9999.0,13.89,8.46,-0.5,49.41,12.0,2.0,3.28,22.0,884.5,0.0,-1.4,2.08,23.0,831.5,-9999.0,-9999.0,-9999.0,-9999.0,-9999.0,-9999.0,-9999.0,0.0,0,1,"time.struct_time(tm_year=2022, tm_mon=2, tm_mday=5, tm_hour=10, tm_min=19, tm_sec=25, tm_wday=5, tm_yday=36, tm_isdst=-1)",2022-02-05,2022,2,36,5,19,10,BUS02
2022-02-05 10:21:55,40.765919,-111.909843,1268.6,-9999.0,-9999.0,-9999.0,13.89,8.38,-0.5,49.16,12.0,2.0,3.22,22.0,884.7,0.0,-2.8,2.08,22.9,831.4,-9999.0,-9999.0,-9999.0,-9999.0,-9999.0,-9999.0,-9999.0,0.0,0,1,"time.struct_time(tm_year=2022, tm_mon=2, tm_mday=5, tm_hour=10, tm_min=21, tm_sec=55, tm_wday=5, tm_yday=36, tm_isdst=-1)",2022-02-05,2022,2,36,5,21,10,BUS02
2022-02-05 10:24:25,40.765862,-111.909615,1283.6,-9999.0,-9999.0,-9999.0,13.89,8.31,-0.51,49.07,12.0,2.0,3.22,22.0,884.4,0.0,-1.7,2.09,22.9,831.3,-9999.0,-9999.0,-9999.0,-9999.0,-9999.0,-9999.0,-9999.0,0.0,0,1,"time.struct_time(tm_year=2022, tm_mon=2, tm_mday=5, tm_hour=10, tm_min=24, tm_sec=25, tm_wday=5, tm_yday=36, tm_isdst=-1)",2022-02-05,2022,2,36,5,24,10,BUS02
2022-02-05 10:26:55,40.765759,-111.909676,1288.6,-9999.0,-9999.0,-9999.0,13.88,8.24,-0.46,49.35,11.0,2.0,3.11,22.0,884.4,0.0,-1.0,2.07,22.8,831.2,-9999.0,-9999.0,-9999.0,-9999.0,-9999.0,-9999.0,-9999.0,0.0,0,1,"time.struct_time(tm_year=2022, tm_mon=2, tm_mday=5, tm_hour=10, tm_min=26, tm_sec=55, tm_wday=5, tm_yday=36, tm_isdst=-1)",2022-02-05,2022,2,36,5,26,10,BUS02
2022-02-05 10:29:25,40.765709,-111.909607,1244.6,-9999.0,-9999.0,-9999.0,13.89,8.17,-0.47,49.35,11.0,2.0,3.11,22.0,884.2,0.0,-4.3,2.09,22.7,831.2,-9999.0,-9999.0,-9999.0,-9999.0,-9999.0,-9999.0,-9999.0,0.0,0,1,"time.struct_time(tm_year=2022, tm_mon=2, tm_mday=5, tm_hour=10, tm_min=29, tm_sec=25, tm_wday=5, tm_yday=36, tm_isdst=-1)",2022-02-05,2022,2,36,5,29,10,BUS02
2022-02-05 10:31:55,40.765652,-111.909645,1235.5,-9999.0,-9999.0,-9999.0,13.89,8.1,-0.43,48.96,11.0,2.0,3.0,22.0,884.4,0.0,-1.4,2.09,22.7,831.2,-9999.0,-9999.0,-9999.0,-9999.0,-9999.0,-9999.0,-9999.0,0.0,0,1,"time.struct_time(tm_year=2022, tm_mon=2, tm_mday=5, tm_hour=10, tm_min=31, tm_sec=55, tm_wday=5, tm_yday=36, tm_isdst=-1)",2022-02-05,2022,2,36,5,31,10,BUS02
2022-02-05 10:34:25,40.7659,-111.909698,1291.3,-9999.0,-9999.0,-9999.0,13.89,8.03,-0.34,48.97,12.0,2.0,3.0,22.0,884.2,0.0,0.3,2.09,22.6,831.1,-9999.0,-9999.0,-9999.0,-9999.0,-9999.0,-9999.0,-9999.0,0.0,0,1,"time.struct_time(tm_year=2022, tm_mon=2, tm_mday=5, tm_hour=10, tm_min=34, tm_sec=25, tm_wday=5, tm_yday=36, tm_isdst=-1)",2022-02-05,2022,2,36,5,34,10,BUS02
2022-02-05 10:36:55,40.765789,-111.90966,1299.3,-9999.0,-9999.0,-9999.0,13.89,7.97,-0.33,48.74,11.0,2.0,3.0,22.0,884.3,0.0,-2.1,2.07,22.5,831.1,-9999.0,-9999.0,-9999.0,-9999.0,-9999.0,-9999.0,-9999.0,0.0,0,1,"time.struct_time(tm_year=2022, tm_mon=2, tm_mday=5, tm_hour=10, tm_min=36, tm_sec=55, tm_wday=5, tm_yday=36, tm_isdst=-1)",2022-02-05,2022,2,36,5,36,10,BUS02
2022-02-05 10:39:25,40.765823,-111.909645,1277.0,-9999.0,-9999.0,-9999.0,13.89,7.92,-0.33,48.97,12.0,2.0,3.0,23.0,884.1,0.0,-2.0,2.08,22.5,831.1,-9999.0,-9999.0,-9999.0,-9999.0,-9999.0,-9999.0,-9999.0,0.0,0,1,"time.struct_time(tm_year=2022, tm_mon=2, tm_mday=5, tm_hour=10, tm_min=39, tm_sec=25, tm_wday=5, tm_yday=36, tm_isdst=-1)",2022-02-05,2022,2,36,5,39,10,BUS02
2022-02-05 10:41:55,40.765869,-111.909721,1244.1,-9999.0,-9999.0,-9999.0,13.89,7.86,-0.41,48.91,10.0,2.0,2.89,23.0,884.3,0.0,-0.7,2.07,22.4,831.0,-9999.0,-9999.0,-9999.0,-9999.0,-9999.0,-9999.0,-9999.0,0.0,0,1,"time.struct_time(tm_year=2022, tm_mon=2, tm_mday=5, tm_hour=10, tm_min=41, tm_sec=55, tm_wday=5, tm_yday=36, tm_isdst=-1)",2022-02-05,2022,2,36,5,41,10,BUS02
2022-02-05 10:44:25,40.76582,-111.909721,1283.3,-9999.0,-9999.0,-9999.0,13.89,7.79,-0.41,48.62,11.0,2.0,2.89,23.0,884.2,0.0,-4.1,2.07,22.3,831.0,-9999.0,-9999.0,-9999.0,-9999.0,-9999.0,-9999.0,-9999.0,0.0,0,1,"time.struct_time(tm_year=2022, tm_mon=2, tm_mday=5, tm_hour=10, tm_min=44, tm_sec=25, tm_wday=5, tm_yday=36, tm_isdst=-1)",2022-02-05,2022,2,36,5,44,10,BUS02
2022-02-05 10:46:55,40.765831,-111.909615,1313.3,-9999.0,-9999.0,-9999.0,13.89,7.74,-0.38,48.61,10.0,2.0,2.78,23.0,884.1,0.0,-1.7,2.09,22.3,830.9,-9999.0,-9999.0,-9999.0,-9999.0,-9999.0,-9999.0,-9999.0,0.0,0,1,"time.struct_time(tm_year=2022, tm_mon=2, tm_mday=5, tm_hour=10, tm_min=46, tm_sec=55, tm_wday=5, tm_yday=36, tm_isdst=-1)",2022-02-05,2022,2,36,5,46,10,BUS02
2022-02-05 10:49:25,40.765614,-111.909698,1306.3,-9999.0,-9999.0,-9999.0,13.89,7.68,-0.34,48.86,10.0,2.0,2.78,23.0,884.1,0.0,-3.6,2.07,22.2,831.0,-9999.0,-9999.0,-9999.0,-9999.0,-9999.0,-9999.0,-9999.0,0.0,0,1,"time.struct_time(tm_year=2022, tm_mon=2, tm_mday=5, tm_hour=10, tm_min=49, tm_sec=25, tm_wday=5, tm_yday=36, tm_isdst=-1)",2022-02-05,2022,2,36,5,49,10,BUS02
2022-02-05 10:51:55,40.765739,-111.909569,1284.7,-9999.0,-9999.0,-9999.0,13.89,7.63,-0.31,48.57,10.0,2.0,2.72,23.0,883.9,0.0,-0.2,2.07,22.2,830.9,-9999.0,-9999.0,-9999.0,-9999.0,-9999.0,-9999.0,-9999.0,0.0,0,1,"time.struct_time(tm_year=2022, tm_mon=2, tm_mday=5, tm_hour=10, tm_min=51, tm_sec=55, tm_wday=5, tm_yday=36, tm_isdst=-1)",2022-02-05,2022,2,36,5,51,10,BUS02
2022-02-05 10:54:25,40.765583,-111.909576,1282.4,-9999.0,-9999.0,-9999.0,13.89,7.58,-0.25,48.86,10.0,2.0,2.72,23.0,884.0,0.0,-3.6,2.08,22.1,830.8,-9999.0,-9999.0,-9999.0,-9999.0,-9999.0,-9999.0,-9999.0,0.0,0,1,"time.struct_time(tm_year=2022, tm_mon=2, tm_mday=5, tm_hour=10, tm_min=54, tm_sec=25, tm_wday=5, tm_yday=36, tm_isdst=-1)",2022-02-05,2022,2,36,5,54,10,BUS02
2022-02-05 10:56:55,40.765747,-111.909607,1275.8,-9999.0,-9999.0,-9999.0,13.89,7.53,-0.28,49.11,10.0,2.0,2.72,23.0,884.1,0.0,-2.4,2.08,22.0,830.8,-9999.0,-9999.0,-9999.0,-9999.0,-9999.0,-9999.0,-9999.0,0.0,0,1,"time.struct_time(tm_year=2022, tm_mon=2, tm_mday=5, tm_hour=10, tm_min=56, tm_sec=55, tm_wday=5, tm_yday=36, tm_isdst=-1)",2022-02-05,2022,2,36,5,56,10,BUS02
2022-02-05 10:59:25,40.76569,-111.909561,1296.3,-9999.0,-9999.0,-9999.0,13.89,7.48,-0.37,49.59,10.0,2.0,2.61,24.0,884.0,0.0,-2.3,2.08,22.0,830.8,-9999.0,-9999.0,-9999.0,-9999.0,-9999.0,-9999.0,-9999.0,0.0,0,1,"time.struct_time(tm_year=2022, tm_mon=2, tm_mday=5, tm_hour=10, tm_min=59, tm_sec=25, tm_wday=5, tm_yday=36, tm_isdst=-1)",2022-02-05,2022,2,36,5,59,10,BUS02
2022-02-05 11:01:55,40.765766,-111.909721,1270.9,-9999.0,-9999.0,-9999.0,13.92,7.43,-0.45,49.84,9.0,2.0,2.61,24.0,884.0,0.0,-1.6,2.09,21.9,830.8,-9999.0,-9999.0,-9999.0,-9999.0,-9999.0,-9999.0,-9999.0,0.0,0,1,"time.struct_time(tm_year=2022, tm_mon=2, tm_mday=5, tm_hour=11, tm_min=1, tm_sec=55, tm_wday=5, tm_yday=36, tm_isdst=-1)",2022-02-05,2022,2,36,5,1,11,BUS02
2022-02-05 11:04:25,40.765678,-111.909714,1278.4,-9999.0,-9999.0,-9999.0,13.93,7.38,-0.46,50.4,10.0,2.0,2.61,24.0,884.0,0.0,-1.6,2.08,21.9,830.7,-9999.0,-9999.0,-9999.0,-9999.0,-9999.0,-9999.0,-9999.0,0.0,0,1,"time.struct_time(tm_year=2022, tm_mon=2, tm_mday=5, tm_hour=11, tm_min=4, tm_sec=25, tm_wday=5, tm_yday=36, tm_isdst=-1)",2022-02-05,2022,2,36,5,4,11,BUS02
2022-02-05 11:06:55,40.7658,-111.909721,1271.1,-9999.0,-9999.0,-9999.0,13.93,7.33,-0.79,51.47,12.0,2.0,2.5,24.0,884.1,0.0,-2.1,2.08,21.8,830.7,-9999.0,-9999.0,-9999.0,-9999.0,-9999.0,-9999.0,-9999.0,0.0,0,1,"time.struct_time(tm_year=2022, tm_mon=2, tm_mday=5, tm_hour=11, tm_min=6, tm_sec=55, tm_wday=5, tm_yday=36, tm_isdst=-1)",2022-02-05,2022,2,36,5,6,11,BUS02
2022-02-05 11:09:25,40.765759,-111.909676,1278.5,-9999.0,-9999.0,-9999.0,13.93,7.29,-0.81,51.07,10.0,2.0,2.5,24.0,884.1,0.0,0.0,2.08,21.8,830.6,-9999.0,-9999.0,-9999.0,-9999.0,-9999.0,-9999.0,-9999.0,0.0,0,1,"time.struct_time(tm_year=2022, tm_mon=2, tm_mday=5, tm_hour=11, tm_min=9, tm_sec=25, tm_wday=5, tm_yday=36, tm_isdst=-1)",2022-02-05,2022,2,36,5,9,11,BUS02
2022-02-05 11:11:55,40.765812,-111.909729,1275.5,-9999.0,-9999.0,-9999.0,13.93,7.25,-0.81,50.83,9.0,2.0,2.39,24.0,883.9,0.0,-1.3,2.07,21.7,831.8,-9999.0,-9999.0,-9999.0,-9999.0,-9999.0,-9999.0,-9999.0,0.0,0,1,"time.struct_time(tm_year=2022, tm_mon=2, tm_mday=5, tm_hour=11, tm_min=11, tm_sec=55, tm_wday=5, tm_yday=36, tm_isdst=-1)",2022-02-05,2022,2,36,5,11,11,BUS02
2022-02-05 11:14:25,40.765678,-111.909653,1274.4,-9999.0,-9999.0,-9999.0,13.93,7.21,-0.81,50.55,9.0,2.0,2.39,24.0,883.8,0.0,-3.3,2.07,21.7,830.7,-9999.0,-9999.0,-9999.0,-9999.0,-9999.0,-9999.0,-9999.0,0.0,0,1,"time.struct_time(tm_year=2022, tm_mon=2, tm_mday=5, tm_hour=11, tm_min=14, tm_sec=25, tm_wday=5, tm_yday=36, tm_isdst=-1)",2022-02-05,2022,2,36,5,14,11,BUS02
2022-02-05 11:16:55,40.765713,-111.909622,1294.7,-9999.0,-9999.0,-9999.0,13.93,7.17,-0.77,50.18,10.0,2.0,2.28,24.0,883.9,0.0,-0.7,2.07,21.6,831.7,-9999.0,-9999.0,-9999.0,-9999.0,-9999.0,-9999.0,-9999.0,0.0,0,1,"time.struct_time(tm_year=2022, tm_mon=2, tm_mday=5, tm_hour=11, tm_min=16, tm_sec=55, tm_wday=5, tm_yday=36, tm_isdst=-1)",2022-02-05,2022,2,36,5,16,11,BUS02
2022-02-05 11:20:30,40.765701,-111.909737,1282.3,-9999.0,-9999.0,-9999.0,13.93,7.1,-0.71,49.91,10.0,2.0,2.28,24.0,883.9,0.0,0.3,2.08,21.6,830.3,-9999.0,-9999.0,-9999.0,-9999.0,-9999.0,-9999.0,-9999.0,0.0,0,1,"time.struct_time(tm_year=2022, tm_mon=2, tm_mday=5, tm_hour=11, tm_min=20, tm_sec=30, tm_wday=5, tm_yday=36, tm_isdst=-1)",2022-02-05,2022,2,36,5,20,11,BUS02
2022-02-05 11:23:00,40.765678,-111.909843,1281.8,-9999.0,-9999.0,-9999.0,13.93,7.06,-0.65,49.96,10.0,2.0,2.22,24.0,883.5,0.0,-1.2,2.07,21.5,831.5,-9999.0,-9999.0,-9999.0,-9999.0,-9999.0,-9999.0,-9999.0,0.0,0,1,"time.struct_time(tm_year=2022, tm_mon=2, tm_mday=5, tm_hour=11, tm_min=23, tm_sec=0, tm_wday=5, tm_yday=36, tm_isdst=-1)",2022-02-05,2022,2,36,5,23,11,BUS02
2022-02-05 11:25:30,40.765778,-111.909645,1274.2,-9999.0,-9999.0,-9999.0,13.93,7.02,-0.71,50.18,9.0,2.0,2.22,24.0,883.4,0.0,-2.9,2.07,21.5,830.3,-9999.0,-9999.0,-9999.0,-9999.0,-9999.0,-9999.0,-9999.0,0.0,0,1,"time.struct_time(tm_year=2022, tm_mon=2, tm_mday=5, tm_hour=11, tm_min=25, tm_sec=30, tm_wday=5, tm_yday=36, tm_isdst=-1)",2022-02-05,2022,2,36,5,25,11,BUS02
2022-02-05 11:28:00,40.765846,-111.909645,1277.4,-9999.0,-9999.0,-9999.0,13.93,6.98,-0.73,49.86,9.0,2.0,2.22,24.0,883.7,0.0,2.7,2.07,21.4,831.4,-9999.0,-9999.0,-9999.0,-9999.0,-9999.0,-9999.0,-9999.0,0.0,0,1,"time.struct_time(tm_year=2022, tm_mon=2, tm_mday=5, tm_hour=11, tm_min=28, tm_sec=0, tm_wday=5, tm_yday=36, tm_isdst=-1)",2022-02-05,2022,2,36,5,28,11,BUS02
2022-02-05 11:30:30,40.765797,-111.909721,1279.6,-9999.0,-9999.0,-9999.0,13.93,6.95,-0.67,49.07,8.0,2.0,2.11,24.0,883.6,0.0,1.5,2.07,21.4,830.2,-9999.0,-9999.0,-9999.0,-9999.0,-9999.0,-9999.0,-9999.0,0.0,0,1,"time.struct_time(tm_year=2022, tm_mon=2, tm_mday=5, tm_hour=11, tm_min=30, tm_sec=30, tm_wday=5, tm_yday=36, tm_isdst=-1)",2022-02-05,2022,2,36,5,30,11,BUS02
2022-02-05 11:33:00,40.765659,-111.909721,1256.0,-9999.0,-9999.0,-9999.0,13.92,6.91,-0.65,48.87,9.0,2.0,2.11,24.0,883.4,0.0,4.3,2.08,21.3,831.4,-9999.0,-9999.0,-9999.0,-9999.0,-9999.0,-9999.0,-9999.0,0.0,0,1,"time.struct_time(tm_year=2022, tm_mon=2, tm_mday=5, tm_hour=11, tm_min=33, tm_sec=0, tm_wday=5, tm_yday=36, tm_isdst=-1)",2022-02-05,2022,2,36,5,33,11,BUS02
2022-02-05 11:35:30,40.765724,-111.909676,1263.3,-9999.0,-9999.0,-9999.0,13.93,6.87,-0.61,48.81,8.0,2.0,2.11,24.0,883.4,0.0,5.9,2.07,21.3,830.1,-9999.0,-9999.0,-9999.0,-9999.0,-9999.0,-9999.0,-9999.0,0.0,0,1,"time.struct_time(tm_year=2022, tm_mon=2, tm_mday=5, tm_hour=11, tm_min=35, tm_sec=30, tm_wday=5, tm_yday=36, tm_isdst=-1)",2022-02-05,2022,2,36,5,35,11,BUS02
2022-02-05 11:38:00,40.765583,-111.909691,1282.0,-9999.0,-9999.0,-9999.0,13.92,6.83,-0.76,50.29,9.0,2.0,2.11,24.0,883.6,0.0,1.2,2.07,21.3,831.4,-9999.0,-9999.0,-9999.0,-9999.0,-9999.0,-9999.0,-9999.0,0.0,0,1,"time.struct_time(tm_year=2022, tm_mon=2, tm_mday=5, tm_hour=11, tm_min=38, tm_sec=0, tm_wday=5, tm_yday=36, tm_isdst=-1)",2022-02-05,2022,2,36,5,38,11,BUS02
2022-02-05 11:40:30,40.765774,-111.909615,1273.1,-9999.0,-9999.0,-9999.0,13.93,6.8,-0.97,50.71,9.0,2.0,2.0,24.0,883.4,0.0,0.6,2.07,21.2,830.2,-9999.0,-9999.0,-9999.0,-9999.0,-9999.0,-9999.0,-9999.0,0.0,0,1,"time.struct_time(tm_year=2022, tm_mon=2, tm_mday=5, tm_hour=11, tm_min=40, tm_sec=30, tm_wday=5, tm_yday=36, tm_isdst=-1)",2022-02-05,2022,2,36,5,40,11,BUS02
2022-02-05 11:43:00,40.765717,-111.909729,1278.6,-9999.0,-9999.0,-9999.0,13.92,6.77,-1.21,51.78,9.0,2.0,2.0,24.0,883.5,0.0,-2.0,2.07,21.2,831.2,-9999.0,-9999.0,-9999.0,-9999.0,-9999.0,-9999.0,-9999.0,0.0,0,1,"time.struct_time(tm_year=2022, tm_mon=2, tm_mday=5, tm_hour=11, tm_min=43, tm_sec=0, tm_wday=5, tm_yday=36, tm_isdst=-1)",2022-02-05,2022,2,36,5,43,11,BUS02
2022-02-05 11:45:30,40.765732,-111.909637,1255.3,-9999.0,-9999.0,-9999.0,13.92,6.74,-1.32,52.08,10.0,2.0,1.89,24.0,883.4,0.0,0.3,2.07,21.1,829.8,-9999.0,-9999.0,-9999.0,-9999.0,-9999.0,-9999.0,-9999.0,0.0,0,1,"time.struct_time(tm_year=2022, tm_mon=2, tm_mday=5, tm_hour=11, tm_min=45, tm_sec=30, tm_wday=5, tm_yday=36, tm_isdst=-1)",2022-02-05,2022,2,36,5,45,11,BUS02
2022-02-05 11:48:00,40.765694,-111.909615,1273.5,-9999.0,-9999.0,-9999.0,13.92,6.7,-1.34,51.86,10.0,2.0,1.89,25.0,883.1,0.0,2.8,2.08,21.1,830.8,-9999.0,-9999.0,-9999.0,-9999.0,-9999.0,-9999.0,-9999.0,0.0,0,1,"time.struct_time(tm_year=2022, tm_mon=2, tm_mday=5, tm_hour=11, tm_min=48, tm_sec=0, tm_wday=5, tm_yday=36, tm_isdst=-1)",2022-02-05,2022,2,36,5,48,11,BUS02
2022-02-05 11:50:30,40.765781,-111.909721,1265.8,-9999.0,-9999.0,-9999.0,13.92,6.67,-1.27,51.83,9.0,2.0,1.89,25.0,883.4,0.0,-0.6,2.07,21.1,829.8,-9999.0,-9999.0,-9999.0,-9999.0,-9999.0,-9999.0,-9999.0,0.0,0,1,"time.struct_time(tm_year=2022, tm_mon=2, tm_mday=5, tm_hour=11, tm_min=50, tm_sec=30, tm_wday=5, tm_yday=36, tm_isdst=-1)",2022-02-05,2022,2,36,5,50,11,BUS02
2022-02-05 11:53:00,40.765717,-111.909561,1274.9,-9999.0,-9999.0,-9999.0,13.93,6.64,-1.29,51.96,8.0,2.0,1.78,25.0,883.5,0.0,-1.4,2.08,21.0,831.2,-9999.0,-9999.0,-9999.0,-9999.0,-9999.0,-9999.0,-9999.0,0.0,0,1,"time.struct_time(tm_year=2022, tm_mon=2, tm_mday=5, tm_hour=11, tm_min=53, tm_sec=0, tm_wday=5, tm_yday=36, tm_isdst=-1)",2022-02-05,2022,2,36,5,53,11,BUS02
2022-02-05 11:55:30,40.765728,-111.909676,1265.2,-9999.0,-9999.0,-9999.0,13.93,6.6,-1.32,51.75,9.0,2.0,1.78,25.0,883.2,0.0,-2.4,2.08,21.0,829.8,-9999.0,-9999.0,-9999.0,-9999.0,-9999.0,-9999.0,-9999.0,0.0,0,1,"time.struct_time(tm_year=2022, tm_mon=2, tm_mday=5, tm_hour=11, tm_min=55, tm_sec=30, tm_wday=5, tm_yday=36, tm_isdst=-1)",2022-02-05,2022,2,36,5,55,11,BUS02
2022-02-05 11:58:00,40.765823,-111.909706,1264.1,-9999.0,-9999.0,-9999.0,13.93,6.57,-1.28,51.57,8.0,2.0,1.78,25.0,883.2,0.0,-1.6,2.08,20.9,831.0,-9999.0,-9999.0,-9999.0,-9999.0,-9999.0,-9999.0,-9999.0,0.0,0,1,"time.struct_time(tm_year=2022, tm_mon=2, tm_mday=5, tm_hour=11, tm_min=58, tm_sec=0, tm_wday=5, tm_yday=36, tm_isdst=-1)",2022-02-05,2022,2,36,5,58,11,BUS02
2022-02-05 12:00:30,40.765759,-111.90963,1268.1,-9999.0,-9999.0,-9999.0,13.93,6.54,-1.46,53.0,10.0,2.0,1.78,25.0,883.3,0.0,-2.9,2.07,20.9,829.9,-9999.0,-9999.0,-9999.0,-9999.0,-9999.0,-9999.0,-9999.0,0.0,0,1,"time.struct_time(tm_year=2022, tm_mon=2, tm_mday=5, tm_hour=12, tm_min=0, tm_sec=30, tm_wday=5, tm_yday=36, tm_isdst=-1)",2022-02-05,2022,2,36,5,0,12,BUS02
2022-02-05 12:03:00,40.765797,-111.909599,1262.4,-9999.0,-9999.0,-9999.0,13.92,6.51,-1.49,52.6,9.0,2.0,1.72,25.0,883.1,0.0,-2.0,2.06,20.9,831.1,-9999.0,-9999.0,-9999.0,-9999.0,-9999.0,-9999.0,-9999.0,0.0,0,1,"time.struct_time(tm_year=2022, tm_mon=2, tm_mday=5, tm_hour=12, tm_min=3, tm_sec=0, tm_wday=5, tm_yday=36, tm_isdst=-1)",2022-02-05,2022,2,36,5,3,12,BUS02
2022-02-05 12:05:30,40.765663,-111.909454,1285.2,-9999.0,-9999.0,-9999.0,13.92,6.48,-1.46,52.2,9.0,2.0,1.72,25.0,883.5,0.0,-3.9,2.07,20.9,829.8,-9999.0,-9999.0,-9999.0,-9999.0,-9999.0,-9999.0,-9999.0,0.0,0,1,"time.struct_time(tm_year=2022, tm_mon=2, tm_mday=5, tm_hour=12, tm_min=5, tm_sec=30, tm_wday=5, tm_yday=36, tm_isdst=-1)",2022-02-05,2022,2,36,5,5,12,BUS02
2022-02-05 12:08:00,40.765751,-111.909561,1266.6,-9999.0,-9999.0,-9999.0,13.93,6.45,-1.38,51.67,8.0,2.0,1.61,25.0,883.4,0.0,-4.2,2.07,20.8,831.2,-9999.0,-9999.0,-9999.0,-9999.0,-9999.0,-9999.0,-9999.0,0.0,0,1,"time.struct_time(tm_year=2022, tm_mon=2, tm_mday=5, tm_hour=12, tm_min=8, tm_sec=0, tm_wday=5, tm_yday=36, tm_isdst=-1)",2022-02-05,2022,2,36,5,8,12,BUS02
2022-02-05 12:10:30,40.766056,-111.909615,1267.6,-9999.0,-9999.0,-9999.0,13.93,6.42,-1.31,51.57,9.0,2.0,1.61,25.0,883.2,0.0,-3.3,2.06,20.8,829.8,-9999.0,-9999.0,-9999.0,-9999.0,-9999.0,-9999.0,-9999.0,0.0,0,1,"time.struct_time(tm_year=2022, tm_mon=2, tm_mday=5, tm_hour=12, tm_min=10, tm_sec=30, tm_wday=5, tm_yday=36, tm_isdst=-1)",2022-02-05,2022,2,36,5,10,12,BUS02
2022-02-05 12:13:00,40.765499,-111.90963,1319.1,-9999.0,-9999.0,-9999.0,13.92,6.38,-1.4,52.52,9.0,2.0,1.61,25.0,883.3,0.0,1.7,2.06,20.7,831.0,-9999.0,-9999.0,-9999.0,-9999.0,-9999.0,-9999.0,-9999.0,0.0,0,1,"time.struct_time(tm_year=2022, tm_mon=2, tm_mday=5, tm_hour=12, tm_min=13, tm_sec=0, tm_wday=5, tm_yday=36, tm_isdst=-1)",2022-02-05,2022,2,36,5,13,12,BUS02
2022-02-05 12:15:30,40.765713,-111.90979,1310.3,-9999.0,-9999.0,-9999.0,13.93,6.35,-1.68,53.71,10.0,2.0,1.61,25.0,883.3,0.0,-1.4,2.07,20.7,829.7,-9999.0,-9999.0,-9999.0,-9999.0,-9999.0,-9999.0,-9999.0,0.0,0,1,"time.struct_time(tm_year=2022, tm_mon=2, tm_mday=5, tm_hour=12, tm_min=15, tm_sec=30, tm_wday=5, tm_yday=36, tm_isdst=-1)",2022-02-05,2022,2,36,5,15,12,BUS02
2022-02-05 12:18:00,40.765759,-111.909561,1293.4,-9999.0,-9999.0,-9999.0,13.92,6.32,-1.96,55.0,14.0,2.0,1.5,25.0,883.2,0.0,-0.6,2.07,20.7,830.9,-9999.0,-9999.0,-9999.0,-9999.0,-9999.0,-9999.0,-9999.0,0.0,0,1,"time.struct_time(tm_year=2022, tm_mon=2, tm_mday=5, tm_hour=12, tm_min=18, tm_sec=0, tm_wday=5, tm_yday=36, tm_isdst=-1)",2022-02-05,2022,2,36,5,18,12,BUS02
2022-02-05 12:21:35,40.765572,-111.909706,1259.7,-9999.0,-9999.0,-9999.0,13.92,6.28,-2.14,55.75,10.0,2.0,1.5,25.0,883.2,0.0,0.8,2.07,20.6,830.6,-9999.0,-9999.0,-9999.0,-9999.0,-9999.0,-9999.0,-9999.0,0.0,0,1,"time.struct_time(tm_year=2022, tm_mon=2, tm_mday=5, tm_hour=12, tm_min=21, tm_sec=35, tm_wday=5, tm_yday=36, tm_isdst=-1)",2022-02-05,2022,2,36,5,21,12,BUS02
2022-02-05 12:24:05,40.765594,-111.909714,1264.5,-9999.0,-9999.0,-9999.0,13.92,6.24,-2.25,55.75,10.0,2.0,1.39,25.0,883.1,0.0,-1.2,2.06,20.6,829.6,-9999.0,-9999.0,-9999.0,-9999.0,-9999.0,-9999.0,-9999.0,0.0,0,1,"time.struct_time(tm_year=2022, tm_mon=2, tm_mday=5, tm_hour=12, tm_min=24, tm_sec=5, tm_wday=5, tm_yday=36, tm_isdst=-1)",2022-02-05,2022,2,36,5,24,12,BUS02
2022-02-05 12:26:35,40.765915,-111.909393,1270.9,-9999.0,-9999.0,-9999.0,13.92,6.21,-2.26,56.06,11.0,2.0,1.28,26.0,883.4,0.0,1.4,2.06,20.6,830.9,-9999.0,-9999.0,-9999.0,-9999.0,-9999.0,-9999.0,-9999.0,0.0,0,1,"time.struct_time(tm_year=2022, tm_mon=2, tm_mday=5, tm_hour=12, tm_min=26, tm_sec=35, tm_wday=5, tm_yday=36, tm_isdst=-1)",2022-02-05,2022,2,36,5,26,12,BUS02
2022-02-05 12:29:05,40.765823,-111.909599,1274.5,-9999.0,-9999.0,-9999.0,13.92,6.18,-2.19,55.97,12.0,2.0,1.28,26.0,883.2,0.0,0.7,2.06,20.5,829.7,-9999.0,-9999.0,-9999.0,-9999.0,-9999.0,-9999.0,-9999.0,0.0,0,1,"time.struct_time(tm_year=2022, tm_mon=2, tm_mday=5, tm_hour=12, tm_min=29, tm_sec=5, tm_wday=5, tm_yday=36, tm_isdst=-1)",2022-02-05,2022,2,36,5,29,12,BUS02
2022-02-05 12:31:35,40.766178,-111.90963,1267.2,-9999.0,-9999.0,-9999.0,13.92,6.15,-2.08,56.06,12.0,2.0,1.28,26.0,883.3,0.0,2.3,2.06,20.5,830.8,-9999.0,-9999.0,-9999.0,-9999.0,-9999.0,-9999.0,-9999.0,0.0,0,1,"time.struct_time(tm_year=2022, tm_mon=2, tm_mday=5, tm_hour=12, tm_min=31, tm_sec=35, tm_wday=5, tm_yday=36, tm_isdst=-1)",2022-02-05,2022,2,36,5,31,12,BUS02
2022-02-05 12:34:05,40.765854,-111.909607,1274.4,-9999.0,-9999.0,-9999.0,13.92,6.12,-1.95,55.0,10.0,2.0,1.22,26.0,883.2,0.0,0.0,2.06,20.5,829.6,-9999.0,-9999.0,-9999.0,-9999.0,-9999.0,-9999.0,-9999.0,0.0,0,1,"time.struct_time(tm_year=2022, tm_mon=2, tm_mday=5, tm_hour=12, tm_min=34, tm_sec=5, tm_wday=5, tm_yday=36, tm_isdst=-1)",2022-02-05,2022,2,36,5,34,12,BUS02
2022-02-05 12:36:35,40.76606,-111.90966,1296.9,-9999.0,-9999.0,-9999.0,13.96,6.09,-1.86,55.57,12.0,2.0,1.22,26.0,883.4,0.0,-4.7,2.06,20.4,831.0,-9999.0,-9999.0,-9999.0,-9999.0,-9999.0,-9999.0,-9999.0,0.0,0,1,"time.struct_time(tm_year=2022, tm_mon=2, tm_mday=5, tm_hour=12, tm_min=36, tm_sec=35, tm_wday=5, tm_yday=36, tm_isdst=-1)",2022-02-05,2022,2,36,5,36,12,BUS02
2022-02-05 12:39:05,40.765808,-111.909645,1289.7,-9999.0,-9999.0,-9999.0,13.96,6.05,-1.82,54.92,11.0,2.0,1.22,26.0,883.5,0.0,-0.3,2.06,20.4,829.7,-9999.0,-9999.0,-9999.0,-9999.0,-9999.0,-9999.0,-9999.0,0.0,0,1,"time.struct_time(tm_year=2022, tm_mon=2, tm_mday=5, tm_hour=12, tm_min=39, tm_sec=5, tm_wday=5, tm_yday=36, tm_isdst=-1)",2022-02-05,2022,2,36,5,39,12,BUS02
2022-02-05 12:41:35,40.765682,-111.909523,1289.7,-9999.0,-9999.0,-9999.0,13.96,6.02,-1.74,54.32,10.0,2.0,1.22,26.0,883.4,0.0,-1.8,2.06,20.4,831.0,-9999.0,-9999.0,-9999.0,-9999.0,-9999.0,-9999.0,-9999.0,0.0,0,1,"time.struct_time(tm_year=2022, tm_mon=2, tm_mday=5, tm_hour=12, tm_min=41, tm_sec=35, tm_wday=5, tm_yday=36, tm_isdst=-1)",2022-02-05,2022,2,36,5,41,12,BUS02
2022-02-05 12:44:05,40.765759,-111.90976,1280.2,-9999.0,-9999.0,-9999.0,13.96,5.99,-1.84,55.54,14.0,2.0,1.22,26.0,883.3,0.0,-1.2,2.07,20.3,829.7,-9999.0,-9999.0,-9999.0,-9999.0,-9999.0,-9999.0,-9999.0,0.0,0,1,"time.struct_time(tm_year=2022, tm_mon=2, tm_mday=5, tm_hour=12, tm_min=44, tm_sec=5, tm_wday=5, tm_yday=36, tm_isdst=-1)",2022-02-05,2022,2,36,5,44,12,BUS02
2022-02-05 12:46:35,40.765762,-111.909744,1274.6,-9999.0,-9999.0,-9999.0,13.96,5.95,-1.84,54.72,13.0,2.0,1.11,26.0,883.3,0.0,-4.7,2.06,20.3,830.8,-9999.0,-9999.0,-9999.0,-9999.0,-9999.0,-9999.0,-9999.0,0.0,0,1,"time.struct_time(tm_year=2022, tm_mon=2, tm_mday=5, tm_hour=12, tm_min=46, tm_sec=35, tm_wday=5, tm_yday=36, tm_isdst=-1)",2022-02-05,2022,2,36,5,46,12,BUS02
2022-02-05 12:49:05,40.765808,-111.909645,1263.7,-9999.0,-9999.0,-9999.0,13.96,5.92,-1.77,54.7,11.0,2.0,1.11,26.0,883.3,0.0,-5.9,2.07,20.3,829.5,-9999.0,-9999.0,-9999.0,-9999.0,-9999.0,-9999.0,-9999.0,0.0,0,1,"time.struct_time(tm_year=2022, tm_mon=2, tm_mday=5, tm_hour=12, tm_min=49, tm_sec=5, tm_wday=5, tm_yday=36, tm_isdst=-1)",2022-02-05,2022,2,36,5,49,12,BUS02
2022-02-05 12:51:35,40.765678,-111.909721,1269.4,-9999.0,-9999.0,-9999.0,13.96,5.89,-1.78,54.74,10.0,2.0,1.11,27.0,883.1,0.0,-2.4,2.06,20.2,830.7,-9999.0,-9999.0,-9999.0,-9999.0,-9999.0,-9999.0,-9999.0,0.0,0,1,"time.struct_time(tm_year=2022, tm_mon=2, tm_mday=5, tm_hour=12, tm_min=51, tm_sec=35, tm_wday=5, tm_yday=36, tm_isdst=-1)",2022-02-05,2022,2,36,5,51,12,BUS02
2022-02-05 12:54:05,40.765858,-111.909691,1264.2,-9999.0,-9999.0,-9999.0,13.96,5.86,-1.82,54.86,10.0,2.0,1.0,27.0,883.0,0.0,-0.7,2.06,20.2,829.5,-9999.0,-9999.0,-9999.0,-9999.0,-9999.0,-9999.0,-9999.0,0.0,0,1,"time.struct_time(tm_year=2022, tm_mon=2, tm_mday=5, tm_hour=12, tm_min=54, tm_sec=5, tm_wday=5, tm_yday=36, tm_isdst=-1)",2022-02-05,2022,2,36,5,54,12,BUS02
2022-02-05 12:56:35,40.765705,-111.90976,1254.9,-9999.0,-9999.0,-9999.0,13.96,5.83,-1.94,55.16,11.0,2.0,1.0,27.0,883.3,0.0,-3.4,2.06,20.2,830.8,-9999.0,-9999.0,-9999.0,-9999.0,-9999.0,-9999.0,-9999.0,0.0,0,1,"time.struct_time(tm_year=2022, tm_mon=2, tm_mday=5, tm_hour=12, tm_min=56, tm_sec=35, tm_wday=5, tm_yday=36, tm_isdst=-1)",2022-02-05,2022,2,36,5,56,12,BUS02
2022-02-05 12:59:05,40.765652,-111.90976,1251.0,-9999.0,-9999.0,-9999.0,13.96,5.8,-2.01,55.77,11.0,2.0,1.0,27.0,883.1,0.0,-1.2,2.05,20.1,829.5,-9999.0,-9999.0,-9999.0,-9999.0,-9999.0,-9999.0,-9999.0,0.0,0,1,"time.struct_time(tm_year=2022, tm_mon=2, tm_mday=5, tm_hour=12, tm_min=59, tm_sec=5, tm_wday=5, tm_yday=36, tm_isdst=-1)",2022-02-05,2022,2,36,5,59,12,BUS02
2022-02-05 13:01:35,40.765839,-111.909714,1247.8,-9999.0,-9999.0,-9999.0,13.96,5.78,-2.04,55.83,11.0,2.0,0.89,27.0,883.0,0.0,0.9,2.06,20.1,830.7,-9999.0,-9999.0,-9999.0,-9999.0,-9999.0,-9999.0,-9999.0,0.0,0,1,"time.struct_time(tm_year=2022, tm_mon=2, tm_mday=5, tm_hour=13, tm_min=1, tm_sec=35, tm_wday=5, tm_yday=36, tm_isdst=-1)",2022-02-05,2022,2,36,5,1,13,BUS02
2022-02-05 13:04:05,40.765636,-111.909729,1237.0,-9999.0,-9999.0,-9999.0,13.96,5.75,-2.08,55.81,11.0,2.0,0.89,27.0,883.0,0.0,-2.3,2.06,20.1,829.4,-9999.0,-9999.0,-9999.0,-9999.0,-9999.0,-9999.0,-9999.0,0.0,0,1,"time.struct_time(tm_year=2022, tm_mon=2, tm_mday=5, tm_hour=13, tm_min=4, tm_sec=5, tm_wday=5, tm_yday=36, tm_isdst=-1)",2022-02-05,2022,2,36,5,4,13,BUS02
2022-02-05 13:06:35,40.765755,-111.909721,1258.7,-9999.0,-9999.0,-9999.0,13.96,5.72,-2.06,55.25,10.0,2.0,0.89,27.0,883.1,0.0,1.3,2.07,20.1,830.6,-9999.0,-9999.0,-9999.0,-9999.0,-9999.0,-9999.0,-9999.0,0.0,0,1,"time.struct_time(tm_year=2022, tm_mon=2, tm_mday=5, tm_hour=13, tm_min=6, tm_sec=35, tm_wday=5, tm_yday=36, tm_isdst=-1)",2022-02-05,2022,2,36,5,6,13,BUS02
2022-02-05 13:09:05,40.76572,-111.909805,1243.3,-9999.0,-9999.0,-9999.0,13.96,5.7,-2.02,55.13,10.0,2.0,0.89,27.0,883.3,0.0,1.3,2.06,20.0,829.6,-9999.0,-9999.0,-9999.0,-9999.0,-9999.0,-9999.0,-9999.0,0.0,0,1,"time.struct_time(tm_year=2022, tm_mon=2, tm_mday=5, tm_hour=13, tm_min=9, tm_sec=5, tm_wday=5, tm_yday=36, tm_isdst=-1)",2022-02-05,2022,2,36,5,9,13,BUS02
2022-02-05 13:11:35,40.765682,-111.909691,1262.8,-9999.0,-9999.0,-9999.0,13.96,5.67,-1.94,54.26,10.0,2.0,0.78,27.0,883.3,0.0,-1.8,2.07,20.0,830.8,-9999.0,-9999.0,-9999.0,-9999.0,-9999.0,-9999.0,-9999.0,0.0,0,1,"time.struct_time(tm_year=2022, tm_mon=2, tm_mday=5, tm_hour=13, tm_min=11, tm_sec=35, tm_wday=5, tm_yday=36, tm_isdst=-1)",2022-02-05,2022,2,36,5,11,13,BUS02
2022-02-05 13:14:05,40.765839,-111.909523,1270.6,-9999.0,-9999.0,-9999.0,13.96,5.64,-1.86,54.84,11.0,2.0,0.89,27.0,883.2,0.0,-2.5,2.07,20.0,829.4,-9999.0,-9999.0,-9999.0,-9999.0,-9999.0,-9999.0,-9999.0,0.0,0,1,"time.struct_time(tm_year=2022, tm_mon=2, tm_mday=5, tm_hour=13, tm_min=14, tm_sec=5, tm_wday=5, tm_yday=36, tm_isdst=-1)",2022-02-05,2022,2,36,5,14,13,BUS02
2022-02-05 13:16:35,40.766033,-111.909714,1279.2,-9999.0,-9999.0,-9999.0,13.96,5.62,-2.04,55.69,11.0,2.0,0.78,27.0,883.3,0.0,-0.1,2.06,19.9,830.7,-9999.0,-9999.0,-9999.0,-9999.0,-9999.0,-9999.0,-9999.0,0.0,0,1,"time.struct_time(tm_year=2022, tm_mon=2, tm_mday=5, tm_hour=13, tm_min=16, tm_sec=35, tm_wday=5, tm_yday=36, tm_isdst=-1)",2022-02-05,2022,2,36,5,16,13,BUS02
2022-02-05 13:19:05,40.765942,-111.90976,1277.9,-9999.0,-9999.0,-9999.0,13.96,5.59,-2.0,54.82,12.0,2.0,0.72,27.0,882.9,0.0,2.1,2.05,19.9,829.5,-9999.0,-9999.0,-9999.0,-9999.0,-9999.0,-9999.0,-9999.0,0.0,0,1,"time.struct_time(tm_year=2022, tm_mon=2, tm_mday=5, tm_hour=13, tm_min=19, tm_sec=5, tm_wday=5, tm_yday=36, tm_isdst=-1)",2022-02-05,2022,2,36,5,19,13,BUS02
2022-02-05 13:22:40,40.765732,-111.909851,1281.5,-9999.0,-9999.0,-9999.0,13.96,5.54,-1.92,54.5,10.0,2.0,0.72,27.0,883.4,0.0,0.0,2.05,19.9,830.9,-9999.0,-9999.0,-9999.0,-9999.0,-9999.0,-9999.0,-9999.0,0.0,0,1,"time.struct_time(tm_year=2022, tm_mon=2, tm_mday=5, tm_hour=13, tm_min=22, tm_sec=40, tm_wday=5, tm_yday=36, tm_isdst=-1)",2022-02-05,2022,2,36,5,22,13,BUS02
2022-02-05 13:25:10,40.765751,-111.909668,1288.5,-9999.0,-9999.0,-9999.0,13.96,5.51,-1.84,54.18,10.0,2.0,0.72,27.0,883.5,0.0,0.2,2.07,19.9,829.8,-9999.0,-9999.0,-9999.0,-9999.0,-9999.0,-9999.0,-9999.0,0.0,0,1,"time.struct_time(tm_year=2022, tm_mon=2, tm_mday=5, tm_hour=13, tm_min=25, tm_sec=10, tm_wday=5, tm_yday=36, tm_isdst=-1)",2022-02-05,2022,2,36,5,25,13,BUS02
2022-02-05 13:27:40,40.765747,-111.909615,1275.5,-9999.0,-9999.0,-9999.0,13.96,5.49,-1.82,53.95,10.0,2.0,0.61,27.0,883.6,0.0,2.3,2.05,19.8,830.9,-9999.0,-9999.0,-9999.0,-9999.0,-9999.0,-9999.0,-9999.0,0.0,0,1,"time.struct_time(tm_year=2022, tm_mon=2, tm_mday=5, tm_hour=13, tm_min=27, tm_sec=40, tm_wday=5, tm_yday=36, tm_isdst=-1)",2022-02-05,2022,2,36,5,27,13,BUS02
2022-02-05 13:30:10,40.765896,-111.909546,1287.1,-9999.0,-9999.0,-9999.0,13.96,5.46,-1.88,54.75,11.0,2.0,0.61,27.0,883.2,0.0,2.9,2.05,19.8,829.8,-9999.0,-9999.0,-9999.0,-9999.0,-9999.0,-9999.0,-9999.0,0.0,0,1,"time.struct_time(tm_year=2022, tm_mon=2, tm_mday=5, tm_hour=13, tm_min=30, tm_sec=10, tm_wday=5, tm_yday=36, tm_isdst=-1)",2022-02-05,2022,2,36,5,30,13,BUS02
2022-02-05 13:32:40,40.765743,-111.909744,1283.2,-9999.0,-9999.0,-9999.0,13.96,5.44,-1.92,54.4,13.0,2.0,0.5,27.0,883.4,0.0,2.9,2.06,19.8,830.6,-9999.0,-9999.0,-9999.0,-9999.0,-9999.0,-9999.0,-9999.0,0.0,0,1,"time.struct_time(tm_year=2022, tm_mon=2, tm_mday=5, tm_hour=13, tm_min=32, tm_sec=40, tm_wday=5, tm_yday=36, tm_isdst=-1)",2022-02-05,2022,2,36,5,32,13,BUS02
2022-02-05 13:35:10,40.76572,-111.909592,1272.4,-9999.0,-9999.0,-9999.0,13.96,5.41,-1.9,54.46,11.0,2.0,0.5,27.0,883.6,0.0,-1.1,2.06,19.7,829.8,-9999.0,-9999.0,-9999.0,-9999.0,-9999.0,-9999.0,-9999.0,0.0,0,1,"time.struct_time(tm_year=2022, tm_mon=2, tm_mday=5, tm_hour=13, tm_min=35, tm_sec=10, tm_wday=5, tm_yday=36, tm_isdst=-1)",2022-02-05,2022,2,36,5,35,13,BUS02
2022-02-05 13:37:40,40.765663,-111.909744,1281.7,-9999.0,-9999.0,-9999.0,13.96,5.38,-1.88,54.16,10.0,2.0,0.5,27.0,883.4,0.0,0.5,2.06,19.7,830.9,-9999.0,-9999.0,-9999.0,-9999.0,-9999.0,-9999.0,-9999.0,0.0,0,1,"time.struct_time(tm_year=2022, tm_mon=2, tm_mday=5, tm_hour=13, tm_min=37, tm_sec=40, tm_wday=5, tm_yday=36, tm_isdst=-1)",2022-02-05,2022,2,36,5,37,13,BUS02
2022-02-05 13:40:10,40.765686,-111.909737,1287.5,-9999.0,-9999.0,-9999.0,13.96,5.34,-2.06,55.71,14.0,2.0,0.39,27.0,883.4,0.0,-1.8,2.06,19.7,829.8,-9999.0,-9999.0,-9999.0,-9999.0,-9999.0,-9999.0,-9999.0,0.0,0,1,"time.struct_time(tm_year=2022, tm_mon=2, tm_mday=5, tm_hour=13, tm_min=40, tm_sec=10, tm_wday=5, tm_yday=36, tm_isdst=-1)",2022-02-05,2022,2,36,5,40,13,BUS02
2022-02-05 13:42:40,40.765766,-111.909691,1296.7,-9999.0,-9999.0,-9999.0,13.96,5.32,-2.1,54.84,11.0,2.0,0.39,27.0,883.6,0.0,2.3,2.06,19.6,830.9,-9999.0,-9999.0,-9999.0,-9999.0,-9999.0,-9999.0,-9999.0,0.0,0,1,"time.struct_time(tm_year=2022, tm_mon=2, tm_mday=5, tm_hour=13, tm_min=42, tm_sec=40, tm_wday=5, tm_yday=36, tm_isdst=-1)",2022-02-05,2022,2,36,5,42,13,BUS02
2022-02-05 13:47:15,40.765709,-111.909531,1295.0,-9999.0,-9999.0,-9999.0,13.96,5.26,-2.17,54.58,11.0,2.0,0.39,27.0,883.5,0.0,-1.3,2.05,19.6,831.0,-9999.0,-9999.0,-9999.0,-9999.0,-9999.0,-9999.0,-9999.0,0.0,0,1,"time.struct_time(tm_year=2022, tm_mon=2, tm_mday=5, tm_hour=13, tm_min=47, tm_sec=15, tm_wday=5, tm_yday=36, tm_isdst=-1)",2022-02-05,2022,2,36,5,47,13,BUS02
2022-02-05 13:49:45,40.765778,-111.909836,1263.9,-9999.0,-9999.0,-9999.0,13.96,5.23,-2.09,54.72,11.0,2.0,0.28,27.0,883.6,0.0,-2.7,2.06,19.6,829.8,-9999.0,-9999.0,-9999.0,-9999.0,-9999.0,-9999.0,-9999.0,0.0,0,1,"time.struct_time(tm_year=2022, tm_mon=2, tm_mday=5, tm_hour=13, tm_min=49, tm_sec=45, tm_wday=5, tm_yday=36, tm_isdst=-1)",2022-02-05,2022,2,36,5,49,13,BUS02
2022-02-05 13:52:15,40.765804,-111.909851,1270.8,-9999.0,-9999.0,-9999.0,13.96,5.2,-2.15,54.94,11.0,2.0,0.28,27.0,883.7,0.0,-1.2,2.05,19.5,831.1,-9999.0,-9999.0,-9999.0,-9999.0,-9999.0,-9999.0,-9999.0,0.0,0,1,"time.struct_time(tm_year=2022, tm_mon=2, tm_mday=5, tm_hour=13, tm_min=52, tm_sec=15, tm_wday=5, tm_yday=36, tm_isdst=-1)",2022-02-05,2022,2,36,5,52,13,BUS02
2022-02-05 13:54:45,40.765606,-111.909706,1265.0,-9999.0,-9999.0,-9999.0,13.96,5.17,-2.17,55.49,11.0,2.0,0.22,28.0,883.7,0.0,-5.8,2.06,19.5,830.0,-9999.0,-9999.0,-9999.0,-9999.0,-9999.0,-9999.0,-9999.0,0.0,0,1,"time.struct_time(tm_year=2022, tm_mon=2, tm_mday=5, tm_hour=13, tm_min=54, tm_sec=45, tm_wday=5, tm_yday=36, tm_isdst=-1)",2022-02-05,2022,2,36,5,54,13,BUS02
2022-02-05 13:57:15,40.76585,-111.909706,1291.2,-9999.0,-9999.0,-9999.0,13.96,5.13,-2.23,55.18,11.0,2.0,0.22,28.0,883.7,0.0,-3.3,2.06,19.5,831.2,-9999.0,-9999.0,-9999.0,-9999.0,-9999.0,-9999.0,-9999.0,0.0,0,1,"time.struct_time(tm_year=2022, tm_mon=2, tm_mday=5, tm_hour=13, tm_min=57, tm_sec=15, tm_wday=5, tm_yday=36, tm_isdst=-1)",2022-02-05,2022,2,36,5,57,13,BUS02
2022-02-05 13:59:45,40.765823,-111.909752,1285.6,-9999.0,-9999.0,-9999.0,13.96,5.1,-2.21,54.98,10.0,2.0,0.11,27.0,883.9,0.0,-1.2,2.05,19.5,830.1,-9999.0,-9999.0,-9999.0,-9999.0,-9999.0,-9999.0,-9999.0,0.0,0,1,"time.struct_time(tm_year=2022, tm_mon=2, tm_mday=5, tm_hour=13, tm_min=59, tm_sec=45, tm_wday=5, tm_yday=36, tm_isdst=-1)",2022-02-05,2022,2,36,5,59,13,BUS02
2022-02-05 14:03:00,40.765823,-111.909683,1295.1,-9999.0,-9999.0,-9999.0,13.96,5.06,-2.21,55.3,13.0,2.0,0.22,28.0,883.5,0.0,-1.5,2.06,19.4,831.3,-9999.0,-9999.0,-9999.0,-9999.0,-9999.0,-9999.0,-9999.0,0.0,0,1,"time.struct_time(tm_year=2022, tm_mon=2, tm_mday=5, tm_hour=14, tm_min=3, tm_sec=0, tm_wday=5, tm_yday=36, tm_isdst=-1)",2022-02-05,2022,2,36,5,3,14,BUS02
2022-02-05 14:05:30,40.765755,-111.909668,1301.9,-9999.0,-9999.0,-9999.0,13.95,5.03,-2.15,54.97,13.0,2.0,0.11,28.0,883.9,0.0,0.6,2.05,19.4,830.0,-9999.0,-9999.0,-9999.0,-9999.0,-9999.0,-9999.0,-9999.0,0.0,0,1,"time.struct_time(tm_year=2022, tm_mon=2, tm_mday=5, tm_hour=14, tm_min=5, tm_sec=30, tm_wday=5, tm_yday=36, tm_isdst=-1)",2022-02-05,2022,2,36,5,5,14,BUS02
2022-02-05 14:08:00,40.765877,-111.909775,1305.0,-9999.0,-9999.0,-9999.0,13.96,4.99,-2.15,54.82,12.0,2.0,0.11,28.0,883.8,0.0,-8.2,2.07,19.4,831.0,-9999.0,-9999.0,-9999.0,-9999.0,-9999.0,-9999.0,-9999.0,0.0,0,1,"time.struct_time(tm_year=2022, tm_mon=2, tm_mday=5, tm_hour=14, tm_min=8, tm_sec=0, tm_wday=5, tm_yday=36, tm_isdst=-1)",2022-02-05,2022,2,36,5,8,14,BUS02
2022-02-05 14:10:30,40.765873,-111.909714,1302.9,-9999.0,-9999.0,-9999.0,13.96,4.96,-2.17,54.71,11.0,2.0,0.0,28.0,883.4,0.0,-5.8,2.06,19.3,829.8,-9999.0,-9999.0,-9999.0,-9999.0,-9999.0,-9999.0,-9999.0,0.0,0,1,"time.struct_time(tm_year=2022, tm_mon=2, tm_mday=5, tm_hour=14, tm_min=10, tm_sec=30, tm_wday=5, tm_yday=36, tm_isdst=-1)",2022-02-05,2022,2,36,5,10,14,BUS02
2022-02-05 14:13:00,40.765549,-111.909622,1277.8,-9999.0,-9999.0,-9999.0,13.96,4.92,-2.31,55.87,12.0,2.0,0.0,28.0,883.7,0.0,-0.7,2.06,19.3,831.0,-9999.0,-9999.0,-9999.0,-9999.0,-9999.0,-9999.0,-9999.0,0.0,0,1,"time.struct_time(tm_year=2022, tm_mon=2, tm_mday=5, tm_hour=14, tm_min=13, tm_sec=0, tm_wday=5, tm_yday=36, tm_isdst=-1)",2022-02-05,2022,2,36,5,13,14,BUS02
2022-02-05 14:15:45,40.765778,-111.90979,1239.4,-9999.0,-9999.0,-9999.0,13.96,4.89,-2.37,55.95,12.0,2.0,-0.11,28.0,883.6,0.0,-2.8,2.05,19.3,829.9,-9999.0,-9999.0,-9999.0,-9999.0,-9999.0,-9999.0,-9999.0,0.0,0,1,"time.struct_time(tm_year=2022, tm_mon=2, tm_mday=5, tm_hour=14, tm_min=15, tm_sec=45, tm_wday=5, tm_yday=36, tm_isdst=-1)",2022-02-05,2022,2,36,5,15,14,BUS02
2022-02-05 14:18:15,40.765694,-111.909683,1261.8,-9999.0,-9999.0,-9999.0,13.96,4.86,-2.36,56.09,14.0,2.0,-0.11,28.0,883.8,0.0,-1.7,2.06,19.2,831.0,-9999.0,-9999.0,-9999.0,-9999.0,-9999.0,-9999.0,-9999.0,0.0,0,1,"time.struct_time(tm_year=2022, tm_mon=2, tm_mday=5, tm_hour=14, tm_min=18, tm_sec=15, tm_wday=5, tm_yday=36, tm_isdst=-1)",2022-02-05,2022,2,36,5,18,14,BUS02
2022-02-05 14:20:45,40.765709,-111.909691,1264.3,-9999.0,-9999.0,-9999.0,13.96,4.83,-2.34,56.42,13.0,2.0,-0.11,28.0,883.7,0.0,-2.6,2.05,19.2,830.0,-9999.0,-9999.0,-9999.0,-9999.0,-9999.0,-9999.0,-9999.0,0.0,0,1,"time.struct_time(tm_year=2022, tm_mon=2, tm_mday=5, tm_hour=14, tm_min=20, tm_sec=45, tm_wday=5, tm_yday=36, tm_isdst=-1)",2022-02-05,2022,2,36,5,20,14,BUS02
2022-02-05 14:24:20,40.765846,-111.909744,1274.1,-9999.0,-9999.0,-9999.0,13.96,4.78,-2.31,56.71,13.0,2.0,-0.11,28.0,883.5,0.0,-2.8,2.04,19.2,831.1,-9999.0,-9999.0,-9999.0,-9999.0,-9999.0,-9999.0,-9999.0,0.0,0,1,"time.struct_time(tm_year=2022, tm_mon=2, tm_mday=5, tm_hour=14, tm_min=24, tm_sec=20, tm_wday=5, tm_yday=36, tm_isdst=-1)",2022-02-05,2022,2,36,5,24,14,BUS02
