Timestamp_UTC,Latitude_ddeg,Longitude_ddeg,Elevation_m,GPS_Speed_m/s,GPS_Direction_deg,GPS_RMC_Valid_binary,Battery_Voltage_volts,Bus_Box_Temperature_degC,Bus_Top_Temperature_degC,Bus_Top_Relative_Humidity_%,ES642_PM2.5_Concentration_ug/m3,ES642_Air_Flow_Rate_L/min,ES642_Internal_Air_Temperature_degC,ES642_Internal_Relative_Humidity_%,ES642_Internal_Air_Pressure_hpa,ES642_Error_Code_code,2B_Ozone_Concentration_ppbv,2B_Air_Flow_Rate_L/min,2B_Internal_Air_Temperature_degC,2B_Internal_Air_Pressure_hpa,2B405_NO_Concentration_ppbv,2B405_NO2_Concentration_ppbv,2B405_NOX_Concentration_ppbv,2B405_Internal_Air_Temperature_degC,2B405_Internal_Air_Pressure_hpa,2B405_Air_Flow_Rate_L/min,2B405_Cell_O3_Flow_Rate_mL/min,PM2.5_Data_Flagged_binary,Ozone_Data_Flagged_binary,GPS_Data_Flagged_binary,Time_Tuple,Date,Year,Month,Day_of_Year,Day_of_Month,Minute,Hour,Transit_ID
2023-03-01 00:00:00,40.763538,-111.909424,1288.9,-9999.0,-9999.0,-9999.0,13.87,10.43,5.03,20.33,1.0,2.0,6.72,14.0,864.1,0.0,43.8,2.23,25.1,822.8,-9999.0,-9999.0,-9999.0,-9999.0,-9999.0,-9999.0,-9999.0,0.0,0,0,"time.struct_time(tm_year=2023, tm_mon=3, tm_mday=1, tm_hour=0, tm_min=0, tm_sec=0, tm_wday=2, tm_yday=60, tm_isdst=-1)",2023-03-01,2023,3,60,1,0,0,BUS02
2023-03-01 00:02:30,40.763538,-111.909424,1288.7,-9999.0,-9999.0,-9999.0,13.87,10.38,5.15,20.6,1.0,2.0,6.61,14.0,864.1,0.0,41.1,2.22,25.0,823.0,-9999.0,-9999.0,-9999.0,-9999.0,-9999.0,-9999.0,-9999.0,0.0,0,0,"time.struct_time(tm_year=2023, tm_mon=3, tm_mday=1, tm_hour=0, tm_min=2, tm_sec=30, tm_wday=2, tm_yday=60, tm_isdst=-1)",2023-03-01,2023,3,60,1,2,0,BUS02
2023-03-01 00:05:00,40.763538,-111.909424,1288.6,-9999.0,-9999.0,-9999.0,13.87,10.33,5.31,21.08,1.0,2.0,6.61,14.0,864.2,0.0,40.7,2.24,25.0,822.7,-9999.0,-9999.0,-9999.0,-9999.0,-9999.0,-9999.0,-9999.0,0.0,0,0,"time.struct_time(tm_year=2023, tm_mon=3, tm_mday=1, tm_hour=0, tm_min=5, tm_sec=0, tm_wday=2, tm_yday=60, tm_isdst=-1)",2023-03-01,2023,3,60,1,5,0,BUS02
2023-03-01 00:07:30,40.763538,-111.909424,1288.7,-9999.0,-9999.0,-9999.0,13.87,10.28,5.32,21.58,1.0,2.0,6.61,14.0,863.8,0.0,44.7,2.22,24.9,822.9,-9999.0,-9999.0,-9999.0,-9999.0,-9999.0,-9999.0,-9999.0,0.0,0,0,"time.struct_time(tm_year=2023, tm_mon=3, tm_mday=1, tm_hour=0, tm_min=7, tm_sec=30, tm_wday=2, tm_yday=60, tm_isdst=-1)",2023-03-01,2023,3,60,1,7,0,BUS02
2023-03-01 00:10:00,40.763538,-111.909424,1288.8,-9999.0,-9999.0,-9999.0,13.87,10.23,5.5,21.23,1.0,2.0,6.5,15.0,863.7,0.0,39.5,2.22,24.9,822.6,-9999.0,-9999.0,-9999.0,-9999.0,-9999.0,-9999.0,-9999.0,0.0,0,1,"time.struct_time(tm_year=2023, tm_mon=3, tm_mday=1, tm_hour=0, tm_min=10, tm_sec=0, tm_wday=2, tm_yday=60, tm_isdst=-1)",2023-03-01,2023,3,60,1,10,0,BUS02
2023-03-01 00:12:30,40.763538,-111.909424,1288.8,-9999.0,-9999.0,-9999.0,13.87,10.18,5.58,19.24,1.0,2.0,6.5,14.0,863.8,0.0,42.5,2.23,24.8,822.9,-9999.0,-9999.0,-9999.0,-9999.0,-9999.0,-9999.0,-9999.0,0.0,0,1,"time.struct_time(tm_year=2023, tm_mon=3, tm_mday=1, tm_hour=0, tm_min=12, tm_sec=30, tm_wday=2, tm_yday=60, tm_isdst=-1)",2023-03-01,2023,3,60,1,12,0,BUS02
2023-03-01 00:15:00,40.764896,-111.906097,1286.7,-9999.0,-9999.0,-9999.0,13.87,10.12,5.41,20.53,2.0,2.0,6.5,14.0,863.7,0.0,43.3,2.22,24.8,822.5,-9999.0,-9999.0,-9999.0,-9999.0,-9999.0,-9999.0,-9999.0,0.0,0,1,"time.struct_time(tm_year=2023, tm_mon=3, tm_mday=1, tm_hour=0, tm_min=15, tm_sec=0, tm_wday=2, tm_yday=60, tm_isdst=-1)",2023-03-01,2023,3,60,1,15,0,BUS02
2023-03-01 00:17:30,40.764957,-111.899658,1294.1,-9999.0,-9999.0,-9999.0,13.87,10.04,4.97,20.63,1.0,2.0,6.5,14.0,863.1,0.0,43.6,2.22,24.7,821.9,-9999.0,-9999.0,-9999.0,-9999.0,-9999.0,-9999.0,-9999.0,0.0,0,1,"time.struct_time(tm_year=2023, tm_mon=3, tm_mday=1, tm_hour=0, tm_min=17, tm_sec=30, tm_wday=2, tm_yday=60, tm_isdst=-1)",2023-03-01,2023,3,60,1,17,0,BUS02
2023-03-01 00:20:00,40.764954,-111.891487,1303.6,-9999.0,-9999.0,-9999.0,13.87,9.97,4.53,20.9,3.0,2.0,6.39,14.0,862.0,0.0,40.6,2.24,24.7,820.7,-9999.0,-9999.0,-9999.0,-9999.0,-9999.0,-9999.0,-9999.0,0.0,0,0,"time.struct_time(tm_year=2023, tm_mon=3, tm_mday=1, tm_hour=0, tm_min=20, tm_sec=0, tm_wday=2, tm_yday=60, tm_isdst=-1)",2023-03-01,2023,3,60,1,20,0,BUS02
2023-03-01 00:22:30,40.764996,-111.8862,1303.9,-9999.0,-9999.0,-9999.0,13.87,9.93,4.73,21.11,2.0,2.0,6.39,14.0,862.0,0.0,43.0,2.25,24.6,821.1,-9999.0,-9999.0,-9999.0,-9999.0,-9999.0,-9999.0,-9999.0,0.0,0,0,"time.struct_time(tm_year=2023, tm_mon=3, tm_mday=1, tm_hour=0, tm_min=22, tm_sec=30, tm_wday=2, tm_yday=60, tm_isdst=-1)",2023-03-01,2023,3,60,1,22,0,BUS02
2023-03-01 00:25:00,40.76709,-111.879547,1321.5,-9999.0,-9999.0,-9999.0,13.87,9.89,4.77,20.63,4.0,2.0,6.39,14.0,860.7,0.0,41.2,2.25,24.6,819.6,-9999.0,-9999.0,-9999.0,-9999.0,-9999.0,-9999.0,-9999.0,0.0,0,0,"time.struct_time(tm_year=2023, tm_mon=3, tm_mday=1, tm_hour=0, tm_min=25, tm_sec=0, tm_wday=2, tm_yday=60, tm_isdst=-1)",2023-03-01,2023,3,60,1,25,0,BUS02
2023-03-01 00:27:30,40.767117,-111.871429,1337.7,-9999.0,-9999.0,-9999.0,13.87,9.86,4.57,21.68,1.0,2.0,6.28,14.0,859.0,0.0,44.3,2.24,24.6,818.2,-9999.0,-9999.0,-9999.0,-9999.0,-9999.0,-9999.0,-9999.0,0.0,0,0,"time.struct_time(tm_year=2023, tm_mon=3, tm_mday=1, tm_hour=0, tm_min=27, tm_sec=30, tm_wday=2, tm_yday=60, tm_isdst=-1)",2023-03-01,2023,3,60,1,27,0,BUS02
2023-03-01 00:30:00,40.764915,-111.865005,1340.0,-9999.0,-9999.0,-9999.0,13.87,9.81,4.49,22.54,2.0,2.0,6.28,14.0,858.1,0.0,38.8,2.23,24.5,817.1,-9999.0,-9999.0,-9999.0,-9999.0,-9999.0,-9999.0,-9999.0,0.0,0,0,"time.struct_time(tm_year=2023, tm_mon=3, tm_mday=1, tm_hour=0, tm_min=30, tm_sec=0, tm_wday=2, tm_yday=60, tm_isdst=-1)",2023-03-01,2023,3,60,1,30,0,BUS02
2023-03-01 00:32:30,40.764973,-111.854271,1396.2,-9999.0,-9999.0,-9999.0,13.87,9.75,4.26,23.27,2.0,2.0,6.22,14.0,852.3,0.0,42.6,2.25,24.5,811.7,-9999.0,-9999.0,-9999.0,-9999.0,-9999.0,-9999.0,-9999.0,0.0,0,0,"time.struct_time(tm_year=2023, tm_mon=3, tm_mday=1, tm_hour=0, tm_min=32, tm_sec=30, tm_wday=2, tm_yday=60, tm_isdst=-1)",2023-03-01,2023,3,60,1,32,0,BUS02
2023-03-01 00:35:00,40.766933,-111.84761,1435.6,-9999.0,-9999.0,-9999.0,13.87,9.7,3.96,22.93,5.0,2.0,6.11,14.0,848.3,0.0,44.6,2.26,24.4,807.4,-9999.0,-9999.0,-9999.0,-9999.0,-9999.0,-9999.0,-9999.0,0.0,0,0,"time.struct_time(tm_year=2023, tm_mon=3, tm_mday=1, tm_hour=0, tm_min=35, tm_sec=0, tm_wday=2, tm_yday=60, tm_isdst=-1)",2023-03-01,2023,3,60,1,35,0,BUS02
2023-03-01 00:38:35,40.770012,-111.83918,1489.4,-9999.0,-9999.0,-9999.0,13.87,9.58,3.56,25.12,2.0,2.0,5.89,15.0,842.4,0.0,41.8,2.28,24.0,802.0,-9999.0,-9999.0,-9999.0,-9999.0,-9999.0,-9999.0,-9999.0,0.0,0,0,"time.struct_time(tm_year=2023, tm_mon=3, tm_mday=1, tm_hour=0, tm_min=38, tm_sec=35, tm_wday=2, tm_yday=60, tm_isdst=-1)",2023-03-01,2023,3,60,1,38,0,BUS02
2023-03-01 00:41:05,40.769295,-111.843971,1460.9,-9999.0,-9999.0,-9999.0,13.87,9.49,3.33,23.4,1.0,2.0,5.72,14.0,845.5,0.0,41.2,2.29,24.3,804.6,-9999.0,-9999.0,-9999.0,-9999.0,-9999.0,-9999.0,-9999.0,0.0,0,0,"time.struct_time(tm_year=2023, tm_mon=3, tm_mday=1, tm_hour=0, tm_min=41, tm_sec=5, tm_wday=2, tm_yday=60, tm_isdst=-1)",2023-03-01,2023,3,60,1,41,0,BUS02
2023-03-01 00:43:35,40.766991,-111.848587,1432.3,-9999.0,-9999.0,-9999.0,13.87,9.41,3.11,23.24,3.0,2.0,5.5,14.0,848.8,0.0,45.8,2.27,24.3,807.8,-9999.0,-9999.0,-9999.0,-9999.0,-9999.0,-9999.0,-9999.0,0.0,0,0,"time.struct_time(tm_year=2023, tm_mon=3, tm_mday=1, tm_hour=0, tm_min=43, tm_sec=35, tm_wday=2, tm_yday=60, tm_isdst=-1)",2023-03-01,2023,3,60,1,43,0,BUS02
2023-03-01 00:46:05,40.765007,-111.853531,1399.9,-9999.0,-9999.0,-9999.0,13.87,9.33,3.13,23.35,3.0,2.0,5.39,14.0,852.0,0.0,42.6,2.27,24.2,811.0,-9999.0,-9999.0,-9999.0,-9999.0,-9999.0,-9999.0,-9999.0,0.0,0,0,"time.struct_time(tm_year=2023, tm_mon=3, tm_mday=1, tm_hour=0, tm_min=46, tm_sec=5, tm_wday=2, tm_yday=60, tm_isdst=-1)",2023-03-01,2023,3,60,1,46,0,BUS02
2023-03-01 00:48:35,40.765026,-111.863953,1346.7,-9999.0,-9999.0,-9999.0,13.9,9.26,3.15,24.63,1.0,2.0,5.28,15.0,857.6,0.0,37.9,2.24,24.2,816.7,-9999.0,-9999.0,-9999.0,-9999.0,-9999.0,-9999.0,-9999.0,0.0,0,0,"time.struct_time(tm_year=2023, tm_mon=3, tm_mday=1, tm_hour=0, tm_min=48, tm_sec=35, tm_wday=2, tm_yday=60, tm_isdst=-1)",2023-03-01,2023,3,60,1,48,0,BUS02
2023-03-01 00:51:05,40.767185,-111.866524,1344.1,-9999.0,-9999.0,-9999.0,13.9,9.2,3.28,23.66,1.0,2.0,5.28,15.0,857.7,0.0,43.2,2.26,24.1,816.6,-9999.0,-9999.0,-9999.0,-9999.0,-9999.0,-9999.0,-9999.0,0.0,0,0,"time.struct_time(tm_year=2023, tm_mon=3, tm_mday=1, tm_hour=0, tm_min=51, tm_sec=5, tm_wday=2, tm_yday=60, tm_isdst=-1)",2023-03-01,2023,3,60,1,51,0,BUS02
2023-03-01 00:53:35,40.767193,-111.873169,1333.3,-9999.0,-9999.0,-9999.0,13.9,9.14,3.4,23.66,1.0,2.0,5.22,15.0,859.1,0.0,39.8,2.24,24.0,818.1,-9999.0,-9999.0,-9999.0,-9999.0,-9999.0,-9999.0,-9999.0,0.0,0,0,"time.struct_time(tm_year=2023, tm_mon=3, tm_mday=1, tm_hour=0, tm_min=53, tm_sec=35, tm_wday=2, tm_yday=60, tm_isdst=-1)",2023-03-01,2023,3,60,1,53,0,BUS02
2023-03-01 00:56:05,40.766682,-111.885429,1317.6,-9999.0,-9999.0,-9999.0,13.9,9.08,3.64,22.71,2.0,2.0,5.28,15.0,861.4,0.0,44.2,2.22,24.0,820.2,-9999.0,-9999.0,-9999.0,-9999.0,-9999.0,-9999.0,-9999.0,0.0,0,0,"time.struct_time(tm_year=2023, tm_mon=3, tm_mday=1, tm_hour=0, tm_min=56, tm_sec=5, tm_wday=2, tm_yday=60, tm_isdst=-1)",2023-03-01,2023,3,60,1,56,0,BUS02
2023-03-01 00:58:35,40.765003,-111.887642,1313.0,-9999.0,-9999.0,-9999.0,13.9,9.02,3.84,23.04,2.0,2.0,5.39,15.0,861.6,0.0,37.5,2.21,23.9,820.7,-9999.0,-9999.0,-9999.0,-9999.0,-9999.0,-9999.0,-9999.0,0.0,0,0,"time.struct_time(tm_year=2023, tm_mon=3, tm_mday=1, tm_hour=0, tm_min=58, tm_sec=35, tm_wday=2, tm_yday=60, tm_isdst=-1)",2023-03-01,2023,3,60,1,58,0,BUS02
2023-03-01 01:01:05,40.765011,-111.89212,1310.4,-9999.0,-9999.0,-9999.0,13.91,8.99,3.88,22.91,4.0,2.0,5.39,15.0,861.6,0.0,38.2,2.23,23.9,820.5,-9999.0,-9999.0,-9999.0,-9999.0,-9999.0,-9999.0,-9999.0,0.0,0,1,"time.struct_time(tm_year=2023, tm_mon=3, tm_mday=1, tm_hour=1, tm_min=1, tm_sec=5, tm_wday=2, tm_yday=60, tm_isdst=-1)",2023-03-01,2023,3,60,1,1,1,BUS02
2023-03-01 01:03:35,40.76487,-111.908272,1286.4,-9999.0,-9999.0,-9999.0,13.9,8.95,4.02,22.49,3.0,2.0,5.5,15.0,863.6,0.0,37.5,2.22,23.8,822.6,-9999.0,-9999.0,-9999.0,-9999.0,-9999.0,-9999.0,-9999.0,0.0,0,1,"time.struct_time(tm_year=2023, tm_mon=3, tm_mday=1, tm_hour=1, tm_min=3, tm_sec=35, tm_wday=2, tm_yday=60, tm_isdst=-1)",2023-03-01,2023,3,60,1,3,1,BUS02
2023-03-01 01:06:05,40.764404,-111.909485,1290.1,-9999.0,-9999.0,-9999.0,13.9,8.92,4.12,23.03,3.0,2.0,5.5,16.0,863.8,0.0,37.2,2.2,23.8,822.5,-9999.0,-9999.0,-9999.0,-9999.0,-9999.0,-9999.0,-9999.0,0.0,0,1,"time.struct_time(tm_year=2023, tm_mon=3, tm_mday=1, tm_hour=1, tm_min=6, tm_sec=5, tm_wday=2, tm_yday=60, tm_isdst=-1)",2023-03-01,2023,3,60,1,6,1,BUS02
2023-03-01 01:08:35,40.76384,-111.909592,1288.6,-9999.0,-9999.0,-9999.0,13.89,8.9,4.29,22.69,1.0,2.0,5.5,16.0,863.6,0.0,38.6,2.24,23.7,822.5,-9999.0,-9999.0,-9999.0,-9999.0,-9999.0,-9999.0,-9999.0,0.0,0,1,"time.struct_time(tm_year=2023, tm_mon=3, tm_mday=1, tm_hour=1, tm_min=8, tm_sec=35, tm_wday=2, tm_yday=60, tm_isdst=-1)",2023-03-01,2023,3,60,1,8,1,BUS02
2023-03-01 01:11:05,40.763844,-111.909599,1288.7,-9999.0,-9999.0,-9999.0,13.9,8.89,4.39,23.21,4.0,2.0,5.5,16.0,863.7,0.0,22.0,2.23,23.7,822.3,-9999.0,-9999.0,-9999.0,-9999.0,-9999.0,-9999.0,-9999.0,0.0,0,1,"time.struct_time(tm_year=2023, tm_mon=3, tm_mday=1, tm_hour=1, tm_min=11, tm_sec=5, tm_wday=2, tm_yday=60, tm_isdst=-1)",2023-03-01,2023,3,60,1,11,1,BUS02
2023-03-01 01:13:35,40.763847,-111.909599,1289.0,-9999.0,-9999.0,-9999.0,13.9,8.89,4.34,23.17,3.0,2.0,5.5,16.0,863.5,0.0,25.1,2.22,23.7,822.5,-9999.0,-9999.0,-9999.0,-9999.0,-9999.0,-9999.0,-9999.0,0.0,0,0,"time.struct_time(tm_year=2023, tm_mon=3, tm_mday=1, tm_hour=1, tm_min=13, tm_sec=35, tm_wday=2, tm_yday=60, tm_isdst=-1)",2023-03-01,2023,3,60,1,13,1,BUS02
2023-03-01 01:16:05,40.763851,-111.909599,1289.2,-9999.0,-9999.0,-9999.0,13.9,8.88,4.37,22.78,1.0,2.0,5.5,16.0,863.3,0.0,35.6,2.22,23.7,822.3,-9999.0,-9999.0,-9999.0,-9999.0,-9999.0,-9999.0,-9999.0,0.0,0,0,"time.struct_time(tm_year=2023, tm_mon=3, tm_mday=1, tm_hour=1, tm_min=16, tm_sec=5, tm_wday=2, tm_yday=60, tm_isdst=-1)",2023-03-01,2023,3,60,1,16,1,BUS02
2023-03-01 01:18:35,40.763855,-111.909599,1289.3,-9999.0,-9999.0,-9999.0,13.9,8.87,4.31,22.97,1.0,2.0,5.5,16.0,863.7,0.0,35.2,2.23,23.6,822.5,-9999.0,-9999.0,-9999.0,-9999.0,-9999.0,-9999.0,-9999.0,0.0,0,0,"time.struct_time(tm_year=2023, tm_mon=3, tm_mday=1, tm_hour=1, tm_min=18, tm_sec=35, tm_wday=2, tm_yday=60, tm_isdst=-1)",2023-03-01,2023,3,60,1,18,1,BUS02
2023-03-01 01:21:05,40.763859,-111.909592,1289.5,-9999.0,-9999.0,-9999.0,13.9,8.86,4.29,23.32,2.0,2.0,5.5,16.0,863.4,0.0,37.9,2.23,23.6,822.3,-9999.0,-9999.0,-9999.0,-9999.0,-9999.0,-9999.0,-9999.0,0.0,0,0,"time.struct_time(tm_year=2023, tm_mon=3, tm_mday=1, tm_hour=1, tm_min=21, tm_sec=5, tm_wday=2, tm_yday=60, tm_isdst=-1)",2023-03-01,2023,3,60,1,21,1,BUS02
2023-03-01 01:23:35,40.763859,-111.909592,1289.6,-9999.0,-9999.0,-9999.0,13.9,8.84,4.3,24.03,1.0,2.0,5.39,16.0,863.2,0.0,34.9,2.21,23.6,822.4,-9999.0,-9999.0,-9999.0,-9999.0,-9999.0,-9999.0,-9999.0,0.0,0,0,"time.struct_time(tm_year=2023, tm_mon=3, tm_mday=1, tm_hour=1, tm_min=23, tm_sec=35, tm_wday=2, tm_yday=60, tm_isdst=-1)",2023-03-01,2023,3,60,1,23,1,BUS02
2023-03-01 01:26:05,40.763859,-111.909592,1289.7,-9999.0,-9999.0,-9999.0,13.9,8.83,4.3,22.6,1.0,2.0,5.39,16.0,863.5,0.0,44.4,2.23,23.6,822.2,-9999.0,-9999.0,-9999.0,-9999.0,-9999.0,-9999.0,-9999.0,0.0,0,1,"time.struct_time(tm_year=2023, tm_mon=3, tm_mday=1, tm_hour=1, tm_min=26, tm_sec=5, tm_wday=2, tm_yday=60, tm_isdst=-1)",2023-03-01,2023,3,60,1,26,1,BUS02
2023-03-01 01:28:35,40.763443,-111.909073,1291.0,-9999.0,-9999.0,-9999.0,13.9,8.82,4.3,22.21,1.0,2.0,5.28,16.0,863.3,0.0,39.8,2.22,23.6,822.3,-9999.0,-9999.0,-9999.0,-9999.0,-9999.0,-9999.0,-9999.0,0.0,0,1,"time.struct_time(tm_year=2023, tm_mon=3, tm_mday=1, tm_hour=1, tm_min=28, tm_sec=35, tm_wday=2, tm_yday=60, tm_isdst=-1)",2023-03-01,2023,3,60,1,28,1,BUS02
2023-03-01 01:31:05,40.764915,-111.904129,1294.5,-9999.0,-9999.0,-9999.0,13.9,8.79,4.18,23.72,2.0,2.0,5.28,16.0,863.2,0.0,41.6,2.23,23.5,821.9,-9999.0,-9999.0,-9999.0,-9999.0,-9999.0,-9999.0,-9999.0,0.0,0,1,"time.struct_time(tm_year=2023, tm_mon=3, tm_mday=1, tm_hour=1, tm_min=31, tm_sec=5, tm_wday=2, tm_yday=60, tm_isdst=-1)",2023-03-01,2023,3,60,1,31,1,BUS02
2023-03-01 01:33:35,40.764954,-111.894844,1310.3,-9999.0,-9999.0,-9999.0,13.9,8.76,4.18,23.42,16.0,2.0,5.39,16.0,861.8,0.0,39.5,2.22,23.5,820.8,-9999.0,-9999.0,-9999.0,-9999.0,-9999.0,-9999.0,-9999.0,0.0,0,1,"time.struct_time(tm_year=2023, tm_mon=3, tm_mday=1, tm_hour=1, tm_min=33, tm_sec=35, tm_wday=2, tm_yday=60, tm_isdst=-1)",2023-03-01,2023,3,60,1,33,1,BUS02
2023-03-01 01:36:05,40.765053,-111.886482,1333.8,-9999.0,-9999.0,-9999.0,13.9,8.74,4.26,23.16,2.0,2.0,5.39,16.0,861.6,0.0,40.7,2.24,23.5,820.4,-9999.0,-9999.0,-9999.0,-9999.0,-9999.0,-9999.0,-9999.0,0.0,0,0,"time.struct_time(tm_year=2023, tm_mon=3, tm_mday=1, tm_hour=1, tm_min=36, tm_sec=5, tm_wday=2, tm_yday=60, tm_isdst=-1)",2023-03-01,2023,3,60,1,36,1,BUS02
2023-03-01 01:39:40,40.76712,-111.872971,1330.7,-9999.0,-9999.0,-9999.0,13.9,8.73,4.2,23.16,2.0,2.0,5.39,16.0,858.9,0.0,45.7,2.25,23.5,817.9,-9999.0,-9999.0,-9999.0,-9999.0,-9999.0,-9999.0,-9999.0,0.0,0,0,"time.struct_time(tm_year=2023, tm_mon=3, tm_mday=1, tm_hour=1, tm_min=39, tm_sec=40, tm_wday=2, tm_yday=60, tm_isdst=-1)",2023-03-01,2023,3,60,1,39,1,BUS02
2023-03-01 01:42:10,40.764946,-111.865059,1345.3,-9999.0,-9999.0,-9999.0,13.9,8.72,4.11,22.76,4.0,2.0,5.39,16.0,858.1,0.0,40.7,2.23,23.5,817.2,-9999.0,-9999.0,-9999.0,-9999.0,-9999.0,-9999.0,-9999.0,0.0,0,0,"time.struct_time(tm_year=2023, tm_mon=3, tm_mday=1, tm_hour=1, tm_min=42, tm_sec=10, tm_wday=2, tm_yday=60, tm_isdst=-1)",2023-03-01,2023,3,60,1,42,1,BUS02
2023-03-01 01:44:40,40.764965,-111.854317,1385.8,-9999.0,-9999.0,-9999.0,13.9,8.71,3.86,23.58,7.0,2.0,5.28,16.0,852.3,0.0,40.2,2.25,23.5,811.4,-9999.0,-9999.0,-9999.0,-9999.0,-9999.0,-9999.0,-9999.0,0.0,0,0,"time.struct_time(tm_year=2023, tm_mon=3, tm_mday=1, tm_hour=1, tm_min=44, tm_sec=40, tm_wday=2, tm_yday=60, tm_isdst=-1)",2023-03-01,2023,3,60,1,44,1,BUS02
2023-03-01 01:47:10,40.766987,-111.850586,1417.3,-9999.0,-9999.0,-9999.0,13.91,8.69,3.58,23.58,4.0,2.0,5.22,16.0,850.1,0.0,38.3,2.23,23.4,809.5,-9999.0,-9999.0,-9999.0,-9999.0,-9999.0,-9999.0,-9999.0,0.0,0,0,"time.struct_time(tm_year=2023, tm_mon=3, tm_mday=1, tm_hour=1, tm_min=47, tm_sec=10, tm_wday=2, tm_yday=60, tm_isdst=-1)",2023-03-01,2023,3,60,1,47,1,BUS02
2023-03-01 01:49:40,40.771603,-111.842705,1473.6,-9999.0,-9999.0,-9999.0,13.9,8.66,3.41,23.23,1.0,2.0,5.22,16.0,844.4,0.0,42.7,2.26,23.4,803.6,-9999.0,-9999.0,-9999.0,-9999.0,-9999.0,-9999.0,-9999.0,0.0,0,0,"time.struct_time(tm_year=2023, tm_mon=3, tm_mday=1, tm_hour=1, tm_min=49, tm_sec=40, tm_wday=2, tm_yday=60, tm_isdst=-1)",2023-03-01,2023,3,60,1,49,1,BUS02
2023-03-01 01:52:10,40.766098,-111.836861,1477.1,-9999.0,-9999.0,-9999.0,13.91,8.61,3.13,23.36,8.0,2.0,5.0,15.0,843.7,0.0,39.8,2.27,23.4,803.2,-9999.0,-9999.0,-9999.0,-9999.0,-9999.0,-9999.0,-9999.0,0.0,0,0,"time.struct_time(tm_year=2023, tm_mon=3, tm_mday=1, tm_hour=1, tm_min=52, tm_sec=10, tm_wday=2, tm_yday=60, tm_isdst=-1)",2023-03-01,2023,3,60,1,52,1,BUS02
2023-03-01 01:54:40,40.769127,-111.844315,1458.4,-9999.0,-9999.0,-9999.0,13.9,8.57,2.81,23.36,1.0,2.0,4.89,15.0,845.6,0.0,41.3,2.26,23.4,804.6,-9999.0,-9999.0,-9999.0,-9999.0,-9999.0,-9999.0,-9999.0,0.0,0,0,"time.struct_time(tm_year=2023, tm_mon=3, tm_mday=1, tm_hour=1, tm_min=54, tm_sec=40, tm_wday=2, tm_yday=60, tm_isdst=-1)",2023-03-01,2023,3,60,1,54,1,BUS02
2023-03-01 01:57:10,40.767025,-111.847656,1437.8,-9999.0,-9999.0,-9999.0,13.9,8.52,2.73,24.12,2.0,2.0,4.61,15.0,848.0,0.0,45.5,2.27,23.4,807.3,-9999.0,-9999.0,-9999.0,-9999.0,-9999.0,-9999.0,-9999.0,0.0,0,0,"time.struct_time(tm_year=2023, tm_mon=3, tm_mday=1, tm_hour=1, tm_min=57, tm_sec=10, tm_wday=2, tm_yday=60, tm_isdst=-1)",2023-03-01,2023,3,60,1,57,1,BUS02
2023-03-01 01:59:40,40.764992,-111.853477,1396.7,-9999.0,-9999.0,-9999.0,13.9,8.47,2.75,23.13,4.0,2.0,4.61,15.0,851.8,0.0,43.1,2.25,23.3,810.8,-9999.0,-9999.0,-9999.0,-9999.0,-9999.0,-9999.0,-9999.0,0.0,0,0,"time.struct_time(tm_year=2023, tm_mon=3, tm_mday=1, tm_hour=1, tm_min=59, tm_sec=40, tm_wday=2, tm_yday=60, tm_isdst=-1)",2023-03-01,2023,3,60,1,59,1,BUS02
2023-03-01 02:02:10,40.765018,-111.863449,1347.7,-9999.0,-9999.0,-9999.0,13.9,8.43,2.77,23.82,1.0,2.0,4.61,15.0,857.4,0.0,46.5,2.25,23.3,816.4,-9999.0,-9999.0,-9999.0,-9999.0,-9999.0,-9999.0,-9999.0,0.0,0,0,"time.struct_time(tm_year=2023, tm_mon=3, tm_mday=1, tm_hour=2, tm_min=2, tm_sec=10, tm_wday=2, tm_yday=60, tm_isdst=-1)",2023-03-01,2023,3,60,1,2,2,BUS02
2023-03-01 02:04:40,40.767212,-111.870934,1335.7,-9999.0,-9999.0,-9999.0,13.91,8.39,2.99,22.79,3.0,2.0,4.61,16.0,858.3,0.0,44.3,2.25,23.3,817.4,-9999.0,-9999.0,-9999.0,-9999.0,-9999.0,-9999.0,-9999.0,0.0,0,0,"time.struct_time(tm_year=2023, tm_mon=3, tm_mday=1, tm_hour=2, tm_min=4, tm_sec=40, tm_wday=2, tm_yday=60, tm_isdst=-1)",2023-03-01,2023,3,60,1,4,2,BUS02
2023-03-01 02:07:10,40.767132,-111.885002,1305.9,-9999.0,-9999.0,-9999.0,13.91,8.34,3.19,24.2,9.0,2.0,4.61,16.0,861.1,0.0,38.2,2.23,23.2,820.2,-9999.0,-9999.0,-9999.0,-9999.0,-9999.0,-9999.0,-9999.0,0.0,0,0,"time.struct_time(tm_year=2023, tm_mon=3, tm_mday=1, tm_hour=2, tm_min=7, tm_sec=10, tm_wday=2, tm_yday=60, tm_isdst=-1)",2023-03-01,2023,3,60,1,7,2,BUS02
2023-03-01 02:09:40,40.765003,-111.888527,1307.9,-9999.0,-9999.0,-9999.0,13.91,8.31,3.29,23.48,2.0,2.0,4.61,16.0,861.1,0.0,41.3,2.23,23.2,820.2,-9999.0,-9999.0,-9999.0,-9999.0,-9999.0,-9999.0,-9999.0,0.0,0,1,"time.struct_time(tm_year=2023, tm_mon=3, tm_mday=1, tm_hour=2, tm_min=9, tm_sec=40, tm_wday=2, tm_yday=60, tm_isdst=-1)",2023-03-01,2023,3,60,1,9,2,BUS02
2023-03-01 02:12:10,40.76503,-111.899696,1300.6,-9999.0,-9999.0,-9999.0,13.91,8.3,3.38,22.77,2.0,2.0,4.72,16.0,862.1,0.0,42.0,2.22,23.2,821.3,-9999.0,-9999.0,-9999.0,-9999.0,-9999.0,-9999.0,-9999.0,0.0,0,1,"time.struct_time(tm_year=2023, tm_mon=3, tm_mday=1, tm_hour=2, tm_min=12, tm_sec=10, tm_wday=2, tm_yday=60, tm_isdst=-1)",2023-03-01,2023,3,60,1,12,2,BUS02
2023-03-01 02:14:40,40.765099,-111.908035,1290.3,-9999.0,-9999.0,-9999.0,13.91,8.29,3.62,22.08,30.0,2.0,4.78,16.0,863.1,0.0,41.8,2.22,23.1,822.1,-9999.0,-9999.0,-9999.0,-9999.0,-9999.0,-9999.0,-9999.0,0.0,0,1,"time.struct_time(tm_year=2023, tm_mon=3, tm_mday=1, tm_hour=2, tm_min=14, tm_sec=40, tm_wday=2, tm_yday=60, tm_isdst=-1)",2023-03-01,2023,3,60,1,14,2,BUS02
2023-03-01 02:17:10,40.765854,-111.909599,1287.9,-9999.0,-9999.0,-9999.0,13.9,8.3,3.56,23.53,3.0,2.0,4.89,16.0,863.1,0.0,41.2,2.22,23.1,822.2,-9999.0,-9999.0,-9999.0,-9999.0,-9999.0,-9999.0,-9999.0,0.0,0,1,"time.struct_time(tm_year=2023, tm_mon=3, tm_mday=1, tm_hour=2, tm_min=17, tm_sec=10, tm_wday=2, tm_yday=60, tm_isdst=-1)",2023-03-01,2023,3,60,1,17,2,BUS02
2023-03-01 02:19:40,40.766045,-111.909714,1284.1,-9999.0,-9999.0,-9999.0,13.91,8.31,3.46,24.04,3.0,2.0,5.0,16.0,863.0,0.0,34.9,2.21,23.1,822.1,-9999.0,-9999.0,-9999.0,-9999.0,-9999.0,-9999.0,-9999.0,0.0,0,1,"time.struct_time(tm_year=2023, tm_mon=3, tm_mday=1, tm_hour=2, tm_min=19, tm_sec=40, tm_wday=2, tm_yday=60, tm_isdst=-1)",2023-03-01,2023,3,60,1,19,2,BUS02
2023-03-01 02:22:10,40.765701,-111.909874,1284.5,-9999.0,-9999.0,-9999.0,13.91,8.33,3.54,22.91,8.0,2.0,5.11,16.0,863.1,0.0,37.1,2.21,23.1,822.3,-9999.0,-9999.0,-9999.0,-9999.0,-9999.0,-9999.0,-9999.0,0.0,0,1,"time.struct_time(tm_year=2023, tm_mon=3, tm_mday=1, tm_hour=2, tm_min=22, tm_sec=10, tm_wday=2, tm_yday=60, tm_isdst=-1)",2023-03-01,2023,3,60,1,22,2,BUS02
2023-03-01 02:24:40,40.765701,-111.909874,1284.5,-9999.0,-9999.0,-9999.0,13.9,8.36,3.74,23.14,3.0,2.0,5.22,16.0,863.0,0.0,37.2,2.22,23.1,822.0,-9999.0,-9999.0,-9999.0,-9999.0,-9999.0,-9999.0,-9999.0,0.0,0,1,"time.struct_time(tm_year=2023, tm_mon=3, tm_mday=1, tm_hour=2, tm_min=24, tm_sec=40, tm_wday=2, tm_yday=60, tm_isdst=-1)",2023-03-01,2023,3,60,1,24,2,BUS02
2023-03-01 02:27:10,40.765682,-111.909912,1283.8,-9999.0,-9999.0,-9999.0,13.9,8.4,3.98,22.07,3.0,2.0,5.28,16.0,863.3,0.0,35.1,2.21,23.0,822.1,-9999.0,-9999.0,-9999.0,-9999.0,-9999.0,-9999.0,-9999.0,0.0,0,1,"time.struct_time(tm_year=2023, tm_mon=3, tm_mday=1, tm_hour=2, tm_min=27, tm_sec=10, tm_wday=2, tm_yday=60, tm_isdst=-1)",2023-03-01,2023,3,60,1,27,2,BUS02
2023-03-01 02:29:40,40.76564,-111.909874,1283.0,-9999.0,-9999.0,-9999.0,13.9,8.45,4.22,21.94,3.0,2.0,5.5,16.0,863.1,0.0,30.9,2.21,23.1,822.0,-9999.0,-9999.0,-9999.0,-9999.0,-9999.0,-9999.0,-9999.0,0.0,0,1,"time.struct_time(tm_year=2023, tm_mon=3, tm_mday=1, tm_hour=2, tm_min=29, tm_sec=40, tm_wday=2, tm_yday=60, tm_isdst=-1)",2023-03-01,2023,3,60,1,29,2,BUS02
2023-03-01 02:32:10,40.765572,-111.909775,1283.0,-9999.0,-9999.0,-9999.0,13.91,8.52,4.39,21.44,2.0,2.0,5.61,16.0,863.2,0.0,37.3,2.21,23.1,822.2,-9999.0,-9999.0,-9999.0,-9999.0,-9999.0,-9999.0,-9999.0,0.0,0,1,"time.struct_time(tm_year=2023, tm_mon=3, tm_mday=1, tm_hour=2, tm_min=32, tm_sec=10, tm_wday=2, tm_yday=60, tm_isdst=-1)",2023-03-01,2023,3,60,1,32,2,BUS02
2023-03-01 02:34:40,40.765636,-111.909821,1282.4,-9999.0,-9999.0,-9999.0,13.9,8.59,4.54,20.92,4.0,2.0,5.72,16.0,863.3,0.0,33.6,2.21,23.1,822.0,-9999.0,-9999.0,-9999.0,-9999.0,-9999.0,-9999.0,-9999.0,0.0,0,1,"time.struct_time(tm_year=2023, tm_mon=3, tm_mday=1, tm_hour=2, tm_min=34, tm_sec=40, tm_wday=2, tm_yday=60, tm_isdst=-1)",2023-03-01,2023,3,60,1,34,2,BUS02
2023-03-01 02:37:10,40.765636,-111.909828,1282.0,-9999.0,-9999.0,-9999.0,13.9,8.66,4.55,20.79,3.0,2.0,5.78,16.0,863.2,0.0,32.4,2.22,23.1,822.1,-9999.0,-9999.0,-9999.0,-9999.0,-9999.0,-9999.0,-9999.0,0.0,0,1,"time.struct_time(tm_year=2023, tm_mon=3, tm_mday=1, tm_hour=2, tm_min=37, tm_sec=10, tm_wday=2, tm_yday=60, tm_isdst=-1)",2023-03-01,2023,3,60,1,37,2,BUS02
2023-03-01 02:40:50,40.765659,-111.909828,1283.0,-9999.0,-9999.0,-9999.0,13.9,8.78,4.65,20.69,2.0,2.0,6.0,16.0,863.0,0.0,36.6,2.22,23.2,822.1,-9999.0,-9999.0,-9999.0,-9999.0,-9999.0,-9999.0,-9999.0,0.0,0,1,"time.struct_time(tm_year=2023, tm_mon=3, tm_mday=1, tm_hour=2, tm_min=40, tm_sec=50, tm_wday=2, tm_yday=60, tm_isdst=-1)",2023-03-01,2023,3,60,1,40,2,BUS02
2023-03-01 02:43:20,40.765663,-111.909821,1282.9,-9999.0,-9999.0,-9999.0,13.91,8.87,4.73,20.88,2.0,2.0,6.11,16.0,863.0,0.0,34.9,2.22,23.2,822.0,-9999.0,-9999.0,-9999.0,-9999.0,-9999.0,-9999.0,-9999.0,0.0,0,1,"time.struct_time(tm_year=2023, tm_mon=3, tm_mday=1, tm_hour=2, tm_min=43, tm_sec=20, tm_wday=2, tm_yday=60, tm_isdst=-1)",2023-03-01,2023,3,60,1,43,2,BUS02
2023-03-01 02:45:50,40.765678,-111.909836,1280.9,-9999.0,-9999.0,-9999.0,13.9,8.96,4.85,20.82,3.0,2.0,6.22,16.0,862.9,0.0,36.2,2.22,23.2,822.1,-9999.0,-9999.0,-9999.0,-9999.0,-9999.0,-9999.0,-9999.0,0.0,0,1,"time.struct_time(tm_year=2023, tm_mon=3, tm_mday=1, tm_hour=2, tm_min=45, tm_sec=50, tm_wday=2, tm_yday=60, tm_isdst=-1)",2023-03-01,2023,3,60,1,45,2,BUS02
2023-03-01 02:48:20,40.765682,-111.909843,1279.8,-9999.0,-9999.0,-9999.0,13.9,9.06,4.89,21.3,5.0,2.0,6.28,16.0,863.2,0.0,29.4,2.2,23.3,821.9,-9999.0,-9999.0,-9999.0,-9999.0,-9999.0,-9999.0,-9999.0,0.0,0,1,"time.struct_time(tm_year=2023, tm_mon=3, tm_mday=1, tm_hour=2, tm_min=48, tm_sec=20, tm_wday=2, tm_yday=60, tm_isdst=-1)",2023-03-01,2023,3,60,1,48,2,BUS02
2023-03-01 02:50:50,40.765678,-111.909851,1279.5,-9999.0,-9999.0,-9999.0,13.91,9.15,5.03,19.63,3.0,2.0,6.39,15.0,863.0,0.0,37.8,2.23,23.3,822.1,-9999.0,-9999.0,-9999.0,-9999.0,-9999.0,-9999.0,-9999.0,0.0,0,1,"time.struct_time(tm_year=2023, tm_mon=3, tm_mday=1, tm_hour=2, tm_min=50, tm_sec=50, tm_wday=2, tm_yday=60, tm_isdst=-1)",2023-03-01,2023,3,60,1,50,2,BUS02
2023-03-01 02:53:20,40.765686,-111.909836,1278.7,-9999.0,-9999.0,-9999.0,13.91,9.25,5.07,19.77,2.0,2.0,6.5,15.0,863.1,0.0,20.2,2.22,23.4,821.8,-9999.0,-9999.0,-9999.0,-9999.0,-9999.0,-9999.0,-9999.0,0.0,0,1,"time.struct_time(tm_year=2023, tm_mon=3, tm_mday=1, tm_hour=2, tm_min=53, tm_sec=20, tm_wday=2, tm_yday=60, tm_isdst=-1)",2023-03-01,2023,3,60,1,53,2,BUS02
2023-03-01 02:55:50,40.76569,-111.909821,1277.9,-9999.0,-9999.0,-9999.0,13.9,9.34,5.07,19.29,1.0,2.0,6.61,15.0,862.9,0.0,28.3,2.23,23.5,822.0,-9999.0,-9999.0,-9999.0,-9999.0,-9999.0,-9999.0,-9999.0,0.0,0,1,"time.struct_time(tm_year=2023, tm_mon=3, tm_mday=1, tm_hour=2, tm_min=55, tm_sec=50, tm_wday=2, tm_yday=60, tm_isdst=-1)",2023-03-01,2023,3,60,1,55,2,BUS02
2023-03-01 02:58:20,40.765694,-111.909813,1278.1,-9999.0,-9999.0,-9999.0,13.9,9.44,4.97,20.03,1.0,2.0,6.72,15.0,863.1,0.0,34.4,2.22,23.5,821.7,-9999.0,-9999.0,-9999.0,-9999.0,-9999.0,-9999.0,-9999.0,0.0,0,1,"time.struct_time(tm_year=2023, tm_mon=3, tm_mday=1, tm_hour=2, tm_min=58, tm_sec=20, tm_wday=2, tm_yday=60, tm_isdst=-1)",2023-03-01,2023,3,60,1,58,2,BUS02
2023-03-01 03:00:50,40.765694,-111.909821,1279.3,-9999.0,-9999.0,-9999.0,13.87,9.53,4.91,19.82,2.0,2.0,6.78,15.0,862.9,0.0,36.2,2.23,23.6,821.9,-9999.0,-9999.0,-9999.0,-9999.0,-9999.0,-9999.0,-9999.0,0.0,0,1,"time.struct_time(tm_year=2023, tm_mon=3, tm_mday=1, tm_hour=3, tm_min=0, tm_sec=50, tm_wday=2, tm_yday=60, tm_isdst=-1)",2023-03-01,2023,3,60,1,0,3,BUS02
2023-03-01 03:03:20,40.765705,-111.909805,1278.1,-9999.0,-9999.0,-9999.0,13.87,9.63,4.87,19.88,1.0,2.0,6.89,15.0,862.8,0.0,32.6,2.23,23.7,821.6,-9999.0,-9999.0,-9999.0,-9999.0,-9999.0,-9999.0,-9999.0,0.0,0,1,"time.struct_time(tm_year=2023, tm_mon=3, tm_mday=1, tm_hour=3, tm_min=3, tm_sec=20, tm_wday=2, tm_yday=60, tm_isdst=-1)",2023-03-01,2023,3,60,1,3,3,BUS02
2023-03-01 03:05:50,40.765709,-111.90979,1277.7,-9999.0,-9999.0,-9999.0,13.87,9.72,4.81,20.25,2.0,2.0,6.89,15.0,862.7,0.0,32.2,2.24,23.7,821.8,-9999.0,-9999.0,-9999.0,-9999.0,-9999.0,-9999.0,-9999.0,0.0,0,1,"time.struct_time(tm_year=2023, tm_mon=3, tm_mday=1, tm_hour=3, tm_min=5, tm_sec=50, tm_wday=2, tm_yday=60, tm_isdst=-1)",2023-03-01,2023,3,60,1,5,3,BUS02
2023-03-01 03:08:20,40.76572,-111.909767,1277.6,-9999.0,-9999.0,-9999.0,13.87,9.81,4.77,19.93,2.0,2.0,7.0,15.0,862.7,0.0,26.8,2.24,23.8,821.5,-9999.0,-9999.0,-9999.0,-9999.0,-9999.0,-9999.0,-9999.0,0.0,0,1,"time.struct_time(tm_year=2023, tm_mon=3, tm_mday=1, tm_hour=3, tm_min=8, tm_sec=20, tm_wday=2, tm_yday=60, tm_isdst=-1)",2023-03-01,2023,3,60,1,8,3,BUS02
2023-03-01 03:10:50,40.76572,-111.90976,1277.3,-9999.0,-9999.0,-9999.0,13.87,9.9,4.77,19.42,4.0,2.0,7.0,15.0,862.6,0.0,27.3,2.22,23.9,821.8,-9999.0,-9999.0,-9999.0,-9999.0,-9999.0,-9999.0,-9999.0,0.0,0,1,"time.struct_time(tm_year=2023, tm_mon=3, tm_mday=1, tm_hour=3, tm_min=10, tm_sec=50, tm_wday=2, tm_yday=60, tm_isdst=-1)",2023-03-01,2023,3,60,1,10,3,BUS02
2023-03-01 03:13:20,40.76572,-111.909752,1276.6,-9999.0,-9999.0,-9999.0,13.87,9.98,4.77,19.44,2.0,2.0,7.11,14.0,862.8,0.0,32.4,2.23,24.0,821.5,-9999.0,-9999.0,-9999.0,-9999.0,-9999.0,-9999.0,-9999.0,0.0,0,1,"time.struct_time(tm_year=2023, tm_mon=3, tm_mday=1, tm_hour=3, tm_min=13, tm_sec=20, tm_wday=2, tm_yday=60, tm_isdst=-1)",2023-03-01,2023,3,60,1,13,3,BUS02
2023-03-01 03:15:50,40.76572,-111.909752,1276.9,-9999.0,-9999.0,-9999.0,13.86,10.07,4.69,19.43,1.0,2.0,7.22,14.0,862.5,0.0,31.5,2.24,24.0,821.7,-9999.0,-9999.0,-9999.0,-9999.0,-9999.0,-9999.0,-9999.0,0.0,0,1,"time.struct_time(tm_year=2023, tm_mon=3, tm_mday=1, tm_hour=3, tm_min=15, tm_sec=50, tm_wday=2, tm_yday=60, tm_isdst=-1)",2023-03-01,2023,3,60,1,15,3,BUS02
2023-03-01 03:18:20,40.765717,-111.909744,1277.7,-9999.0,-9999.0,-9999.0,13.87,10.15,4.53,20.25,2.0,2.0,7.22,15.0,862.6,0.0,33.1,2.22,24.1,821.4,-9999.0,-9999.0,-9999.0,-9999.0,-9999.0,-9999.0,-9999.0,0.0,0,1,"time.struct_time(tm_year=2023, tm_mon=3, tm_mday=1, tm_hour=3, tm_min=18, tm_sec=20, tm_wday=2, tm_yday=60, tm_isdst=-1)",2023-03-01,2023,3,60,1,18,3,BUS02
2023-03-01 03:20:50,40.76572,-111.909744,1277.8,-9999.0,-9999.0,-9999.0,13.87,10.22,4.51,20.16,2.0,2.0,7.28,14.0,862.7,0.0,32.5,2.23,24.2,821.6,-9999.0,-9999.0,-9999.0,-9999.0,-9999.0,-9999.0,-9999.0,0.0,0,1,"time.struct_time(tm_year=2023, tm_mon=3, tm_mday=1, tm_hour=3, tm_min=20, tm_sec=50, tm_wday=2, tm_yday=60, tm_isdst=-1)",2023-03-01,2023,3,60,1,20,3,BUS02
2023-03-01 03:23:20,40.765724,-111.909737,1277.3,-9999.0,-9999.0,-9999.0,13.87,10.29,4.61,21.62,2.0,2.0,7.28,15.0,862.6,0.0,31.8,2.23,24.3,821.2,-9999.0,-9999.0,-9999.0,-9999.0,-9999.0,-9999.0,-9999.0,0.0,0,1,"time.struct_time(tm_year=2023, tm_mon=3, tm_mday=1, tm_hour=3, tm_min=23, tm_sec=20, tm_wday=2, tm_yday=60, tm_isdst=-1)",2023-03-01,2023,3,60,1,23,3,BUS02
2023-03-01 03:25:50,40.765728,-111.909721,1277.4,-9999.0,-9999.0,-9999.0,13.87,10.36,4.61,19.97,2.0,2.0,7.39,15.0,862.4,0.0,31.8,2.24,24.3,821.4,-9999.0,-9999.0,-9999.0,-9999.0,-9999.0,-9999.0,-9999.0,0.0,0,1,"time.struct_time(tm_year=2023, tm_mon=3, tm_mday=1, tm_hour=3, tm_min=25, tm_sec=50, tm_wday=2, tm_yday=60, tm_isdst=-1)",2023-03-01,2023,3,60,1,25,3,BUS02
2023-03-01 03:28:20,40.765736,-111.909714,1277.4,-9999.0,-9999.0,-9999.0,13.87,10.43,4.65,19.81,3.0,2.0,7.39,14.0,862.4,0.0,15.8,2.23,24.4,821.2,-9999.0,-9999.0,-9999.0,-9999.0,-9999.0,-9999.0,-9999.0,0.0,0,1,"time.struct_time(tm_year=2023, tm_mon=3, tm_mday=1, tm_hour=3, tm_min=28, tm_sec=20, tm_wday=2, tm_yday=60, tm_isdst=-1)",2023-03-01,2023,3,60,1,28,3,BUS02
2023-03-01 03:30:50,40.765743,-111.909706,1277.3,-9999.0,-9999.0,-9999.0,13.87,10.49,4.67,21.68,1.0,2.0,7.39,15.0,862.3,0.0,30.5,2.24,24.5,821.4,-9999.0,-9999.0,-9999.0,-9999.0,-9999.0,-9999.0,-9999.0,0.0,0,1,"time.struct_time(tm_year=2023, tm_mon=3, tm_mday=1, tm_hour=3, tm_min=30, tm_sec=50, tm_wday=2, tm_yday=60, tm_isdst=-1)",2023-03-01,2023,3,60,1,30,3,BUS02
2023-03-01 03:33:20,40.765739,-111.909698,1277.4,-9999.0,-9999.0,-9999.0,13.87,10.55,4.67,20.13,2.0,2.0,7.5,14.0,862.3,0.0,33.3,2.23,24.5,821.1,-9999.0,-9999.0,-9999.0,-9999.0,-9999.0,-9999.0,-9999.0,0.0,0,1,"time.struct_time(tm_year=2023, tm_mon=3, tm_mday=1, tm_hour=3, tm_min=33, tm_sec=20, tm_wday=2, tm_yday=60, tm_isdst=-1)",2023-03-01,2023,3,60,1,33,3,BUS02
2023-03-01 03:35:50,40.765739,-111.909698,1277.5,-9999.0,-9999.0,-9999.0,13.87,10.61,4.71,19.91,6.0,2.0,7.5,14.0,862.5,0.0,34.3,2.24,24.6,821.2,-9999.0,-9999.0,-9999.0,-9999.0,-9999.0,-9999.0,-9999.0,0.0,0,1,"time.struct_time(tm_year=2023, tm_mon=3, tm_mday=1, tm_hour=3, tm_min=35, tm_sec=50, tm_wday=2, tm_yday=60, tm_isdst=-1)",2023-03-01,2023,3,60,1,35,3,BUS02
2023-03-01 03:38:20,40.765739,-111.909698,1277.6,-9999.0,-9999.0,-9999.0,13.87,10.66,4.73,20.33,1.0,2.0,7.5,14.0,862.1,0.0,29.1,2.23,24.7,821.0,-9999.0,-9999.0,-9999.0,-9999.0,-9999.0,-9999.0,-9999.0,0.0,0,1,"time.struct_time(tm_year=2023, tm_mon=3, tm_mday=1, tm_hour=3, tm_min=38, tm_sec=20, tm_wday=2, tm_yday=60, tm_isdst=-1)",2023-03-01,2023,3,60,1,38,3,BUS02
2023-03-01 03:41:55,40.765736,-111.909683,1277.6,-9999.0,-9999.0,-9999.0,13.87,10.74,4.61,20.31,1.0,2.0,7.5,14.0,862.2,0.0,28.2,2.25,24.7,821.2,-9999.0,-9999.0,-9999.0,-9999.0,-9999.0,-9999.0,-9999.0,0.0,0,1,"time.struct_time(tm_year=2023, tm_mon=3, tm_mday=1, tm_hour=3, tm_min=41, tm_sec=55, tm_wday=2, tm_yday=60, tm_isdst=-1)",2023-03-01,2023,3,60,1,41,3,BUS02
2023-03-01 03:44:25,40.765732,-111.909676,1276.7,-9999.0,-9999.0,-9999.0,13.87,10.78,4.59,20.16,2.0,2.0,7.5,14.0,862.2,0.0,19.5,2.23,24.8,820.9,-9999.0,-9999.0,-9999.0,-9999.0,-9999.0,-9999.0,-9999.0,0.0,0,1,"time.struct_time(tm_year=2023, tm_mon=3, tm_mday=1, tm_hour=3, tm_min=44, tm_sec=25, tm_wday=2, tm_yday=60, tm_isdst=-1)",2023-03-01,2023,3,60,1,44,3,BUS02
2023-03-01 03:46:55,40.765732,-111.90966,1276.5,-9999.0,-9999.0,-9999.0,13.87,10.83,4.61,19.99,5.0,2.0,7.5,14.0,862.2,0.0,23.4,2.25,24.9,821.1,-9999.0,-9999.0,-9999.0,-9999.0,-9999.0,-9999.0,-9999.0,0.0,0,1,"time.struct_time(tm_year=2023, tm_mon=3, tm_mday=1, tm_hour=3, tm_min=46, tm_sec=55, tm_wday=2, tm_yday=60, tm_isdst=-1)",2023-03-01,2023,3,60,1,46,3,BUS02
2023-03-01 03:49:25,40.765736,-111.90966,1276.7,-9999.0,-9999.0,-9999.0,13.87,10.87,4.59,19.75,1.0,2.0,7.5,14.0,862.2,0.0,25.6,2.23,24.9,820.9,-9999.0,-9999.0,-9999.0,-9999.0,-9999.0,-9999.0,-9999.0,0.0,0,1,"time.struct_time(tm_year=2023, tm_mon=3, tm_mday=1, tm_hour=3, tm_min=49, tm_sec=25, tm_wday=2, tm_yday=60, tm_isdst=-1)",2023-03-01,2023,3,60,1,49,3,BUS02
2023-03-01 03:51:55,40.765736,-111.909653,1276.8,-9999.0,-9999.0,-9999.0,13.87,10.91,4.53,18.93,1.0,2.0,7.61,14.0,862.2,0.0,26.9,2.24,25.0,821.2,-9999.0,-9999.0,-9999.0,-9999.0,-9999.0,-9999.0,-9999.0,0.0,0,1,"time.struct_time(tm_year=2023, tm_mon=3, tm_mday=1, tm_hour=3, tm_min=51, tm_sec=55, tm_wday=2, tm_yday=60, tm_isdst=-1)",2023-03-01,2023,3,60,1,51,3,BUS02
2023-03-01 03:54:25,40.765736,-111.909653,1277.1,-9999.0,-9999.0,-9999.0,13.87,10.94,4.47,18.91,4.0,2.0,7.61,14.0,862.2,0.0,11.0,2.24,25.0,820.9,-9999.0,-9999.0,-9999.0,-9999.0,-9999.0,-9999.0,-9999.0,0.0,0,1,"time.struct_time(tm_year=2023, tm_mon=3, tm_mday=1, tm_hour=3, tm_min=54, tm_sec=25, tm_wday=2, tm_yday=60, tm_isdst=-1)",2023-03-01,2023,3,60,1,54,3,BUS02
2023-03-01 03:56:55,40.765736,-111.909645,1277.2,-9999.0,-9999.0,-9999.0,13.87,10.97,4.49,19.04,1.0,2.0,7.61,13.0,862.2,0.0,22.0,2.23,25.1,821.1,-9999.0,-9999.0,-9999.0,-9999.0,-9999.0,-9999.0,-9999.0,0.0,0,1,"time.struct_time(tm_year=2023, tm_mon=3, tm_mday=1, tm_hour=3, tm_min=56, tm_sec=55, tm_wday=2, tm_yday=60, tm_isdst=-1)",2023-03-01,2023,3,60,1,56,3,BUS02
2023-03-01 03:59:25,40.765732,-111.909653,1277.4,-9999.0,-9999.0,-9999.0,13.87,11.0,4.46,18.82,2.0,2.0,7.61,13.0,862.2,0.0,24.4,2.24,25.1,820.9,-9999.0,-9999.0,-9999.0,-9999.0,-9999.0,-9999.0,-9999.0,0.0,0,1,"time.struct_time(tm_year=2023, tm_mon=3, tm_mday=1, tm_hour=3, tm_min=59, tm_sec=25, tm_wday=2, tm_yday=60, tm_isdst=-1)",2023-03-01,2023,3,60,1,59,3,BUS02
2023-03-01 04:01:55,40.765739,-111.909645,1277.7,-9999.0,-9999.0,-9999.0,13.87,11.02,4.41,17.81,2.0,2.0,7.61,13.0,862.3,0.0,33.7,2.24,25.1,821.1,-9999.0,-9999.0,-9999.0,-9999.0,-9999.0,-9999.0,-9999.0,0.0,0,1,"time.struct_time(tm_year=2023, tm_mon=3, tm_mday=1, tm_hour=4, tm_min=1, tm_sec=55, tm_wday=2, tm_yday=60, tm_isdst=-1)",2023-03-01,2023,3,60,1,1,4,BUS02
2023-03-01 04:04:25,40.765743,-111.909645,1277.9,-9999.0,-9999.0,-9999.0,13.87,11.05,4.45,18.74,1.0,2.0,7.61,13.0,862.1,0.0,33.3,2.25,25.2,820.8,-9999.0,-9999.0,-9999.0,-9999.0,-9999.0,-9999.0,-9999.0,0.0,0,1,"time.struct_time(tm_year=2023, tm_mon=3, tm_mday=1, tm_hour=4, tm_min=4, tm_sec=25, tm_wday=2, tm_yday=60, tm_isdst=-1)",2023-03-01,2023,3,60,1,4,4,BUS02
2023-03-01 04:06:55,40.765743,-111.909645,1278.2,-9999.0,-9999.0,-9999.0,13.87,11.07,4.49,19.88,2.0,2.0,7.61,13.0,862.2,0.0,5.0,2.25,25.2,820.7,-9999.0,-9999.0,-9999.0,-9999.0,-9999.0,-9999.0,-9999.0,0.0,0,1,"time.struct_time(tm_year=2023, tm_mon=3, tm_mday=1, tm_hour=4, tm_min=6, tm_sec=55, tm_wday=2, tm_yday=60, tm_isdst=-1)",2023-03-01,2023,3,60,1,6,4,BUS02
2023-03-01 04:09:25,40.765736,-111.909637,1278.6,-9999.0,-9999.0,-9999.0,13.87,11.09,4.43,19.53,1.0,2.0,7.61,13.0,862.0,0.0,30.6,2.24,25.2,820.8,-9999.0,-9999.0,-9999.0,-9999.0,-9999.0,-9999.0,-9999.0,0.0,0,1,"time.struct_time(tm_year=2023, tm_mon=3, tm_mday=1, tm_hour=4, tm_min=9, tm_sec=25, tm_wday=2, tm_yday=60, tm_isdst=-1)",2023-03-01,2023,3,60,1,9,4,BUS02
2023-03-01 04:11:55,40.765736,-111.909645,1279.1,-9999.0,-9999.0,-9999.0,13.87,11.11,4.42,19.33,1.0,2.0,7.61,13.0,862.2,0.0,18.4,2.25,25.3,820.7,-9999.0,-9999.0,-9999.0,-9999.0,-9999.0,-9999.0,-9999.0,0.0,0,1,"time.struct_time(tm_year=2023, tm_mon=3, tm_mday=1, tm_hour=4, tm_min=11, tm_sec=55, tm_wday=2, tm_yday=60, tm_isdst=-1)",2023-03-01,2023,3,60,1,11,4,BUS02
2023-03-01 04:14:25,40.765736,-111.909637,1279.1,-9999.0,-9999.0,-9999.0,13.87,11.12,4.33,19.0,1.0,2.0,7.61,13.0,862.0,0.0,18.8,2.25,25.3,820.7,-9999.0,-9999.0,-9999.0,-9999.0,-9999.0,-9999.0,-9999.0,0.0,0,1,"time.struct_time(tm_year=2023, tm_mon=3, tm_mday=1, tm_hour=4, tm_min=14, tm_sec=25, tm_wday=2, tm_yday=60, tm_isdst=-1)",2023-03-01,2023,3,60,1,14,4,BUS02
2023-03-01 04:16:55,40.765732,-111.90963,1279.2,-9999.0,-9999.0,-9999.0,13.87,11.14,4.34,19.78,1.0,2.0,7.61,13.0,861.9,0.0,21.2,2.24,25.3,820.6,-9999.0,-9999.0,-9999.0,-9999.0,-9999.0,-9999.0,-9999.0,0.0,0,1,"time.struct_time(tm_year=2023, tm_mon=3, tm_mday=1, tm_hour=4, tm_min=16, tm_sec=55, tm_wday=2, tm_yday=60, tm_isdst=-1)",2023-03-01,2023,3,60,1,16,4,BUS02
2023-03-01 04:19:25,40.765717,-111.909637,1279.7,-9999.0,-9999.0,-9999.0,13.87,11.15,4.33,19.28,1.0,2.0,7.61,13.0,862.1,0.0,33.0,2.25,25.4,820.6,-9999.0,-9999.0,-9999.0,-9999.0,-9999.0,-9999.0,-9999.0,0.0,0,1,"time.struct_time(tm_year=2023, tm_mon=3, tm_mday=1, tm_hour=4, tm_min=19, tm_sec=25, tm_wday=2, tm_yday=60, tm_isdst=-1)",2023-03-01,2023,3,60,1,19,4,BUS02
2023-03-01 04:21:55,40.765709,-111.909645,1280.1,-9999.0,-9999.0,-9999.0,13.87,11.17,4.39,18.94,1.0,2.0,7.61,13.0,861.9,0.0,30.3,2.25,25.4,820.6,-9999.0,-9999.0,-9999.0,-9999.0,-9999.0,-9999.0,-9999.0,0.0,0,1,"time.struct_time(tm_year=2023, tm_mon=3, tm_mday=1, tm_hour=4, tm_min=21, tm_sec=55, tm_wday=2, tm_yday=60, tm_isdst=-1)",2023-03-01,2023,3,60,1,21,4,BUS02
2023-03-01 04:24:25,40.765717,-111.909653,1279.7,-9999.0,-9999.0,-9999.0,13.87,11.17,4.47,19.02,1.0,2.0,7.61,13.0,861.9,0.0,33.3,2.23,25.4,820.6,-9999.0,-9999.0,-9999.0,-9999.0,-9999.0,-9999.0,-9999.0,0.0,0,1,"time.struct_time(tm_year=2023, tm_mon=3, tm_mday=1, tm_hour=4, tm_min=24, tm_sec=25, tm_wday=2, tm_yday=60, tm_isdst=-1)",2023-03-01,2023,3,60,1,24,4,BUS02
2023-03-01 04:26:55,40.765713,-111.90966,1279.5,-9999.0,-9999.0,-9999.0,13.87,11.18,4.54,18.7,1.0,2.0,7.61,13.0,861.9,0.0,32.7,2.26,25.4,820.5,-9999.0,-9999.0,-9999.0,-9999.0,-9999.0,-9999.0,-9999.0,0.0,0,1,"time.struct_time(tm_year=2023, tm_mon=3, tm_mday=1, tm_hour=4, tm_min=26, tm_sec=55, tm_wday=2, tm_yday=60, tm_isdst=-1)",2023-03-01,2023,3,60,1,26,4,BUS02
2023-03-01 04:29:25,40.76572,-111.909668,1279.5,-9999.0,-9999.0,-9999.0,13.87,11.19,4.55,18.4,1.0,2.0,7.61,13.0,861.7,0.0,32.9,2.24,25.5,820.5,-9999.0,-9999.0,-9999.0,-9999.0,-9999.0,-9999.0,-9999.0,0.0,0,1,"time.struct_time(tm_year=2023, tm_mon=3, tm_mday=1, tm_hour=4, tm_min=29, tm_sec=25, tm_wday=2, tm_yday=60, tm_isdst=-1)",2023-03-01,2023,3,60,1,29,4,BUS02
2023-03-01 04:31:55,40.765728,-111.909676,1279.9,-9999.0,-9999.0,-9999.0,13.87,11.19,4.57,17.98,1.0,2.0,7.61,13.0,861.7,0.0,40.7,2.24,25.5,820.4,-9999.0,-9999.0,-9999.0,-9999.0,-9999.0,-9999.0,-9999.0,0.0,0,1,"time.struct_time(tm_year=2023, tm_mon=3, tm_mday=1, tm_hour=4, tm_min=31, tm_sec=55, tm_wday=2, tm_yday=60, tm_isdst=-1)",2023-03-01,2023,3,60,1,31,4,BUS02
2023-03-01 04:34:25,40.765732,-111.909691,1280.2,-9999.0,-9999.0,-9999.0,13.87,11.2,4.57,18.23,1.0,2.0,7.5,13.0,861.8,0.0,35.1,2.25,25.5,820.5,-9999.0,-9999.0,-9999.0,-9999.0,-9999.0,-9999.0,-9999.0,0.0,0,1,"time.struct_time(tm_year=2023, tm_mon=3, tm_mday=1, tm_hour=4, tm_min=34, tm_sec=25, tm_wday=2, tm_yday=60, tm_isdst=-1)",2023-03-01,2023,3,60,1,34,4,BUS02
2023-03-01 04:36:55,40.765739,-111.909706,1281.3,-9999.0,-9999.0,-9999.0,13.87,11.2,4.5,19.83,2.0,2.0,7.5,13.0,861.9,0.0,36.8,2.25,25.5,820.5,-9999.0,-9999.0,-9999.0,-9999.0,-9999.0,-9999.0,-9999.0,0.0,0,1,"time.struct_time(tm_year=2023, tm_mon=3, tm_mday=1, tm_hour=4, tm_min=36, tm_sec=55, tm_wday=2, tm_yday=60, tm_isdst=-1)",2023-03-01,2023,3,60,1,36,4,BUS02
2023-03-01 04:39:25,40.765743,-111.909706,1281.3,-9999.0,-9999.0,-9999.0,13.87,11.2,4.32,18.48,1.0,2.0,7.5,13.0,861.9,0.0,33.9,2.25,25.5,820.5,-9999.0,-9999.0,-9999.0,-9999.0,-9999.0,-9999.0,-9999.0,0.0,0,1,"time.struct_time(tm_year=2023, tm_mon=3, tm_mday=1, tm_hour=4, tm_min=39, tm_sec=25, tm_wday=2, tm_yday=60, tm_isdst=-1)",2023-03-01,2023,3,60,1,39,4,BUS02
2023-03-01 04:43:00,40.765736,-111.909729,1281.0,-9999.0,-9999.0,-9999.0,13.87,11.2,4.34,18.48,1.0,2.0,7.5,13.0,861.6,0.0,28.7,2.25,25.5,820.4,-9999.0,-9999.0,-9999.0,-9999.0,-9999.0,-9999.0,-9999.0,0.0,0,1,"time.struct_time(tm_year=2023, tm_mon=3, tm_mday=1, tm_hour=4, tm_min=43, tm_sec=0, tm_wday=2, tm_yday=60, tm_isdst=-1)",2023-03-01,2023,3,60,1,43,4,BUS02
2023-03-01 04:45:30,40.76582,-111.909775,1281.5,-9999.0,-9999.0,-9999.0,13.87,11.2,4.34,19.04,1.0,2.0,7.5,13.0,861.6,0.0,23.4,2.25,25.5,820.6,-9999.0,-9999.0,-9999.0,-9999.0,-9999.0,-9999.0,-9999.0,0.0,0,1,"time.struct_time(tm_year=2023, tm_mon=3, tm_mday=1, tm_hour=4, tm_min=45, tm_sec=30, tm_wday=2, tm_yday=60, tm_isdst=-1)",2023-03-01,2023,3,60,1,45,4,BUS02
2023-03-01 04:48:00,40.765808,-111.909767,1281.6,-9999.0,-9999.0,-9999.0,13.87,11.2,4.3,18.69,2.0,2.0,7.5,13.0,861.8,0.0,15.4,2.26,25.5,820.4,-9999.0,-9999.0,-9999.0,-9999.0,-9999.0,-9999.0,-9999.0,0.0,0,1,"time.struct_time(tm_year=2023, tm_mon=3, tm_mday=1, tm_hour=4, tm_min=48, tm_sec=0, tm_wday=2, tm_yday=60, tm_isdst=-1)",2023-03-01,2023,3,60,1,48,4,BUS02
2023-03-01 04:50:30,40.765808,-111.909767,1282.0,-9999.0,-9999.0,-9999.0,13.87,11.2,4.28,18.98,2.0,2.0,7.5,13.0,861.6,0.0,22.1,2.25,25.6,820.6,-9999.0,-9999.0,-9999.0,-9999.0,-9999.0,-9999.0,-9999.0,0.0,0,1,"time.struct_time(tm_year=2023, tm_mon=3, tm_mday=1, tm_hour=4, tm_min=50, tm_sec=30, tm_wday=2, tm_yday=60, tm_isdst=-1)",2023-03-01,2023,3,60,1,50,4,BUS02
2023-03-01 04:53:00,40.7658,-111.909775,1281.7,-9999.0,-9999.0,-9999.0,13.87,11.19,4.3,19.55,2.0,2.0,7.5,13.0,861.6,0.0,23.7,2.25,25.6,820.3,-9999.0,-9999.0,-9999.0,-9999.0,-9999.0,-9999.0,-9999.0,0.0,0,1,"time.struct_time(tm_year=2023, tm_mon=3, tm_mday=1, tm_hour=4, tm_min=53, tm_sec=0, tm_wday=2, tm_yday=60, tm_isdst=-1)",2023-03-01,2023,3,60,1,53,4,BUS02
2023-03-01 04:55:30,40.7658,-111.909782,1281.3,-9999.0,-9999.0,-9999.0,13.87,11.19,4.3,19.69,3.0,2.0,7.5,13.0,861.7,0.0,22.1,2.25,25.6,820.5,-9999.0,-9999.0,-9999.0,-9999.0,-9999.0,-9999.0,-9999.0,0.0,0,1,"time.struct_time(tm_year=2023, tm_mon=3, tm_mday=1, tm_hour=4, tm_min=55, tm_sec=30, tm_wday=2, tm_yday=60, tm_isdst=-1)",2023-03-01,2023,3,60,1,55,4,BUS02
2023-03-01 04:58:00,40.7658,-111.909782,1280.9,-9999.0,-9999.0,-9999.0,13.87,11.19,4.28,19.51,2.0,2.0,7.5,13.0,861.7,0.0,14.3,2.24,25.6,820.2,-9999.0,-9999.0,-9999.0,-9999.0,-9999.0,-9999.0,-9999.0,0.0,0,1,"time.struct_time(tm_year=2023, tm_mon=3, tm_mday=1, tm_hour=4, tm_min=58, tm_sec=0, tm_wday=2, tm_yday=60, tm_isdst=-1)",2023-03-01,2023,3,60,1,58,4,BUS02
2023-03-01 05:00:30,40.765797,-111.909782,1281.1,-9999.0,-9999.0,-9999.0,13.87,11.19,4.31,19.19,2.0,2.0,7.5,13.0,861.7,0.0,31.4,2.25,25.6,820.5,-9999.0,-9999.0,-9999.0,-9999.0,-9999.0,-9999.0,-9999.0,0.0,0,1,"time.struct_time(tm_year=2023, tm_mon=3, tm_mday=1, tm_hour=5, tm_min=0, tm_sec=30, tm_wday=2, tm_yday=60, tm_isdst=-1)",2023-03-01,2023,3,60,1,0,5,BUS02
2023-03-01 05:03:00,40.765785,-111.909775,1280.9,-9999.0,-9999.0,-9999.0,13.87,11.18,4.29,19.16,1.0,2.0,7.39,13.0,861.5,0.0,24.8,2.25,25.6,820.2,-9999.0,-9999.0,-9999.0,-9999.0,-9999.0,-9999.0,-9999.0,0.0,0,1,"time.struct_time(tm_year=2023, tm_mon=3, tm_mday=1, tm_hour=5, tm_min=3, tm_sec=0, tm_wday=2, tm_yday=60, tm_isdst=-1)",2023-03-01,2023,3,60,1,3,5,BUS02
2023-03-01 05:05:30,40.765781,-111.909767,1280.0,-9999.0,-9999.0,-9999.0,13.87,11.18,4.27,19.75,3.0,2.0,7.39,13.0,861.3,0.0,28.8,2.24,25.6,820.3,-9999.0,-9999.0,-9999.0,-9999.0,-9999.0,-9999.0,-9999.0,0.0,0,1,"time.struct_time(tm_year=2023, tm_mon=3, tm_mday=1, tm_hour=5, tm_min=5, tm_sec=30, tm_wday=2, tm_yday=60, tm_isdst=-1)",2023-03-01,2023,3,60,1,5,5,BUS02
2023-03-01 05:08:00,40.765785,-111.909767,1280.4,-9999.0,-9999.0,-9999.0,13.87,11.17,4.27,19.78,1.0,2.0,7.39,13.0,861.3,0.0,27.4,2.26,25.6,820.1,-9999.0,-9999.0,-9999.0,-9999.0,-9999.0,-9999.0,-9999.0,0.0,0,1,"time.struct_time(tm_year=2023, tm_mon=3, tm_mday=1, tm_hour=5, tm_min=8, tm_sec=0, tm_wday=2, tm_yday=60, tm_isdst=-1)",2023-03-01,2023,3,60,1,8,5,BUS02
2023-03-01 05:10:30,40.765785,-111.90976,1280.4,-9999.0,-9999.0,-9999.0,13.87,11.17,4.25,19.12,2.0,2.0,7.39,13.0,861.4,0.0,29.7,2.25,25.6,820.3,-9999.0,-9999.0,-9999.0,-9999.0,-9999.0,-9999.0,-9999.0,0.0,0,1,"time.struct_time(tm_year=2023, tm_mon=3, tm_mday=1, tm_hour=5, tm_min=10, tm_sec=30, tm_wday=2, tm_yday=60, tm_isdst=-1)",2023-03-01,2023,3,60,1,10,5,BUS02
2023-03-01 05:13:00,40.765789,-111.909752,1281.4,-9999.0,-9999.0,-9999.0,13.87,11.17,4.22,19.61,1.0,2.0,7.39,13.0,861.3,0.0,31.4,2.26,25.6,820.0,-9999.0,-9999.0,-9999.0,-9999.0,-9999.0,-9999.0,-9999.0,0.0,0,1,"time.struct_time(tm_year=2023, tm_mon=3, tm_mday=1, tm_hour=5, tm_min=13, tm_sec=0, tm_wday=2, tm_yday=60, tm_isdst=-1)",2023-03-01,2023,3,60,1,13,5,BUS02
2023-03-01 05:15:30,40.765785,-111.909744,1281.4,-9999.0,-9999.0,-9999.0,13.87,11.16,4.22,19.67,2.0,2.0,7.39,13.0,861.3,0.0,29.9,2.25,25.6,820.2,-9999.0,-9999.0,-9999.0,-9999.0,-9999.0,-9999.0,-9999.0,0.0,0,1,"time.struct_time(tm_year=2023, tm_mon=3, tm_mday=1, tm_hour=5, tm_min=15, tm_sec=30, tm_wday=2, tm_yday=60, tm_isdst=-1)",2023-03-01,2023,3,60,1,15,5,BUS02
2023-03-01 05:18:00,40.765781,-111.909752,1282.5,-9999.0,-9999.0,-9999.0,13.87,11.15,4.22,19.87,3.0,2.0,7.39,13.0,861.3,0.0,33.0,2.26,25.6,820.0,-9999.0,-9999.0,-9999.0,-9999.0,-9999.0,-9999.0,-9999.0,0.0,0,1,"time.struct_time(tm_year=2023, tm_mon=3, tm_mday=1, tm_hour=5, tm_min=18, tm_sec=0, tm_wday=2, tm_yday=60, tm_isdst=-1)",2023-03-01,2023,3,60,1,18,5,BUS02
2023-03-01 05:20:30,40.765778,-111.909744,1282.9,-9999.0,-9999.0,-9999.0,13.87,11.15,4.23,19.2,2.0,2.0,7.39,13.0,861.3,0.0,37.3,2.26,25.6,820.2,-9999.0,-9999.0,-9999.0,-9999.0,-9999.0,-9999.0,-9999.0,0.0,0,1,"time.struct_time(tm_year=2023, tm_mon=3, tm_mday=1, tm_hour=5, tm_min=20, tm_sec=30, tm_wday=2, tm_yday=60, tm_isdst=-1)",2023-03-01,2023,3,60,1,20,5,BUS02
2023-03-01 05:23:00,40.765778,-111.909744,1283.5,-9999.0,-9999.0,-9999.0,13.87,11.14,4.22,19.32,2.0,2.0,7.39,13.0,861.3,0.0,39.1,2.25,25.6,820.0,-9999.0,-9999.0,-9999.0,-9999.0,-9999.0,-9999.0,-9999.0,0.0,0,1,"time.struct_time(tm_year=2023, tm_mon=3, tm_mday=1, tm_hour=5, tm_min=23, tm_sec=0, tm_wday=2, tm_yday=60, tm_isdst=-1)",2023-03-01,2023,3,60,1,23,5,BUS02
2023-03-01 05:25:30,40.765778,-111.909744,1283.7,-9999.0,-9999.0,-9999.0,13.87,11.13,4.25,19.55,1.0,2.0,7.39,13.0,861.4,0.0,35.8,2.24,25.6,820.1,-9999.0,-9999.0,-9999.0,-9999.0,-9999.0,-9999.0,-9999.0,0.0,0,1,"time.struct_time(tm_year=2023, tm_mon=3, tm_mday=1, tm_hour=5, tm_min=25, tm_sec=30, tm_wday=2, tm_yday=60, tm_isdst=-1)",2023-03-01,2023,3,60,1,25,5,BUS02
2023-03-01 05:28:00,40.765781,-111.909744,1283.5,-9999.0,-9999.0,-9999.0,13.87,11.12,4.22,19.07,2.0,2.0,7.39,13.0,861.2,0.0,35.3,2.24,25.6,819.8,-9999.0,-9999.0,-9999.0,-9999.0,-9999.0,-9999.0,-9999.0,0.0,0,1,"time.struct_time(tm_year=2023, tm_mon=3, tm_mday=1, tm_hour=5, tm_min=28, tm_sec=0, tm_wday=2, tm_yday=60, tm_isdst=-1)",2023-03-01,2023,3,60,1,28,5,BUS02
2023-03-01 05:30:30,40.765774,-111.909737,1283.9,-9999.0,-9999.0,-9999.0,13.87,11.11,4.22,19.47,3.0,2.0,7.39,13.0,861.0,0.0,36.5,2.25,25.5,820.0,-9999.0,-9999.0,-9999.0,-9999.0,-9999.0,-9999.0,-9999.0,0.0,0,1,"time.struct_time(tm_year=2023, tm_mon=3, tm_mday=1, tm_hour=5, tm_min=30, tm_sec=30, tm_wday=2, tm_yday=60, tm_isdst=-1)",2023-03-01,2023,3,60,1,30,5,BUS02
2023-03-01 05:33:00,40.765774,-111.909729,1284.1,-9999.0,-9999.0,-9999.0,13.87,11.1,4.21,19.44,2.0,2.0,7.39,13.0,860.9,0.0,30.0,2.26,25.5,819.7,-9999.0,-9999.0,-9999.0,-9999.0,-9999.0,-9999.0,-9999.0,0.0,0,1,"time.struct_time(tm_year=2023, tm_mon=3, tm_mday=1, tm_hour=5, tm_min=33, tm_sec=0, tm_wday=2, tm_yday=60, tm_isdst=-1)",2023-03-01,2023,3,60,1,33,5,BUS02
2023-03-01 05:35:30,40.765774,-111.909721,1284.4,-9999.0,-9999.0,-9999.0,13.87,11.09,4.21,19.61,2.0,2.0,7.28,13.0,860.9,0.0,31.7,2.25,25.5,819.9,-9999.0,-9999.0,-9999.0,-9999.0,-9999.0,-9999.0,-9999.0,0.0,0,1,"time.struct_time(tm_year=2023, tm_mon=3, tm_mday=1, tm_hour=5, tm_min=35, tm_sec=30, tm_wday=2, tm_yday=60, tm_isdst=-1)",2023-03-01,2023,3,60,1,35,5,BUS02
2023-03-01 05:38:00,40.765766,-111.909714,1284.1,-9999.0,-9999.0,-9999.0,13.87,11.08,4.19,19.53,3.0,2.0,7.28,13.0,860.9,0.0,31.7,2.24,25.5,819.6,-9999.0,-9999.0,-9999.0,-9999.0,-9999.0,-9999.0,-9999.0,0.0,0,1,"time.struct_time(tm_year=2023, tm_mon=3, tm_mday=1, tm_hour=5, tm_min=38, tm_sec=0, tm_wday=2, tm_yday=60, tm_isdst=-1)",2023-03-01,2023,3,60,1,38,5,BUS02
2023-03-01 05:40:30,40.765766,-111.909714,1284.2,-9999.0,-9999.0,-9999.0,13.87,11.07,4.14,19.53,2.0,2.0,7.28,13.0,861.0,0.0,33.2,2.25,25.5,820.0,-9999.0,-9999.0,-9999.0,-9999.0,-9999.0,-9999.0,-9999.0,0.0,0,1,"time.struct_time(tm_year=2023, tm_mon=3, tm_mday=1, tm_hour=5, tm_min=40, tm_sec=30, tm_wday=2, tm_yday=60, tm_isdst=-1)",2023-03-01,2023,3,60,1,40,5,BUS02
2023-03-01 05:44:05,40.765774,-111.909698,1284.2,-9999.0,-9999.0,-9999.0,13.86,11.06,4.08,19.78,2.0,2.0,7.28,13.0,861.1,0.0,28.4,2.25,25.5,819.9,-9999.0,-9999.0,-9999.0,-9999.0,-9999.0,-9999.0,-9999.0,0.0,0,1,"time.struct_time(tm_year=2023, tm_mon=3, tm_mday=1, tm_hour=5, tm_min=44, tm_sec=5, tm_wday=2, tm_yday=60, tm_isdst=-1)",2023-03-01,2023,3,60,1,44,5,BUS02
2023-03-01 05:46:35,40.765774,-111.909706,1284.3,-9999.0,-9999.0,-9999.0,13.87,11.04,4.12,19.73,1.0,2.0,7.28,13.0,861.1,0.0,23.4,2.25,25.5,819.7,-9999.0,-9999.0,-9999.0,-9999.0,-9999.0,-9999.0,-9999.0,0.0,0,1,"time.struct_time(tm_year=2023, tm_mon=3, tm_mday=1, tm_hour=5, tm_min=46, tm_sec=35, tm_wday=2, tm_yday=60, tm_isdst=-1)",2023-03-01,2023,3,60,1,46,5,BUS02
2023-03-01 05:49:05,40.765774,-111.909714,1284.4,-9999.0,-9999.0,-9999.0,13.87,11.03,4.14,20.35,2.0,2.0,7.28,13.0,860.9,0.0,28.0,2.24,25.5,820.0,-9999.0,-9999.0,-9999.0,-9999.0,-9999.0,-9999.0,-9999.0,0.0,0,1,"time.struct_time(tm_year=2023, tm_mon=3, tm_mday=1, tm_hour=5, tm_min=49, tm_sec=5, tm_wday=2, tm_yday=60, tm_isdst=-1)",2023-03-01,2023,3,60,1,49,5,BUS02
2023-03-01 05:51:35,40.765774,-111.909721,1284.5,-9999.0,-9999.0,-9999.0,13.87,11.02,4.06,20.27,2.0,2.0,7.28,13.0,861.0,0.0,24.6,2.25,25.5,819.7,-9999.0,-9999.0,-9999.0,-9999.0,-9999.0,-9999.0,-9999.0,0.0,0,1,"time.struct_time(tm_year=2023, tm_mon=3, tm_mday=1, tm_hour=5, tm_min=51, tm_sec=35, tm_wday=2, tm_yday=60, tm_isdst=-1)",2023-03-01,2023,3,60,1,51,5,BUS02
2023-03-01 05:54:05,40.765587,-111.909866,1289.2,-9999.0,-9999.0,-9999.0,13.87,11.0,4.08,23.82,9.0,2.0,7.22,13.0,860.9,0.0,24.2,2.24,25.5,819.9,-9999.0,-9999.0,-9999.0,-9999.0,-9999.0,-9999.0,-9999.0,0.0,0,1,"time.struct_time(tm_year=2023, tm_mon=3, tm_mday=1, tm_hour=5, tm_min=54, tm_sec=5, tm_wday=2, tm_yday=60, tm_isdst=-1)",2023-03-01,2023,3,60,1,54,5,BUS02
2023-03-01 05:56:35,40.765587,-111.909866,1289.2,-9999.0,-9999.0,-9999.0,13.87,10.99,4.5,23.58,8.0,2.0,7.28,15.0,860.9,0.0,20.3,2.24,25.5,819.5,-9999.0,-9999.0,-9999.0,-9999.0,-9999.0,-9999.0,-9999.0,0.0,0,1,"time.struct_time(tm_year=2023, tm_mon=3, tm_mday=1, tm_hour=5, tm_min=56, tm_sec=35, tm_wday=2, tm_yday=60, tm_isdst=-1)",2023-03-01,2023,3,60,1,56,5,BUS02
2023-03-01 05:59:05,40.765591,-111.909866,1288.9,-9999.0,-9999.0,-9999.0,13.87,11.02,5.43,23.03,3.0,2.0,7.61,15.0,861.0,0.0,22.0,2.24,25.5,819.7,-9999.0,-9999.0,-9999.0,-9999.0,-9999.0,-9999.0,-9999.0,0.0,0,1,"time.struct_time(tm_year=2023, tm_mon=3, tm_mday=1, tm_hour=5, tm_min=59, tm_sec=5, tm_wday=2, tm_yday=60, tm_isdst=-1)",2023-03-01,2023,3,60,1,59,5,BUS02
2023-03-01 06:03:40,40.766174,-111.909912,1291.6,-9999.0,-9999.0,-9999.0,13.87,11.19,6.23,66.39,2.0,2.0,8.28,35.0,860.9,0.0,30.9,2.26,25.5,817.5,-9999.0,-9999.0,-9999.0,-9999.0,-9999.0,-9999.0,-9999.0,0.0,0,1,"time.struct_time(tm_year=2023, tm_mon=3, tm_mday=1, tm_hour=6, tm_min=3, tm_sec=40, tm_wday=2, tm_yday=60, tm_isdst=-1)",2023-03-01,2023,3,60,1,3,6,BUS02
2023-03-01 06:06:10,40.765724,-111.909866,1290.8,-9999.0,-9999.0,-9999.0,13.87,11.3,4.25,60.24,2.0,2.0,7.89,30.0,860.9,0.0,28.5,2.25,25.5,819.2,-9999.0,-9999.0,-9999.0,-9999.0,-9999.0,-9999.0,-9999.0,0.0,0,1,"time.struct_time(tm_year=2023, tm_mon=3, tm_mday=1, tm_hour=6, tm_min=6, tm_sec=10, tm_wday=2, tm_yday=60, tm_isdst=-1)",2023-03-01,2023,3,60,1,6,6,BUS02
2023-03-01 06:08:40,40.765724,-111.909859,1290.9,-9999.0,-9999.0,-9999.0,13.87,11.35,3.13,57.49,1.0,2.0,7.5,28.0,860.7,0.0,23.4,2.24,25.5,819.1,-9999.0,-9999.0,-9999.0,-9999.0,-9999.0,-9999.0,-9999.0,0.0,0,1,"time.struct_time(tm_year=2023, tm_mon=3, tm_mday=1, tm_hour=6, tm_min=8, tm_sec=40, tm_wday=2, tm_yday=60, tm_isdst=-1)",2023-03-01,2023,3,60,1,8,6,BUS02
2023-03-01 06:11:10,40.765724,-111.909821,1292.1,-9999.0,-9999.0,-9999.0,13.87,11.35,2.51,50.1,2.0,2.0,7.11,26.0,861.0,0.0,25.7,2.24,25.5,819.4,-9999.0,-9999.0,-9999.0,-9999.0,-9999.0,-9999.0,-9999.0,0.0,0,1,"time.struct_time(tm_year=2023, tm_mon=3, tm_mday=1, tm_hour=6, tm_min=11, tm_sec=10, tm_wday=2, tm_yday=60, tm_isdst=-1)",2023-03-01,2023,3,60,1,11,6,BUS02
2023-03-01 06:13:40,40.765724,-111.909805,1291.5,-9999.0,-9999.0,-9999.0,13.87,11.31,2.12,47.12,1.0,2.0,6.78,23.0,860.8,0.0,24.6,2.26,25.6,819.4,-9999.0,-9999.0,-9999.0,-9999.0,-9999.0,-9999.0,-9999.0,0.0,0,1,"time.struct_time(tm_year=2023, tm_mon=3, tm_mday=1, tm_hour=6, tm_min=13, tm_sec=40, tm_wday=2, tm_yday=60, tm_isdst=-1)",2023-03-01,2023,3,60,1,13,6,BUS02
2023-03-01 06:16:10,40.765717,-111.90979,1290.9,-9999.0,-9999.0,-9999.0,13.87,11.24,1.98,40.3,1.0,2.0,6.5,22.0,860.7,0.0,33.2,2.24,25.5,819.4,-9999.0,-9999.0,-9999.0,-9999.0,-9999.0,-9999.0,-9999.0,0.0,0,1,"time.struct_time(tm_year=2023, tm_mon=3, tm_mday=1, tm_hour=6, tm_min=16, tm_sec=10, tm_wday=2, tm_yday=60, tm_isdst=-1)",2023-03-01,2023,3,60,1,16,6,BUS02
2023-03-01 06:18:40,40.76572,-111.909775,1289.3,-9999.0,-9999.0,-9999.0,13.87,11.15,1.94,41.69,2.0,2.0,6.28,21.0,860.8,0.0,28.8,2.26,25.5,819.3,-9999.0,-9999.0,-9999.0,-9999.0,-9999.0,-9999.0,-9999.0,0.0,0,1,"time.struct_time(tm_year=2023, tm_mon=3, tm_mday=1, tm_hour=6, tm_min=18, tm_sec=40, tm_wday=2, tm_yday=60, tm_isdst=-1)",2023-03-01,2023,3,60,1,18,6,BUS02
2023-03-01 06:21:10,40.765724,-111.90976,1289.7,-9999.0,-9999.0,-9999.0,13.87,11.06,1.96,42.43,1.0,2.0,6.11,21.0,860.8,0.0,36.4,2.27,25.5,819.6,-9999.0,-9999.0,-9999.0,-9999.0,-9999.0,-9999.0,-9999.0,0.0,0,1,"time.struct_time(tm_year=2023, tm_mon=3, tm_mday=1, tm_hour=6, tm_min=21, tm_sec=10, tm_wday=2, tm_yday=60, tm_isdst=-1)",2023-03-01,2023,3,60,1,21,6,BUS02
2023-03-01 06:23:40,40.765732,-111.909752,1289.4,-9999.0,-9999.0,-9999.0,13.87,10.97,2.04,53.61,1.0,2.0,6.0,21.0,860.7,0.0,32.7,2.26,25.5,819.3,-9999.0,-9999.0,-9999.0,-9999.0,-9999.0,-9999.0,-9999.0,0.0,0,1,"time.struct_time(tm_year=2023, tm_mon=3, tm_mday=1, tm_hour=6, tm_min=23, tm_sec=40, tm_wday=2, tm_yday=60, tm_isdst=-1)",2023-03-01,2023,3,60,1,23,6,BUS02
2023-03-01 06:26:10,40.765728,-111.909737,1289.6,-9999.0,-9999.0,-9999.0,13.87,10.87,2.12,37.7,1.0,2.0,5.89,20.0,860.7,0.0,36.8,2.24,25.4,819.5,-9999.0,-9999.0,-9999.0,-9999.0,-9999.0,-9999.0,-9999.0,0.0,0,1,"time.struct_time(tm_year=2023, tm_mon=3, tm_mday=1, tm_hour=6, tm_min=26, tm_sec=10, tm_wday=2, tm_yday=60, tm_isdst=-1)",2023-03-01,2023,3,60,1,26,6,BUS02
2023-03-01 06:28:40,40.765728,-111.909721,1288.7,-9999.0,-9999.0,-9999.0,13.87,10.78,2.16,36.71,1.0,2.0,5.78,21.0,860.7,0.0,36.8,2.25,25.4,819.3,-9999.0,-9999.0,-9999.0,-9999.0,-9999.0,-9999.0,-9999.0,0.0,0,1,"time.struct_time(tm_year=2023, tm_mon=3, tm_mday=1, tm_hour=6, tm_min=28, tm_sec=40, tm_wday=2, tm_yday=60, tm_isdst=-1)",2023-03-01,2023,3,60,1,28,6,BUS02
2023-03-01 06:31:10,40.765728,-111.909714,1287.4,-9999.0,-9999.0,-9999.0,13.87,10.69,2.19,38.11,1.0,2.0,5.72,20.0,860.7,0.0,32.4,2.25,25.4,819.4,-9999.0,-9999.0,-9999.0,-9999.0,-9999.0,-9999.0,-9999.0,0.0,0,1,"time.struct_time(tm_year=2023, tm_mon=3, tm_mday=1, tm_hour=6, tm_min=31, tm_sec=10, tm_wday=2, tm_yday=60, tm_isdst=-1)",2023-03-01,2023,3,60,1,31,6,BUS02
2023-03-01 06:33:40,40.765732,-111.909698,1287.0,-9999.0,-9999.0,-9999.0,13.87,10.6,2.25,36.88,1.0,2.0,5.61,19.0,860.7,0.0,37.0,2.25,25.3,819.2,-9999.0,-9999.0,-9999.0,-9999.0,-9999.0,-9999.0,-9999.0,0.0,0,1,"time.struct_time(tm_year=2023, tm_mon=3, tm_mday=1, tm_hour=6, tm_min=33, tm_sec=40, tm_wday=2, tm_yday=60, tm_isdst=-1)",2023-03-01,2023,3,60,1,33,6,BUS02
2023-03-01 06:36:10,40.765732,-111.909691,1286.3,-9999.0,-9999.0,-9999.0,13.87,10.51,2.41,30.0,1.0,2.0,5.61,19.0,860.5,0.0,32.6,2.25,25.3,819.4,-9999.0,-9999.0,-9999.0,-9999.0,-9999.0,-9999.0,-9999.0,0.0,0,1,"time.struct_time(tm_year=2023, tm_mon=3, tm_mday=1, tm_hour=6, tm_min=36, tm_sec=10, tm_wday=2, tm_yday=60, tm_isdst=-1)",2023-03-01,2023,3,60,1,36,6,BUS02
2023-03-01 06:38:40,40.765732,-111.909691,1286.0,-9999.0,-9999.0,-9999.0,13.87,10.43,2.51,40.76,1.0,2.0,5.61,19.0,860.5,0.0,34.0,2.25,25.2,819.2,-9999.0,-9999.0,-9999.0,-9999.0,-9999.0,-9999.0,-9999.0,0.0,0,1,"time.struct_time(tm_year=2023, tm_mon=3, tm_mday=1, tm_hour=6, tm_min=38, tm_sec=40, tm_wday=2, tm_yday=60, tm_isdst=-1)",2023-03-01,2023,3,60,1,38,6,BUS02
2023-03-01 06:41:10,40.765724,-111.909683,1285.7,-9999.0,-9999.0,-9999.0,13.87,10.35,2.63,38.85,1.0,2.0,5.61,18.0,860.5,0.0,31.7,2.24,25.1,819.4,-9999.0,-9999.0,-9999.0,-9999.0,-9999.0,-9999.0,-9999.0,0.0,0,1,"time.struct_time(tm_year=2023, tm_mon=3, tm_mday=1, tm_hour=6, tm_min=41, tm_sec=10, tm_wday=2, tm_yday=60, tm_isdst=-1)",2023-03-01,2023,3,60,1,41,6,BUS02
2023-03-01 06:44:45,40.76572,-111.909668,1285.7,-9999.0,-9999.0,-9999.0,13.87,10.25,2.73,40.26,1.0,2.0,5.61,18.0,860.6,0.0,16.9,2.24,25.1,819.4,-9999.0,-9999.0,-9999.0,-9999.0,-9999.0,-9999.0,-9999.0,0.0,0,1,"time.struct_time(tm_year=2023, tm_mon=3, tm_mday=1, tm_hour=6, tm_min=44, tm_sec=45, tm_wday=2, tm_yday=60, tm_isdst=-1)",2023-03-01,2023,3,60,1,44,6,BUS02
2023-03-01 06:47:15,40.765732,-111.909676,1284.4,-9999.0,-9999.0,-9999.0,13.87,10.18,2.79,36.65,1.0,2.0,5.61,19.0,860.6,0.0,28.4,2.24,25.0,819.1,-9999.0,-9999.0,-9999.0,-9999.0,-9999.0,-9999.0,-9999.0,0.0,0,1,"time.struct_time(tm_year=2023, tm_mon=3, tm_mday=1, tm_hour=6, tm_min=47, tm_sec=15, tm_wday=2, tm_yday=60, tm_isdst=-1)",2023-03-01,2023,3,60,1,47,6,BUS02
2023-03-01 06:49:45,40.765724,-111.909676,1284.0,-9999.0,-9999.0,-9999.0,13.87,10.12,2.87,35.5,1.0,2.0,5.61,18.0,860.3,0.0,30.4,2.24,25.0,819.3,-9999.0,-9999.0,-9999.0,-9999.0,-9999.0,-9999.0,-9999.0,0.0,0,1,"time.struct_time(tm_year=2023, tm_mon=3, tm_mday=1, tm_hour=6, tm_min=49, tm_sec=45, tm_wday=2, tm_yday=60, tm_isdst=-1)",2023-03-01,2023,3,60,1,49,6,BUS02
2023-03-01 06:52:15,40.765717,-111.909653,1284.0,-9999.0,-9999.0,-9999.0,13.87,10.06,2.99,29.42,1.0,2.0,5.61,18.0,860.4,0.0,39.2,2.25,24.9,819.0,-9999.0,-9999.0,-9999.0,-9999.0,-9999.0,-9999.0,-9999.0,0.0,0,1,"time.struct_time(tm_year=2023, tm_mon=3, tm_mday=1, tm_hour=6, tm_min=52, tm_sec=15, tm_wday=2, tm_yday=60, tm_isdst=-1)",2023-03-01,2023,3,60,1,52,6,BUS02
2023-03-01 06:54:45,40.765717,-111.909653,1284.4,-9999.0,-9999.0,-9999.0,13.87,10.01,3.05,39.68,1.0,2.0,5.72,18.0,860.5,0.0,33.2,2.26,24.9,819.2,-9999.0,-9999.0,-9999.0,-9999.0,-9999.0,-9999.0,-9999.0,0.0,0,1,"time.struct_time(tm_year=2023, tm_mon=3, tm_mday=1, tm_hour=6, tm_min=54, tm_sec=45, tm_wday=2, tm_yday=60, tm_isdst=-1)",2023-03-01,2023,3,60,1,54,6,BUS02
2023-03-01 06:57:15,40.76572,-111.909653,1284.7,-9999.0,-9999.0,-9999.0,13.87,9.96,3.12,28.74,1.0,2.0,5.78,18.0,860.3,0.0,34.0,2.25,24.8,819.0,-9999.0,-9999.0,-9999.0,-9999.0,-9999.0,-9999.0,-9999.0,0.0,0,1,"time.struct_time(tm_year=2023, tm_mon=3, tm_mday=1, tm_hour=6, tm_min=57, tm_sec=15, tm_wday=2, tm_yday=60, tm_isdst=-1)",2023-03-01,2023,3,60,1,57,6,BUS02
2023-03-01 06:59:45,40.765732,-111.909653,1284.6,-9999.0,-9999.0,-9999.0,13.87,9.92,3.19,28.43,1.0,2.0,5.78,18.0,860.4,0.0,33.8,2.23,24.8,819.2,-9999.0,-9999.0,-9999.0,-9999.0,-9999.0,-9999.0,-9999.0,0.0,0,1,"time.struct_time(tm_year=2023, tm_mon=3, tm_mday=1, tm_hour=6, tm_min=59, tm_sec=45, tm_wday=2, tm_yday=60, tm_isdst=-1)",2023-03-01,2023,3,60,1,59,6,BUS02
2023-03-01 07:02:15,40.765739,-111.909653,1285.0,-9999.0,-9999.0,-9999.0,13.87,9.88,3.26,30.89,2.0,2.0,5.89,18.0,860.3,0.0,31.3,2.25,24.7,818.9,-9999.0,-9999.0,-9999.0,-9999.0,-9999.0,-9999.0,-9999.0,0.0,0,1,"time.struct_time(tm_year=2023, tm_mon=3, tm_mday=1, tm_hour=7, tm_min=2, tm_sec=15, tm_wday=2, tm_yday=60, tm_isdst=-1)",2023-03-01,2023,3,60,1,2,7,BUS02
2023-03-01 07:04:45,40.765743,-111.909645,1284.9,-9999.0,-9999.0,-9999.0,13.87,9.85,3.33,27.21,1.0,2.0,5.89,19.0,860.3,0.0,31.3,2.26,24.7,819.1,-9999.0,-9999.0,-9999.0,-9999.0,-9999.0,-9999.0,-9999.0,0.0,0,1,"time.struct_time(tm_year=2023, tm_mon=3, tm_mday=1, tm_hour=7, tm_min=4, tm_sec=45, tm_wday=2, tm_yday=60, tm_isdst=-1)",2023-03-01,2023,3,60,1,4,7,BUS02
2023-03-01 07:07:15,40.765743,-111.90966,1284.5,-9999.0,-9999.0,-9999.0,13.87,9.84,3.47,30.8,0.0,2.0,6.0,18.0,860.2,0.0,35.2,2.24,24.7,818.8,-9999.0,-9999.0,-9999.0,-9999.0,-9999.0,-9999.0,-9999.0,0.0,0,1,"time.struct_time(tm_year=2023, tm_mon=3, tm_mday=1, tm_hour=7, tm_min=7, tm_sec=15, tm_wday=2, tm_yday=60, tm_isdst=-1)",2023-03-01,2023,3,60,1,7,7,BUS02
2023-03-01 07:09:45,40.765743,-111.909676,1284.5,-9999.0,-9999.0,-9999.0,13.87,9.83,3.49,24.0,1.0,2.0,6.11,17.0,860.4,0.0,42.8,2.23,24.6,819.1,-9999.0,-9999.0,-9999.0,-9999.0,-9999.0,-9999.0,-9999.0,0.0,0,1,"time.struct_time(tm_year=2023, tm_mon=3, tm_mday=1, tm_hour=7, tm_min=9, tm_sec=45, tm_wday=2, tm_yday=60, tm_isdst=-1)",2023-03-01,2023,3,60,1,9,7,BUS02
2023-03-01 07:12:15,40.765743,-111.909668,1283.9,-9999.0,-9999.0,-9999.0,13.87,9.82,3.55,23.33,2.0,2.0,6.22,17.0,860.3,0.0,36.4,2.25,24.6,818.9,-9999.0,-9999.0,-9999.0,-9999.0,-9999.0,-9999.0,-9999.0,0.0,0,1,"time.struct_time(tm_year=2023, tm_mon=3, tm_mday=1, tm_hour=7, tm_min=12, tm_sec=15, tm_wday=2, tm_yday=60, tm_isdst=-1)",2023-03-01,2023,3,60,1,12,7,BUS02
2023-03-01 07:14:45,40.765747,-111.909668,1283.0,-9999.0,-9999.0,-9999.0,13.87,9.82,3.59,22.64,1.0,2.0,6.28,17.0,860.1,0.0,36.5,2.26,24.6,819.1,-9999.0,-9999.0,-9999.0,-9999.0,-9999.0,-9999.0,-9999.0,0.0,0,1,"time.struct_time(tm_year=2023, tm_mon=3, tm_mday=1, tm_hour=7, tm_min=14, tm_sec=45, tm_wday=2, tm_yday=60, tm_isdst=-1)",2023-03-01,2023,3,60,1,14,7,BUS02
2023-03-01 07:17:15,40.765751,-111.909645,1283.3,-9999.0,-9999.0,-9999.0,13.87,9.83,3.71,24.51,0.0,2.0,6.28,17.0,860.3,0.0,34.9,2.24,24.6,818.8,-9999.0,-9999.0,-9999.0,-9999.0,-9999.0,-9999.0,-9999.0,0.0,0,1,"time.struct_time(tm_year=2023, tm_mon=3, tm_mday=1, tm_hour=7, tm_min=17, tm_sec=15, tm_wday=2, tm_yday=60, tm_isdst=-1)",2023-03-01,2023,3,60,1,17,7,BUS02
2023-03-01 07:19:45,40.765762,-111.909653,1283.6,-9999.0,-9999.0,-9999.0,13.86,9.84,3.74,32.05,1.0,2.0,6.39,17.0,860.1,0.0,39.9,2.25,24.6,818.9,-9999.0,-9999.0,-9999.0,-9999.0,-9999.0,-9999.0,-9999.0,0.0,0,1,"time.struct_time(tm_year=2023, tm_mon=3, tm_mday=1, tm_hour=7, tm_min=19, tm_sec=45, tm_wday=2, tm_yday=60, tm_isdst=-1)",2023-03-01,2023,3,60,1,19,7,BUS02
2023-03-01 07:22:15,40.765759,-111.909653,1283.6,-9999.0,-9999.0,-9999.0,13.87,9.86,3.79,25.64,0.0,2.0,6.39,17.0,860.0,0.0,41.0,2.25,24.6,818.8,-9999.0,-9999.0,-9999.0,-9999.0,-9999.0,-9999.0,-9999.0,0.0,0,1,"time.struct_time(tm_year=2023, tm_mon=3, tm_mday=1, tm_hour=7, tm_min=22, tm_sec=15, tm_wday=2, tm_yday=60, tm_isdst=-1)",2023-03-01,2023,3,60,1,22,7,BUS02
2023-03-01 07:24:45,40.765759,-111.90966,1283.9,-9999.0,-9999.0,-9999.0,13.87,9.88,3.82,24.76,0.0,2.0,6.39,16.0,860.0,0.0,40.5,2.24,24.6,818.9,-9999.0,-9999.0,-9999.0,-9999.0,-9999.0,-9999.0,-9999.0,0.0,0,1,"time.struct_time(tm_year=2023, tm_mon=3, tm_mday=1, tm_hour=7, tm_min=24, tm_sec=45, tm_wday=2, tm_yday=60, tm_isdst=-1)",2023-03-01,2023,3,60,1,24,7,BUS02
2023-03-01 07:27:15,40.765755,-111.90966,1284.4,-9999.0,-9999.0,-9999.0,13.87,9.9,3.9,22.69,1.0,2.0,6.5,16.0,860.2,0.0,36.9,2.25,24.6,818.7,-9999.0,-9999.0,-9999.0,-9999.0,-9999.0,-9999.0,-9999.0,0.0,0,1,"time.struct_time(tm_year=2023, tm_mon=3, tm_mday=1, tm_hour=7, tm_min=27, tm_sec=15, tm_wday=2, tm_yday=60, tm_isdst=-1)",2023-03-01,2023,3,60,1,27,7,BUS02
2023-03-01 07:29:45,40.765751,-111.909668,1284.6,-9999.0,-9999.0,-9999.0,13.87,9.92,3.96,23.52,3.0,2.0,6.5,16.0,860.1,0.0,36.0,2.23,24.6,819.0,-9999.0,-9999.0,-9999.0,-9999.0,-9999.0,-9999.0,-9999.0,0.0,0,1,"time.struct_time(tm_year=2023, tm_mon=3, tm_mday=1, tm_hour=7, tm_min=29, tm_sec=45, tm_wday=2, tm_yday=60, tm_isdst=-1)",2023-03-01,2023,3,60,1,29,7,BUS02
2023-03-01 07:32:15,40.765751,-111.909668,1284.1,-9999.0,-9999.0,-9999.0,13.87,9.94,4.05,22.81,2.0,2.0,6.5,16.0,860.2,0.0,39.1,2.24,24.6,818.7,-9999.0,-9999.0,-9999.0,-9999.0,-9999.0,-9999.0,-9999.0,0.0,0,1,"time.struct_time(tm_year=2023, tm_mon=3, tm_mday=1, tm_hour=7, tm_min=32, tm_sec=15, tm_wday=2, tm_yday=60, tm_isdst=-1)",2023-03-01,2023,3,60,1,32,7,BUS02
2023-03-01 07:34:45,40.765766,-111.909668,1284.0,-9999.0,-9999.0,-9999.0,13.87,9.97,4.09,25.16,0.0,2.0,6.61,16.0,860.0,0.0,42.2,2.24,24.6,818.9,-9999.0,-9999.0,-9999.0,-9999.0,-9999.0,-9999.0,-9999.0,0.0,0,1,"time.struct_time(tm_year=2023, tm_mon=3, tm_mday=1, tm_hour=7, tm_min=34, tm_sec=45, tm_wday=2, tm_yday=60, tm_isdst=-1)",2023-03-01,2023,3,60,1,34,7,BUS02
2023-03-01 07:37:15,40.765766,-111.909668,1283.6,-9999.0,-9999.0,-9999.0,13.87,10.0,4.16,22.84,1.0,2.0,6.72,17.0,859.9,0.0,41.9,2.26,24.6,818.7,-9999.0,-9999.0,-9999.0,-9999.0,-9999.0,-9999.0,-9999.0,0.0,0,1,"time.struct_time(tm_year=2023, tm_mon=3, tm_mday=1, tm_hour=7, tm_min=37, tm_sec=15, tm_wday=2, tm_yday=60, tm_isdst=-1)",2023-03-01,2023,3,60,1,37,7,BUS02
2023-03-01 07:39:45,40.765766,-111.909668,1281.6,-9999.0,-9999.0,-9999.0,13.87,10.04,4.2,23.34,1.0,2.0,6.78,16.0,860.0,0.0,38.4,2.25,24.6,819.0,-9999.0,-9999.0,-9999.0,-9999.0,-9999.0,-9999.0,-9999.0,0.0,0,1,"time.struct_time(tm_year=2023, tm_mon=3, tm_mday=1, tm_hour=7, tm_min=39, tm_sec=45, tm_wday=2, tm_yday=60, tm_isdst=-1)",2023-03-01,2023,3,60,1,39,7,BUS02
2023-03-01 07:42:15,40.765759,-111.90966,1280.3,-9999.0,-9999.0,-9999.0,13.87,10.07,4.24,27.22,1.0,2.0,6.78,16.0,859.9,0.0,32.5,2.25,24.6,818.7,-9999.0,-9999.0,-9999.0,-9999.0,-9999.0,-9999.0,-9999.0,0.0,0,1,"time.struct_time(tm_year=2023, tm_mon=3, tm_mday=1, tm_hour=7, tm_min=42, tm_sec=15, tm_wday=2, tm_yday=60, tm_isdst=-1)",2023-03-01,2023,3,60,1,42,7,BUS02
2023-03-01 07:45:50,40.765751,-111.909676,1279.1,-9999.0,-9999.0,-9999.0,13.87,10.13,4.26,24.89,4.0,2.0,6.89,17.0,860.1,0.0,36.5,2.24,24.6,818.9,-9999.0,-9999.0,-9999.0,-9999.0,-9999.0,-9999.0,-9999.0,0.0,0,1,"time.struct_time(tm_year=2023, tm_mon=3, tm_mday=1, tm_hour=7, tm_min=45, tm_sec=50, tm_wday=2, tm_yday=60, tm_isdst=-1)",2023-03-01,2023,3,60,1,45,7,BUS02
2023-03-01 07:48:20,40.765743,-111.909676,1278.3,-9999.0,-9999.0,-9999.0,13.87,10.17,4.26,27.34,1.0,2.0,7.0,17.0,860.0,0.0,39.2,2.23,24.6,818.6,-9999.0,-9999.0,-9999.0,-9999.0,-9999.0,-9999.0,-9999.0,0.0,0,1,"time.struct_time(tm_year=2023, tm_mon=3, tm_mday=1, tm_hour=7, tm_min=48, tm_sec=20, tm_wday=2, tm_yday=60, tm_isdst=-1)",2023-03-01,2023,3,60,1,48,7,BUS02
2023-03-01 07:50:50,40.765755,-111.909683,1277.5,-9999.0,-9999.0,-9999.0,13.87,10.2,4.24,23.55,2.0,2.0,7.0,17.0,860.1,0.0,42.0,2.26,24.7,818.8,-9999.0,-9999.0,-9999.0,-9999.0,-9999.0,-9999.0,-9999.0,0.0,0,1,"time.struct_time(tm_year=2023, tm_mon=3, tm_mday=1, tm_hour=7, tm_min=50, tm_sec=50, tm_wday=2, tm_yday=60, tm_isdst=-1)",2023-03-01,2023,3,60,1,50,7,BUS02
2023-03-01 07:53:20,40.765759,-111.909676,1276.8,-9999.0,-9999.0,-9999.0,13.87,10.24,4.28,27.72,1.0,2.0,7.0,18.0,859.8,0.0,44.1,2.25,24.7,818.5,-9999.0,-9999.0,-9999.0,-9999.0,-9999.0,-9999.0,-9999.0,0.0,0,1,"time.struct_time(tm_year=2023, tm_mon=3, tm_mday=1, tm_hour=7, tm_min=53, tm_sec=20, tm_wday=2, tm_yday=60, tm_isdst=-1)",2023-03-01,2023,3,60,1,53,7,BUS02
2023-03-01 07:55:50,40.765762,-111.909676,1277.5,-9999.0,-9999.0,-9999.0,13.87,10.28,4.3,28.14,1.0,2.0,7.11,17.0,859.9,0.0,44.8,2.26,24.7,818.8,-9999.0,-9999.0,-9999.0,-9999.0,-9999.0,-9999.0,-9999.0,0.0,0,1,"time.struct_time(tm_year=2023, tm_mon=3, tm_mday=1, tm_hour=7, tm_min=55, tm_sec=50, tm_wday=2, tm_yday=60, tm_isdst=-1)",2023-03-01,2023,3,60,1,55,7,BUS02
2023-03-01 07:58:20,40.765751,-111.909683,1278.5,-9999.0,-9999.0,-9999.0,13.87,10.31,4.32,25.32,1.0,2.0,7.11,17.0,860.1,0.0,42.6,2.24,24.7,818.6,-9999.0,-9999.0,-9999.0,-9999.0,-9999.0,-9999.0,-9999.0,0.0,0,1,"time.struct_time(tm_year=2023, tm_mon=3, tm_mday=1, tm_hour=7, tm_min=58, tm_sec=20, tm_wday=2, tm_yday=60, tm_isdst=-1)",2023-03-01,2023,3,60,1,58,7,BUS02
2023-03-01 08:00:50,40.765747,-111.909683,1278.6,-9999.0,-9999.0,-9999.0,13.87,10.35,4.33,25.33,1.0,2.0,7.11,17.0,859.9,0.0,41.1,2.25,24.8,818.8,-9999.0,-9999.0,-9999.0,-9999.0,-9999.0,-9999.0,-9999.0,0.0,0,1,"time.struct_time(tm_year=2023, tm_mon=3, tm_mday=1, tm_hour=8, tm_min=0, tm_sec=50, tm_wday=2, tm_yday=60, tm_isdst=-1)",2023-03-01,2023,3,60,1,0,8,BUS02
2023-03-01 08:03:20,40.765747,-111.909676,1277.4,-9999.0,-9999.0,-9999.0,13.87,10.38,4.31,24.0,1.0,2.0,7.22,17.0,859.8,0.0,36.5,2.25,24.8,818.5,-9999.0,-9999.0,-9999.0,-9999.0,-9999.0,-9999.0,-9999.0,0.0,0,1,"time.struct_time(tm_year=2023, tm_mon=3, tm_mday=1, tm_hour=8, tm_min=3, tm_sec=20, tm_wday=2, tm_yday=60, tm_isdst=-1)",2023-03-01,2023,3,60,1,3,8,BUS02
2023-03-01 08:05:50,40.765751,-111.90966,1277.2,-9999.0,-9999.0,-9999.0,13.87,10.41,4.33,24.73,0.0,2.0,7.28,17.0,859.8,0.0,44.0,2.25,24.8,818.8,-9999.0,-9999.0,-9999.0,-9999.0,-9999.0,-9999.0,-9999.0,0.0,0,1,"time.struct_time(tm_year=2023, tm_mon=3, tm_mday=1, tm_hour=8, tm_min=5, tm_sec=50, tm_wday=2, tm_yday=60, tm_isdst=-1)",2023-03-01,2023,3,60,1,5,8,BUS02
2023-03-01 08:08:20,40.765751,-111.909668,1277.3,-9999.0,-9999.0,-9999.0,13.87,10.45,4.45,24.39,1.0,2.0,7.39,17.0,860.0,0.0,41.7,2.24,24.8,818.6,-9999.0,-9999.0,-9999.0,-9999.0,-9999.0,-9999.0,-9999.0,0.0,0,1,"time.struct_time(tm_year=2023, tm_mon=3, tm_mday=1, tm_hour=8, tm_min=8, tm_sec=20, tm_wday=2, tm_yday=60, tm_isdst=-1)",2023-03-01,2023,3,60,1,8,8,BUS02
2023-03-01 08:10:50,40.765736,-111.909676,1277.7,-9999.0,-9999.0,-9999.0,13.86,10.48,4.49,25.61,0.0,2.0,7.39,17.0,859.8,0.0,39.1,2.25,24.9,818.8,-9999.0,-9999.0,-9999.0,-9999.0,-9999.0,-9999.0,-9999.0,0.0,0,1,"time.struct_time(tm_year=2023, tm_mon=3, tm_mday=1, tm_hour=8, tm_min=10, tm_sec=50, tm_wday=2, tm_yday=60, tm_isdst=-1)",2023-03-01,2023,3,60,1,10,8,BUS02
2023-03-01 08:13:20,40.765732,-111.909683,1277.3,-9999.0,-9999.0,-9999.0,13.87,10.52,4.49,26.31,1.0,2.0,7.5,17.0,860.0,0.0,39.8,2.25,24.9,818.5,-9999.0,-9999.0,-9999.0,-9999.0,-9999.0,-9999.0,-9999.0,0.0,0,1,"time.struct_time(tm_year=2023, tm_mon=3, tm_mday=1, tm_hour=8, tm_min=13, tm_sec=20, tm_wday=2, tm_yday=60, tm_isdst=-1)",2023-03-01,2023,3,60,1,13,8,BUS02
2023-03-01 08:15:50,40.765728,-111.909706,1277.3,-9999.0,-9999.0,-9999.0,13.87,10.55,4.51,25.23,1.0,2.0,7.5,17.0,860.0,0.0,40.3,2.25,24.9,818.8,-9999.0,-9999.0,-9999.0,-9999.0,-9999.0,-9999.0,-9999.0,0.0,0,1,"time.struct_time(tm_year=2023, tm_mon=3, tm_mday=1, tm_hour=8, tm_min=15, tm_sec=50, tm_wday=2, tm_yday=60, tm_isdst=-1)",2023-03-01,2023,3,60,1,15,8,BUS02
2023-03-01 08:18:20,40.765724,-111.909706,1277.3,-9999.0,-9999.0,-9999.0,13.87,10.59,4.53,25.6,1.0,2.0,7.61,17.0,859.9,0.0,36.3,2.23,25.0,818.6,-9999.0,-9999.0,-9999.0,-9999.0,-9999.0,-9999.0,-9999.0,0.0,0,1,"time.struct_time(tm_year=2023, tm_mon=3, tm_mday=1, tm_hour=8, tm_min=18, tm_sec=20, tm_wday=2, tm_yday=60, tm_isdst=-1)",2023-03-01,2023,3,60,1,18,8,BUS02
2023-03-01 08:20:50,40.765728,-111.909706,1278.2,-9999.0,-9999.0,-9999.0,13.87,10.63,4.56,25.6,1.0,2.0,7.61,17.0,860.1,0.0,43.4,2.25,25.0,818.8,-9999.0,-9999.0,-9999.0,-9999.0,-9999.0,-9999.0,-9999.0,0.0,0,1,"time.struct_time(tm_year=2023, tm_mon=3, tm_mday=1, tm_hour=8, tm_min=20, tm_sec=50, tm_wday=2, tm_yday=60, tm_isdst=-1)",2023-03-01,2023,3,60,1,20,8,BUS02
2023-03-01 08:23:20,40.765728,-111.909706,1278.5,-9999.0,-9999.0,-9999.0,13.86,10.67,4.61,27.1,0.0,2.0,7.72,17.0,859.9,0.0,44.4,2.25,25.0,818.6,-9999.0,-9999.0,-9999.0,-9999.0,-9999.0,-9999.0,-9999.0,0.0,0,1,"time.struct_time(tm_year=2023, tm_mon=3, tm_mday=1, tm_hour=8, tm_min=23, tm_sec=20, tm_wday=2, tm_yday=60, tm_isdst=-1)",2023-03-01,2023,3,60,1,23,8,BUS02
2023-03-01 08:25:50,40.765728,-111.909714,1278.4,-9999.0,-9999.0,-9999.0,13.87,10.71,4.84,32.53,1.0,2.0,7.72,18.0,859.8,0.0,38.4,2.25,25.1,818.8,-9999.0,-9999.0,-9999.0,-9999.0,-9999.0,-9999.0,-9999.0,0.0,0,1,"time.struct_time(tm_year=2023, tm_mon=3, tm_mday=1, tm_hour=8, tm_min=25, tm_sec=50, tm_wday=2, tm_yday=60, tm_isdst=-1)",2023-03-01,2023,3,60,1,25,8,BUS02
2023-03-01 08:28:20,40.765732,-111.909721,1278.7,-9999.0,-9999.0,-9999.0,13.87,10.75,5.01,29.5,1.0,2.0,7.72,19.0,860.0,0.0,44.8,2.26,25.1,818.5,-9999.0,-9999.0,-9999.0,-9999.0,-9999.0,-9999.0,-9999.0,0.0,0,1,"time.struct_time(tm_year=2023, tm_mon=3, tm_mday=1, tm_hour=8, tm_min=28, tm_sec=20, tm_wday=2, tm_yday=60, tm_isdst=-1)",2023-03-01,2023,3,60,1,28,8,BUS02
2023-03-01 08:30:50,40.765736,-111.909721,1278.6,-9999.0,-9999.0,-9999.0,13.87,10.8,4.95,29.24,0.0,2.0,7.72,19.0,859.8,0.0,45.4,2.25,25.1,818.8,-9999.0,-9999.0,-9999.0,-9999.0,-9999.0,-9999.0,-9999.0,0.0,0,1,"time.struct_time(tm_year=2023, tm_mon=3, tm_mday=1, tm_hour=8, tm_min=30, tm_sec=50, tm_wday=2, tm_yday=60, tm_isdst=-1)",2023-03-01,2023,3,60,1,30,8,BUS02
2023-03-01 08:33:20,40.765732,-111.909721,1279.0,-9999.0,-9999.0,-9999.0,13.87,10.84,4.87,31.13,1.0,2.0,7.78,19.0,860.1,0.0,42.0,2.25,25.2,818.6,-9999.0,-9999.0,-9999.0,-9999.0,-9999.0,-9999.0,-9999.0,0.0,0,1,"time.struct_time(tm_year=2023, tm_mon=3, tm_mday=1, tm_hour=8, tm_min=33, tm_sec=20, tm_wday=2, tm_yday=60, tm_isdst=-1)",2023-03-01,2023,3,60,1,33,8,BUS02
2023-03-01 08:35:50,40.765743,-111.909721,1278.9,-9999.0,-9999.0,-9999.0,13.87,10.88,4.91,31.16,1.0,2.0,7.78,20.0,860.1,0.0,42.6,2.25,25.2,818.8,-9999.0,-9999.0,-9999.0,-9999.0,-9999.0,-9999.0,-9999.0,0.0,0,1,"time.struct_time(tm_year=2023, tm_mon=3, tm_mday=1, tm_hour=8, tm_min=35, tm_sec=50, tm_wday=2, tm_yday=60, tm_isdst=-1)",2023-03-01,2023,3,60,1,35,8,BUS02
2023-03-01 08:38:20,40.765747,-111.909729,1278.7,-9999.0,-9999.0,-9999.0,13.87,10.93,4.96,34.85,0.0,2.0,7.89,20.0,859.8,0.0,40.3,2.24,25.2,818.5,-9999.0,-9999.0,-9999.0,-9999.0,-9999.0,-9999.0,-9999.0,0.0,0,1,"time.struct_time(tm_year=2023, tm_mon=3, tm_mday=1, tm_hour=8, tm_min=38, tm_sec=20, tm_wday=2, tm_yday=60, tm_isdst=-1)",2023-03-01,2023,3,60,1,38,8,BUS02
2023-03-01 08:40:50,40.765747,-111.909737,1278.7,-9999.0,-9999.0,-9999.0,13.87,10.97,5.03,32.35,0.0,2.0,7.89,20.0,859.7,0.0,42.5,2.24,25.3,818.7,-9999.0,-9999.0,-9999.0,-9999.0,-9999.0,-9999.0,-9999.0,0.0,0,1,"time.struct_time(tm_year=2023, tm_mon=3, tm_mday=1, tm_hour=8, tm_min=40, tm_sec=50, tm_wday=2, tm_yday=60, tm_isdst=-1)",2023-03-01,2023,3,60,1,40,8,BUS02
2023-03-01 08:43:20,40.765747,-111.909744,1278.7,-9999.0,-9999.0,-9999.0,13.87,11.01,5.05,36.56,1.0,2.0,8.0,20.0,859.7,0.0,31.5,2.27,25.3,818.5,-9999.0,-9999.0,-9999.0,-9999.0,-9999.0,-9999.0,-9999.0,0.0,0,1,"time.struct_time(tm_year=2023, tm_mon=3, tm_mday=1, tm_hour=8, tm_min=43, tm_sec=20, tm_wday=2, tm_yday=60, tm_isdst=-1)",2023-03-01,2023,3,60,1,43,8,BUS02
2023-03-01 08:46:55,40.765732,-111.90976,1279.8,-9999.0,-9999.0,-9999.0,13.87,11.08,5.08,35.43,1.0,2.0,8.0,20.0,859.8,0.0,41.8,2.25,25.4,818.4,-9999.0,-9999.0,-9999.0,-9999.0,-9999.0,-9999.0,-9999.0,0.0,0,1,"time.struct_time(tm_year=2023, tm_mon=3, tm_mday=1, tm_hour=8, tm_min=46, tm_sec=55, tm_wday=2, tm_yday=60, tm_isdst=-1)",2023-03-01,2023,3,60,1,46,8,BUS02
2023-03-01 08:49:25,40.765732,-111.909767,1280.2,-9999.0,-9999.0,-9999.0,13.87,11.12,5.07,32.69,1.0,2.0,8.0,20.0,860.0,0.0,40.5,2.25,25.4,818.6,-9999.0,-9999.0,-9999.0,-9999.0,-9999.0,-9999.0,-9999.0,0.0,0,1,"time.struct_time(tm_year=2023, tm_mon=3, tm_mday=1, tm_hour=8, tm_min=49, tm_sec=25, tm_wday=2, tm_yday=60, tm_isdst=-1)",2023-03-01,2023,3,60,1,49,8,BUS02
2023-03-01 08:51:55,40.765736,-111.909767,1280.2,-9999.0,-9999.0,-9999.0,13.87,11.16,5.03,33.63,1.0,2.0,8.0,21.0,859.8,0.0,34.4,2.26,25.5,818.4,-9999.0,-9999.0,-9999.0,-9999.0,-9999.0,-9999.0,-9999.0,0.0,0,1,"time.struct_time(tm_year=2023, tm_mon=3, tm_mday=1, tm_hour=8, tm_min=51, tm_sec=55, tm_wday=2, tm_yday=60, tm_isdst=-1)",2023-03-01,2023,3,60,1,51,8,BUS02
2023-03-01 08:54:25,40.765728,-111.909767,1280.1,-9999.0,-9999.0,-9999.0,13.87,11.19,5.15,32.96,1.0,2.0,8.0,20.0,859.7,0.0,39.7,2.25,25.5,818.6,-9999.0,-9999.0,-9999.0,-9999.0,-9999.0,-9999.0,-9999.0,0.0,0,1,"time.struct_time(tm_year=2023, tm_mon=3, tm_mday=1, tm_hour=8, tm_min=54, tm_sec=25, tm_wday=2, tm_yday=60, tm_isdst=-1)",2023-03-01,2023,3,60,1,54,8,BUS02
2023-03-01 08:56:55,40.765717,-111.909775,1280.0,-9999.0,-9999.0,-9999.0,13.87,11.23,5.23,34.51,1.0,2.0,8.0,21.0,859.7,0.0,39.8,2.26,25.5,818.3,-9999.0,-9999.0,-9999.0,-9999.0,-9999.0,-9999.0,-9999.0,0.0,0,1,"time.struct_time(tm_year=2023, tm_mon=3, tm_mday=1, tm_hour=8, tm_min=56, tm_sec=55, tm_wday=2, tm_yday=60, tm_isdst=-1)",2023-03-01,2023,3,60,1,56,8,BUS02
2023-03-01 08:59:25,40.76572,-111.909775,1279.8,-9999.0,-9999.0,-9999.0,13.87,11.27,5.37,33.71,1.0,2.0,8.0,21.0,859.8,0.0,39.8,2.25,25.6,818.6,-9999.0,-9999.0,-9999.0,-9999.0,-9999.0,-9999.0,-9999.0,0.0,0,1,"time.struct_time(tm_year=2023, tm_mon=3, tm_mday=1, tm_hour=8, tm_min=59, tm_sec=25, tm_wday=2, tm_yday=60, tm_isdst=-1)",2023-03-01,2023,3,60,1,59,8,BUS02
2023-03-01 09:01:55,40.765709,-111.90976,1280.6,-9999.0,-9999.0,-9999.0,13.87,11.3,5.54,34.82,1.0,2.0,8.0,20.0,859.6,0.0,47.9,2.26,25.6,818.2,-9999.0,-9999.0,-9999.0,-9999.0,-9999.0,-9999.0,-9999.0,0.0,0,1,"time.struct_time(tm_year=2023, tm_mon=3, tm_mday=1, tm_hour=9, tm_min=1, tm_sec=55, tm_wday=2, tm_yday=60, tm_isdst=-1)",2023-03-01,2023,3,60,1,1,9,BUS02
2023-03-01 09:04:25,40.765709,-111.909752,1281.3,-9999.0,-9999.0,-9999.0,13.87,11.33,5.69,32.52,1.0,2.0,8.0,21.0,859.9,0.0,43.0,2.27,25.7,818.5,-9999.0,-9999.0,-9999.0,-9999.0,-9999.0,-9999.0,-9999.0,0.0,0,1,"time.struct_time(tm_year=2023, tm_mon=3, tm_mday=1, tm_hour=9, tm_min=4, tm_sec=25, tm_wday=2, tm_yday=60, tm_isdst=-1)",2023-03-01,2023,3,60,1,4,9,BUS02
2023-03-01 09:06:55,40.765724,-111.909744,1280.6,-9999.0,-9999.0,-9999.0,13.87,11.36,5.83,35.72,1.0,2.0,8.0,21.0,859.6,0.0,43.1,2.25,25.7,818.2,-9999.0,-9999.0,-9999.0,-9999.0,-9999.0,-9999.0,-9999.0,0.0,0,1,"time.struct_time(tm_year=2023, tm_mon=3, tm_mday=1, tm_hour=9, tm_min=6, tm_sec=55, tm_wday=2, tm_yday=60, tm_isdst=-1)",2023-03-01,2023,3,60,1,6,9,BUS02
2023-03-01 09:09:25,40.765743,-111.909744,1280.2,-9999.0,-9999.0,-9999.0,13.87,11.39,5.85,33.1,1.0,2.0,8.11,20.0,859.6,0.0,41.3,2.26,25.7,818.4,-9999.0,-9999.0,-9999.0,-9999.0,-9999.0,-9999.0,-9999.0,0.0,0,1,"time.struct_time(tm_year=2023, tm_mon=3, tm_mday=1, tm_hour=9, tm_min=9, tm_sec=25, tm_wday=2, tm_yday=60, tm_isdst=-1)",2023-03-01,2023,3,60,1,9,9,BUS02
2023-03-01 09:11:55,40.765732,-111.909737,1280.2,-9999.0,-9999.0,-9999.0,13.87,11.43,5.82,32.49,1.0,2.0,8.11,20.0,859.5,0.0,44.0,2.25,25.8,818.1,-9999.0,-9999.0,-9999.0,-9999.0,-9999.0,-9999.0,-9999.0,0.0,0,1,"time.struct_time(tm_year=2023, tm_mon=3, tm_mday=1, tm_hour=9, tm_min=11, tm_sec=55, tm_wday=2, tm_yday=60, tm_isdst=-1)",2023-03-01,2023,3,60,1,11,9,BUS02
2023-03-01 09:14:25,40.765732,-111.909714,1280.3,-9999.0,-9999.0,-9999.0,13.87,11.46,5.68,32.27,0.0,2.0,8.22,20.0,859.4,0.0,40.9,2.25,25.8,818.4,-9999.0,-9999.0,-9999.0,-9999.0,-9999.0,-9999.0,-9999.0,0.0,0,1,"time.struct_time(tm_year=2023, tm_mon=3, tm_mday=1, tm_hour=9, tm_min=14, tm_sec=25, tm_wday=2, tm_yday=60, tm_isdst=-1)",2023-03-01,2023,3,60,1,14,9,BUS02
2023-03-01 09:16:55,40.765739,-111.909714,1280.1,-9999.0,-9999.0,-9999.0,13.87,11.49,5.53,31.76,1.0,2.0,8.22,20.0,859.5,0.0,40.7,2.26,25.8,818.1,-9999.0,-9999.0,-9999.0,-9999.0,-9999.0,-9999.0,-9999.0,0.0,0,1,"time.struct_time(tm_year=2023, tm_mon=3, tm_mday=1, tm_hour=9, tm_min=16, tm_sec=55, tm_wday=2, tm_yday=60, tm_isdst=-1)",2023-03-01,2023,3,60,1,16,9,BUS02
2023-03-01 09:19:25,40.765743,-111.909714,1279.8,-9999.0,-9999.0,-9999.0,13.87,11.52,5.33,32.85,1.0,2.0,8.22,20.0,859.7,0.0,38.4,2.25,25.9,818.4,-9999.0,-9999.0,-9999.0,-9999.0,-9999.0,-9999.0,-9999.0,0.0,0,1,"time.struct_time(tm_year=2023, tm_mon=3, tm_mday=1, tm_hour=9, tm_min=19, tm_sec=25, tm_wday=2, tm_yday=60, tm_isdst=-1)",2023-03-01,2023,3,60,1,19,9,BUS02
2023-03-01 09:21:55,40.765743,-111.909721,1279.5,-9999.0,-9999.0,-9999.0,13.87,11.54,5.4,33.67,1.0,2.0,8.22,20.0,859.6,0.0,41.5,2.26,25.9,818.1,-9999.0,-9999.0,-9999.0,-9999.0,-9999.0,-9999.0,-9999.0,0.0,0,1,"time.struct_time(tm_year=2023, tm_mon=3, tm_mday=1, tm_hour=9, tm_min=21, tm_sec=55, tm_wday=2, tm_yday=60, tm_isdst=-1)",2023-03-01,2023,3,60,1,21,9,BUS02
2023-03-01 09:24:25,40.765739,-111.909721,1280.1,-9999.0,-9999.0,-9999.0,13.87,11.57,5.54,34.1,1.0,2.0,8.22,20.0,859.5,0.0,45.8,2.25,25.9,818.3,-9999.0,-9999.0,-9999.0,-9999.0,-9999.0,-9999.0,-9999.0,0.0,0,1,"time.struct_time(tm_year=2023, tm_mon=3, tm_mday=1, tm_hour=9, tm_min=24, tm_sec=25, tm_wday=2, tm_yday=60, tm_isdst=-1)",2023-03-01,2023,3,60,1,24,9,BUS02
2023-03-01 09:26:55,40.765739,-111.909714,1280.4,-9999.0,-9999.0,-9999.0,13.87,11.59,5.36,35.26,1.0,2.0,8.22,21.0,859.6,0.0,42.2,2.27,26.0,818.1,-9999.0,-9999.0,-9999.0,-9999.0,-9999.0,-9999.0,-9999.0,0.0,0,1,"time.struct_time(tm_year=2023, tm_mon=3, tm_mday=1, tm_hour=9, tm_min=26, tm_sec=55, tm_wday=2, tm_yday=60, tm_isdst=-1)",2023-03-01,2023,3,60,1,26,9,BUS02
2023-03-01 09:29:25,40.765732,-111.909714,1279.8,-9999.0,-9999.0,-9999.0,13.86,11.62,5.24,33.78,1.0,2.0,8.22,20.0,859.5,0.0,43.3,2.25,26.0,818.2,-9999.0,-9999.0,-9999.0,-9999.0,-9999.0,-9999.0,-9999.0,0.0,0,1,"time.struct_time(tm_year=2023, tm_mon=3, tm_mday=1, tm_hour=9, tm_min=29, tm_sec=25, tm_wday=2, tm_yday=60, tm_isdst=-1)",2023-03-01,2023,3,60,1,29,9,BUS02
2023-03-01 09:31:55,40.765728,-111.909706,1280.0,-9999.0,-9999.0,-9999.0,13.87,11.64,5.17,33.63,1.0,2.0,8.22,20.0,859.5,0.0,40.4,2.26,26.0,817.9,-9999.0,-9999.0,-9999.0,-9999.0,-9999.0,-9999.0,-9999.0,0.0,0,1,"time.struct_time(tm_year=2023, tm_mon=3, tm_mday=1, tm_hour=9, tm_min=31, tm_sec=55, tm_wday=2, tm_yday=60, tm_isdst=-1)",2023-03-01,2023,3,60,1,31,9,BUS02
2023-03-01 09:34:25,40.765728,-111.909698,1279.1,-9999.0,-9999.0,-9999.0,13.87,11.66,5.19,34.03,0.0,2.0,8.22,20.0,859.3,0.0,43.8,2.27,26.1,818.1,-9999.0,-9999.0,-9999.0,-9999.0,-9999.0,-9999.0,-9999.0,0.0,0,1,"time.struct_time(tm_year=2023, tm_mon=3, tm_mday=1, tm_hour=9, tm_min=34, tm_sec=25, tm_wday=2, tm_yday=60, tm_isdst=-1)",2023-03-01,2023,3,60,1,34,9,BUS02
2023-03-01 09:36:55,40.765728,-111.909691,1278.6,-9999.0,-9999.0,-9999.0,13.87,11.67,5.16,35.01,0.0,2.0,8.22,20.0,859.5,0.0,42.0,2.28,26.1,817.9,-9999.0,-9999.0,-9999.0,-9999.0,-9999.0,-9999.0,-9999.0,0.0,0,1,"time.struct_time(tm_year=2023, tm_mon=3, tm_mday=1, tm_hour=9, tm_min=36, tm_sec=55, tm_wday=2, tm_yday=60, tm_isdst=-1)",2023-03-01,2023,3,60,1,36,9,BUS02
2023-03-01 09:39:25,40.76572,-111.909691,1278.6,-9999.0,-9999.0,-9999.0,13.86,11.69,4.99,33.82,1.0,2.0,8.22,20.0,859.4,0.0,41.3,2.26,26.1,818.2,-9999.0,-9999.0,-9999.0,-9999.0,-9999.0,-9999.0,-9999.0,0.0,0,1,"time.struct_time(tm_year=2023, tm_mon=3, tm_mday=1, tm_hour=9, tm_min=39, tm_sec=25, tm_wday=2, tm_yday=60, tm_isdst=-1)",2023-03-01,2023,3,60,1,39,9,BUS02
2023-03-01 09:41:55,40.76572,-111.909691,1280.0,-9999.0,-9999.0,-9999.0,13.87,11.7,4.89,34.28,1.0,2.0,8.22,20.0,859.4,0.0,41.5,2.26,26.1,817.9,-9999.0,-9999.0,-9999.0,-9999.0,-9999.0,-9999.0,-9999.0,0.0,0,1,"time.struct_time(tm_year=2023, tm_mon=3, tm_mday=1, tm_hour=9, tm_min=41, tm_sec=55, tm_wday=2, tm_yday=60, tm_isdst=-1)",2023-03-01,2023,3,60,1,41,9,BUS02
2023-03-01 09:44:25,40.765709,-111.909698,1280.0,-9999.0,-9999.0,-9999.0,13.87,11.72,4.79,35.6,0.0,2.0,8.22,20.0,859.5,0.0,46.7,2.26,26.2,818.2,-9999.0,-9999.0,-9999.0,-9999.0,-9999.0,-9999.0,-9999.0,0.0,0,1,"time.struct_time(tm_year=2023, tm_mon=3, tm_mday=1, tm_hour=9, tm_min=44, tm_sec=25, tm_wday=2, tm_yday=60, tm_isdst=-1)",2023-03-01,2023,3,60,1,44,9,BUS02
2023-03-01 09:48:00,40.765701,-111.909676,1278.9,-9999.0,-9999.0,-9999.0,13.87,11.73,4.85,34.85,1.0,2.0,8.28,20.0,859.3,0.0,46.2,2.26,26.2,817.9,-9999.0,-9999.0,-9999.0,-9999.0,-9999.0,-9999.0,-9999.0,0.0,0,1,"time.struct_time(tm_year=2023, tm_mon=3, tm_mday=1, tm_hour=9, tm_min=48, tm_sec=0, tm_wday=2, tm_yday=60, tm_isdst=-1)",2023-03-01,2023,3,60,1,48,9,BUS02
2023-03-01 09:50:30,40.765694,-111.909668,1279.7,-9999.0,-9999.0,-9999.0,13.87,11.74,4.8,37.09,1.0,2.0,8.22,20.0,859.3,0.0,36.6,2.26,26.2,818.1,-9999.0,-9999.0,-9999.0,-9999.0,-9999.0,-9999.0,-9999.0,0.0,0,1,"time.struct_time(tm_year=2023, tm_mon=3, tm_mday=1, tm_hour=9, tm_min=50, tm_sec=30, tm_wday=2, tm_yday=60, tm_isdst=-1)",2023-03-01,2023,3,60,1,50,9,BUS02
2023-03-01 09:53:00,40.765694,-111.909653,1279.1,-9999.0,-9999.0,-9999.0,13.87,11.75,4.99,35.26,0.0,2.0,8.22,20.0,859.4,0.0,43.7,2.25,26.2,817.8,-9999.0,-9999.0,-9999.0,-9999.0,-9999.0,-9999.0,-9999.0,0.0,0,1,"time.struct_time(tm_year=2023, tm_mon=3, tm_mday=1, tm_hour=9, tm_min=53, tm_sec=0, tm_wday=2, tm_yday=60, tm_isdst=-1)",2023-03-01,2023,3,60,1,53,9,BUS02
2023-03-01 09:55:30,40.765686,-111.909645,1279.2,-9999.0,-9999.0,-9999.0,13.87,11.76,5.11,34.98,0.0,2.0,8.22,20.0,859.1,0.0,38.6,2.26,26.2,818.0,-9999.0,-9999.0,-9999.0,-9999.0,-9999.0,-9999.0,-9999.0,0.0,0,1,"time.struct_time(tm_year=2023, tm_mon=3, tm_mday=1, tm_hour=9, tm_min=55, tm_sec=30, tm_wday=2, tm_yday=60, tm_isdst=-1)",2023-03-01,2023,3,60,1,55,9,BUS02
2023-03-01 09:58:00,40.765686,-111.909645,1279.3,-9999.0,-9999.0,-9999.0,13.87,11.78,5.07,36.35,1.0,2.0,8.22,20.0,859.0,0.0,41.3,2.26,26.3,817.6,-9999.0,-9999.0,-9999.0,-9999.0,-9999.0,-9999.0,-9999.0,0.0,0,1,"time.struct_time(tm_year=2023, tm_mon=3, tm_mday=1, tm_hour=9, tm_min=58, tm_sec=0, tm_wday=2, tm_yday=60, tm_isdst=-1)",2023-03-01,2023,3,60,1,58,9,BUS02
2023-03-01 10:00:30,40.765701,-111.909645,1279.0,-9999.0,-9999.0,-9999.0,13.87,11.79,5.17,36.7,1.0,2.0,8.22,21.0,859.0,0.0,42.1,2.26,26.3,817.8,-9999.0,-9999.0,-9999.0,-9999.0,-9999.0,-9999.0,-9999.0,0.0,0,1,"time.struct_time(tm_year=2023, tm_mon=3, tm_mday=1, tm_hour=10, tm_min=0, tm_sec=30, tm_wday=2, tm_yday=60, tm_isdst=-1)",2023-03-01,2023,3,60,1,0,10,BUS02
2023-03-01 10:03:00,40.765701,-111.909637,1279.2,-9999.0,-9999.0,-9999.0,13.87,11.8,5.17,36.19,0.0,2.0,8.22,21.0,859.0,0.0,44.7,2.27,26.3,817.5,-9999.0,-9999.0,-9999.0,-9999.0,-9999.0,-9999.0,-9999.0,0.0,0,1,"time.struct_time(tm_year=2023, tm_mon=3, tm_mday=1, tm_hour=10, tm_min=3, tm_sec=0, tm_wday=2, tm_yday=60, tm_isdst=-1)",2023-03-01,2023,3,60,1,3,10,BUS02
2023-03-01 10:05:30,40.765717,-111.90963,1278.4,-9999.0,-9999.0,-9999.0,13.87,11.81,5.27,36.49,0.0,2.0,8.28,21.0,859.2,0.0,43.1,2.26,26.3,817.7,-9999.0,-9999.0,-9999.0,-9999.0,-9999.0,-9999.0,-9999.0,0.0,0,1,"time.struct_time(tm_year=2023, tm_mon=3, tm_mday=1, tm_hour=10, tm_min=5, tm_sec=30, tm_wday=2, tm_yday=60, tm_isdst=-1)",2023-03-01,2023,3,60,1,5,10,BUS02
2023-03-01 10:08:00,40.76572,-111.909622,1277.6,-9999.0,-9999.0,-9999.0,13.87,11.83,5.09,36.95,1.0,2.0,8.39,21.0,859.0,0.0,31.5,2.26,26.3,817.5,-9999.0,-9999.0,-9999.0,-9999.0,-9999.0,-9999.0,-9999.0,0.0,0,1,"time.struct_time(tm_year=2023, tm_mon=3, tm_mday=1, tm_hour=10, tm_min=8, tm_sec=0, tm_wday=2, tm_yday=60, tm_isdst=-1)",2023-03-01,2023,3,60,1,8,10,BUS02
2023-03-01 10:10:30,40.765724,-111.90963,1276.3,-9999.0,-9999.0,-9999.0,13.83,11.85,5.11,38.84,1.0,2.0,8.39,20.0,858.8,0.0,38.4,2.25,26.3,817.8,-9999.0,-9999.0,-9999.0,-9999.0,-9999.0,-9999.0,-9999.0,0.0,0,1,"time.struct_time(tm_year=2023, tm_mon=3, tm_mday=1, tm_hour=10, tm_min=10, tm_sec=30, tm_wday=2, tm_yday=60, tm_isdst=-1)",2023-03-01,2023,3,60,1,10,10,BUS02
2023-03-01 10:13:00,40.76572,-111.90963,1276.2,-9999.0,-9999.0,-9999.0,13.83,11.87,5.17,35.67,1.0,2.0,8.39,21.0,858.9,0.0,42.8,2.26,26.4,817.5,-9999.0,-9999.0,-9999.0,-9999.0,-9999.0,-9999.0,-9999.0,0.0,0,1,"time.struct_time(tm_year=2023, tm_mon=3, tm_mday=1, tm_hour=10, tm_min=13, tm_sec=0, tm_wday=2, tm_yday=60, tm_isdst=-1)",2023-03-01,2023,3,60,1,13,10,BUS02
2023-03-01 10:15:30,40.765717,-111.909645,1274.9,-9999.0,-9999.0,-9999.0,13.83,11.89,5.13,34.92,1.0,2.0,8.39,21.0,858.7,0.0,46.0,2.25,26.4,817.6,-9999.0,-9999.0,-9999.0,-9999.0,-9999.0,-9999.0,-9999.0,0.0,0,1,"time.struct_time(tm_year=2023, tm_mon=3, tm_mday=1, tm_hour=10, tm_min=15, tm_sec=30, tm_wday=2, tm_yday=60, tm_isdst=-1)",2023-03-01,2023,3,60,1,15,10,BUS02
2023-03-01 10:18:00,40.765724,-111.909645,1275.1,-9999.0,-9999.0,-9999.0,13.83,11.9,5.14,34.68,0.0,2.0,8.39,20.0,858.8,0.0,44.2,2.27,26.4,817.4,-9999.0,-9999.0,-9999.0,-9999.0,-9999.0,-9999.0,-9999.0,0.0,0,1,"time.struct_time(tm_year=2023, tm_mon=3, tm_mday=1, tm_hour=10, tm_min=18, tm_sec=0, tm_wday=2, tm_yday=60, tm_isdst=-1)",2023-03-01,2023,3,60,1,18,10,BUS02
2023-03-01 10:20:30,40.76572,-111.909637,1276.5,-9999.0,-9999.0,-9999.0,13.83,11.91,5.33,35.33,0.0,2.0,8.39,20.0,858.7,0.0,43.6,2.26,26.4,817.6,-9999.0,-9999.0,-9999.0,-9999.0,-9999.0,-9999.0,-9999.0,0.0,0,1,"time.struct_time(tm_year=2023, tm_mon=3, tm_mday=1, tm_hour=10, tm_min=20, tm_sec=30, tm_wday=2, tm_yday=60, tm_isdst=-1)",2023-03-01,2023,3,60,1,20,10,BUS02
2023-03-01 10:23:00,40.765724,-111.909637,1277.3,-9999.0,-9999.0,-9999.0,13.83,11.92,5.51,34.86,1.0,2.0,8.39,20.0,858.9,0.0,46.9,2.25,26.4,817.3,-9999.0,-9999.0,-9999.0,-9999.0,-9999.0,-9999.0,-9999.0,0.0,0,1,"time.struct_time(tm_year=2023, tm_mon=3, tm_mday=1, tm_hour=10, tm_min=23, tm_sec=0, tm_wday=2, tm_yday=60, tm_isdst=-1)",2023-03-01,2023,3,60,1,23,10,BUS02
2023-03-01 10:25:30,40.765732,-111.90963,1277.2,-9999.0,-9999.0,-9999.0,13.83,11.93,5.67,34.36,0.0,2.0,8.39,20.0,858.7,0.0,43.1,2.26,26.5,817.6,-9999.0,-9999.0,-9999.0,-9999.0,-9999.0,-9999.0,-9999.0,0.0,0,1,"time.struct_time(tm_year=2023, tm_mon=3, tm_mday=1, tm_hour=10, tm_min=25, tm_sec=30, tm_wday=2, tm_yday=60, tm_isdst=-1)",2023-03-01,2023,3,60,1,25,10,BUS02
2023-03-01 10:28:00,40.765743,-111.909645,1277.3,-9999.0,-9999.0,-9999.0,13.83,11.95,5.59,41.62,0.0,2.0,8.39,20.0,858.5,0.0,33.5,2.25,26.5,817.2,-9999.0,-9999.0,-9999.0,-9999.0,-9999.0,-9999.0,-9999.0,0.0,0,1,"time.struct_time(tm_year=2023, tm_mon=3, tm_mday=1, tm_hour=10, tm_min=28, tm_sec=0, tm_wday=2, tm_yday=60, tm_isdst=-1)",2023-03-01,2023,3,60,1,28,10,BUS02
2023-03-01 10:30:30,40.765739,-111.90966,1278.0,-9999.0,-9999.0,-9999.0,13.83,11.96,5.63,35.29,1.0,2.0,8.28,20.0,858.7,0.0,36.8,2.27,26.5,817.5,-9999.0,-9999.0,-9999.0,-9999.0,-9999.0,-9999.0,-9999.0,0.0,0,1,"time.struct_time(tm_year=2023, tm_mon=3, tm_mday=1, tm_hour=10, tm_min=30, tm_sec=30, tm_wday=2, tm_yday=60, tm_isdst=-1)",2023-03-01,2023,3,60,1,30,10,BUS02
2023-03-01 10:33:00,40.765762,-111.90966,1277.4,-9999.0,-9999.0,-9999.0,13.83,11.97,5.37,33.78,1.0,2.0,8.39,20.0,858.7,0.0,43.9,2.28,26.5,817.1,-9999.0,-9999.0,-9999.0,-9999.0,-9999.0,-9999.0,-9999.0,0.0,0,1,"time.struct_time(tm_year=2023, tm_mon=3, tm_mday=1, tm_hour=10, tm_min=33, tm_sec=0, tm_wday=2, tm_yday=60, tm_isdst=-1)",2023-03-01,2023,3,60,1,33,10,BUS02
2023-03-01 10:35:30,40.76577,-111.909645,1277.3,-9999.0,-9999.0,-9999.0,13.83,11.98,4.93,36.85,1.0,2.0,8.39,20.0,858.6,0.0,45.6,2.27,26.5,817.4,-9999.0,-9999.0,-9999.0,-9999.0,-9999.0,-9999.0,-9999.0,0.0,0,1,"time.struct_time(tm_year=2023, tm_mon=3, tm_mday=1, tm_hour=10, tm_min=35, tm_sec=30, tm_wday=2, tm_yday=60, tm_isdst=-1)",2023-03-01,2023,3,60,1,35,10,BUS02
2023-03-01 10:38:00,40.765766,-111.909653,1277.9,-9999.0,-9999.0,-9999.0,13.83,11.99,4.61,36.81,1.0,2.0,8.5,20.0,858.7,0.0,36.8,2.27,26.5,817.0,-9999.0,-9999.0,-9999.0,-9999.0,-9999.0,-9999.0,-9999.0,0.0,0,1,"time.struct_time(tm_year=2023, tm_mon=3, tm_mday=1, tm_hour=10, tm_min=38, tm_sec=0, tm_wday=2, tm_yday=60, tm_isdst=-1)",2023-03-01,2023,3,60,1,38,10,BUS02
2023-03-01 10:40:30,40.765774,-111.90966,1277.8,-9999.0,-9999.0,-9999.0,13.83,12.0,4.34,38.59,1.0,2.0,8.5,21.0,858.4,0.0,45.5,2.27,26.5,817.4,-9999.0,-9999.0,-9999.0,-9999.0,-9999.0,-9999.0,-9999.0,0.0,0,1,"time.struct_time(tm_year=2023, tm_mon=3, tm_mday=1, tm_hour=10, tm_min=40, tm_sec=30, tm_wday=2, tm_yday=60, tm_isdst=-1)",2023-03-01,2023,3,60,1,40,10,BUS02
2023-03-01 10:43:00,40.765774,-111.90966,1277.6,-9999.0,-9999.0,-9999.0,13.83,12.01,4.1,38.86,1.0,2.0,8.5,21.0,858.5,0.0,45.0,2.27,26.5,817.2,-9999.0,-9999.0,-9999.0,-9999.0,-9999.0,-9999.0,-9999.0,0.0,0,1,"time.struct_time(tm_year=2023, tm_mon=3, tm_mday=1, tm_hour=10, tm_min=43, tm_sec=0, tm_wday=2, tm_yday=60, tm_isdst=-1)",2023-03-01,2023,3,60,1,43,10,BUS02
2023-03-01 10:45:30,40.765762,-111.909653,1278.2,-9999.0,-9999.0,-9999.0,13.83,12.01,3.96,39.1,1.0,2.0,8.5,21.0,858.3,0.0,37.4,2.25,26.6,817.3,-9999.0,-9999.0,-9999.0,-9999.0,-9999.0,-9999.0,-9999.0,0.0,0,1,"time.struct_time(tm_year=2023, tm_mon=3, tm_mday=1, tm_hour=10, tm_min=45, tm_sec=30, tm_wday=2, tm_yday=60, tm_isdst=-1)",2023-03-01,2023,3,60,1,45,10,BUS02
2023-03-01 10:49:05,40.765774,-111.90966,1278.9,-9999.0,-9999.0,-9999.0,13.83,12.01,3.88,39.78,1.0,2.0,8.5,21.0,858.4,0.0,35.0,2.27,26.6,817.2,-9999.0,-9999.0,-9999.0,-9999.0,-9999.0,-9999.0,-9999.0,0.0,0,1,"time.struct_time(tm_year=2023, tm_mon=3, tm_mday=1, tm_hour=10, tm_min=49, tm_sec=5, tm_wday=2, tm_yday=60, tm_isdst=-1)",2023-03-01,2023,3,60,1,49,10,BUS02
2023-03-01 10:51:35,40.765778,-111.909668,1278.9,-9999.0,-9999.0,-9999.0,13.83,12.0,3.96,39.94,1.0,2.0,8.5,21.0,858.5,0.0,23.3,2.27,26.6,817.0,-9999.0,-9999.0,-9999.0,-9999.0,-9999.0,-9999.0,-9999.0,0.0,0,1,"time.struct_time(tm_year=2023, tm_mon=3, tm_mday=1, tm_hour=10, tm_min=51, tm_sec=35, tm_wday=2, tm_yday=60, tm_isdst=-1)",2023-03-01,2023,3,60,1,51,10,BUS02
2023-03-01 10:54:05,40.765766,-111.909683,1278.4,-9999.0,-9999.0,-9999.0,13.83,12.0,4.06,40.24,1.0,2.0,8.5,21.0,858.5,0.0,15.0,2.26,26.6,817.1,-9999.0,-9999.0,-9999.0,-9999.0,-9999.0,-9999.0,-9999.0,0.0,0,1,"time.struct_time(tm_year=2023, tm_mon=3, tm_mday=1, tm_hour=10, tm_min=54, tm_sec=5, tm_wday=2, tm_yday=60, tm_isdst=-1)",2023-03-01,2023,3,60,1,54,10,BUS02
2023-03-01 10:56:35,40.765774,-111.909698,1278.2,-9999.0,-9999.0,-9999.0,13.83,12.0,4.29,38.0,1.0,2.0,8.5,21.0,858.3,0.0,17.6,2.28,26.6,816.8,-9999.0,-9999.0,-9999.0,-9999.0,-9999.0,-9999.0,-9999.0,0.0,0,1,"time.struct_time(tm_year=2023, tm_mon=3, tm_mday=1, tm_hour=10, tm_min=56, tm_sec=35, tm_wday=2, tm_yday=60, tm_isdst=-1)",2023-03-01,2023,3,60,1,56,10,BUS02
2023-03-01 10:59:05,40.765781,-111.909698,1277.8,-9999.0,-9999.0,-9999.0,13.83,12.0,4.36,37.96,1.0,2.0,8.5,21.0,858.1,0.0,12.9,2.27,26.6,817.1,-9999.0,-9999.0,-9999.0,-9999.0,-9999.0,-9999.0,-9999.0,0.0,0,1,"time.struct_time(tm_year=2023, tm_mon=3, tm_mday=1, tm_hour=10, tm_min=59, tm_sec=5, tm_wday=2, tm_yday=60, tm_isdst=-1)",2023-03-01,2023,3,60,1,59,10,BUS02
2023-03-01 11:01:35,40.765797,-111.909706,1278.7,-9999.0,-9999.0,-9999.0,13.83,12.01,4.4,36.72,1.0,2.0,8.5,21.0,858.3,0.0,19.5,2.26,26.6,816.8,-9999.0,-9999.0,-9999.0,-9999.0,-9999.0,-9999.0,-9999.0,0.0,0,1,"time.struct_time(tm_year=2023, tm_mon=3, tm_mday=1, tm_hour=11, tm_min=1, tm_sec=35, tm_wday=2, tm_yday=60, tm_isdst=-1)",2023-03-01,2023,3,60,1,1,11,BUS02
2023-03-01 11:04:05,40.765789,-111.909698,1278.3,-9999.0,-9999.0,-9999.0,13.83,12.02,4.65,35.74,5.0,2.0,8.5,21.0,858.1,0.0,29.2,2.26,26.6,817.0,-9999.0,-9999.0,-9999.0,-9999.0,-9999.0,-9999.0,-9999.0,0.0,0,1,"time.struct_time(tm_year=2023, tm_mon=3, tm_mday=1, tm_hour=11, tm_min=4, tm_sec=5, tm_wday=2, tm_yday=60, tm_isdst=-1)",2023-03-01,2023,3,60,1,4,11,BUS02
2023-03-01 11:06:35,40.765789,-111.909706,1279.1,-9999.0,-9999.0,-9999.0,13.83,12.03,4.87,37.37,2.0,2.0,8.61,20.0,858.2,0.0,17.8,2.28,26.7,816.8,-9999.0,-9999.0,-9999.0,-9999.0,-9999.0,-9999.0,-9999.0,0.0,0,1,"time.struct_time(tm_year=2023, tm_mon=3, tm_mday=1, tm_hour=11, tm_min=6, tm_sec=35, tm_wday=2, tm_yday=60, tm_isdst=-1)",2023-03-01,2023,3,60,1,6,11,BUS02
2023-03-01 11:09:05,40.765793,-111.909698,1280.0,-9999.0,-9999.0,-9999.0,13.83,12.04,4.87,36.1,2.0,2.0,8.61,20.0,858.1,0.0,33.0,2.26,26.7,817.0,-9999.0,-9999.0,-9999.0,-9999.0,-9999.0,-9999.0,-9999.0,0.0,0,1,"time.struct_time(tm_year=2023, tm_mon=3, tm_mday=1, tm_hour=11, tm_min=9, tm_sec=5, tm_wday=2, tm_yday=60, tm_isdst=-1)",2023-03-01,2023,3,60,1,9,11,BUS02
2023-03-01 11:11:35,40.7658,-111.909698,1280.2,-9999.0,-9999.0,-9999.0,13.83,12.05,4.79,37.44,1.0,2.0,8.61,20.0,858.3,0.0,30.0,2.27,26.7,816.7,-9999.0,-9999.0,-9999.0,-9999.0,-9999.0,-9999.0,-9999.0,0.0,0,1,"time.struct_time(tm_year=2023, tm_mon=3, tm_mday=1, tm_hour=11, tm_min=11, tm_sec=35, tm_wday=2, tm_yday=60, tm_isdst=-1)",2023-03-01,2023,3,60,1,11,11,BUS02
2023-03-01 11:14:05,40.765793,-111.909691,1281.6,-9999.0,-9999.0,-9999.0,13.83,12.06,4.75,37.35,2.0,2.0,8.61,20.0,858.2,0.0,20.7,2.28,26.7,817.0,-9999.0,-9999.0,-9999.0,-9999.0,-9999.0,-9999.0,-9999.0,0.0,0,1,"time.struct_time(tm_year=2023, tm_mon=3, tm_mday=1, tm_hour=11, tm_min=14, tm_sec=5, tm_wday=2, tm_yday=60, tm_isdst=-1)",2023-03-01,2023,3,60,1,14,11,BUS02
2023-03-01 11:16:35,40.765774,-111.909691,1282.1,-9999.0,-9999.0,-9999.0,13.83,12.07,4.71,37.09,2.0,2.0,8.61,20.0,858.0,0.0,26.6,2.26,26.7,816.6,-9999.0,-9999.0,-9999.0,-9999.0,-9999.0,-9999.0,-9999.0,0.0,0,1,"time.struct_time(tm_year=2023, tm_mon=3, tm_mday=1, tm_hour=11, tm_min=16, tm_sec=35, tm_wday=2, tm_yday=60, tm_isdst=-1)",2023-03-01,2023,3,60,1,16,11,BUS02
2023-03-01 11:19:05,40.76577,-111.909683,1281.8,-9999.0,-9999.0,-9999.0,13.83,12.07,4.75,35.45,1.0,2.0,8.61,20.0,858.0,0.0,31.3,2.25,26.7,817.0,-9999.0,-9999.0,-9999.0,-9999.0,-9999.0,-9999.0,-9999.0,0.0,0,1,"time.struct_time(tm_year=2023, tm_mon=3, tm_mday=1, tm_hour=11, tm_min=19, tm_sec=5, tm_wday=2, tm_yday=60, tm_isdst=-1)",2023-03-01,2023,3,60,1,19,11,BUS02
2023-03-01 11:21:35,40.765766,-111.909683,1281.8,-9999.0,-9999.0,-9999.0,13.83,12.08,5.03,36.11,2.0,2.0,8.61,20.0,858.0,0.0,40.1,2.26,26.7,816.6,-9999.0,-9999.0,-9999.0,-9999.0,-9999.0,-9999.0,-9999.0,0.0,0,1,"time.struct_time(tm_year=2023, tm_mon=3, tm_mday=1, tm_hour=11, tm_min=21, tm_sec=35, tm_wday=2, tm_yday=60, tm_isdst=-1)",2023-03-01,2023,3,60,1,21,11,BUS02
2023-03-01 11:24:05,40.765774,-111.909698,1281.7,-9999.0,-9999.0,-9999.0,13.83,12.09,5.47,34.25,1.0,2.0,8.5,20.0,858.2,0.0,31.0,2.26,26.7,816.8,-9999.0,-9999.0,-9999.0,-9999.0,-9999.0,-9999.0,-9999.0,0.0,0,1,"time.struct_time(tm_year=2023, tm_mon=3, tm_mday=1, tm_hour=11, tm_min=24, tm_sec=5, tm_wday=2, tm_yday=60, tm_isdst=-1)",2023-03-01,2023,3,60,1,24,11,BUS02
2023-03-01 11:26:35,40.765766,-111.909714,1281.1,-9999.0,-9999.0,-9999.0,13.83,12.09,5.41,33.94,1.0,2.0,8.5,20.0,858.1,0.0,27.2,2.27,26.7,816.5,-9999.0,-9999.0,-9999.0,-9999.0,-9999.0,-9999.0,-9999.0,0.0,0,1,"time.struct_time(tm_year=2023, tm_mon=3, tm_mday=1, tm_hour=11, tm_min=26, tm_sec=35, tm_wday=2, tm_yday=60, tm_isdst=-1)",2023-03-01,2023,3,60,1,26,11,BUS02
2023-03-01 11:29:05,40.765766,-111.909721,1281.1,-9999.0,-9999.0,-9999.0,13.83,12.1,5.39,35.27,1.0,2.0,8.5,20.0,858.2,0.0,40.4,2.27,26.7,816.8,-9999.0,-9999.0,-9999.0,-9999.0,-9999.0,-9999.0,-9999.0,0.0,0,1,"time.struct_time(tm_year=2023, tm_mon=3, tm_mday=1, tm_hour=11, tm_min=29, tm_sec=5, tm_wday=2, tm_yday=60, tm_isdst=-1)",2023-03-01,2023,3,60,1,29,11,BUS02
