Timestamp_UTC,Latitude_ddeg,Longitude_ddeg,Elevation_m,GPS_Speed_m/s,GPS_Direction_deg,GPS_RMC_Valid_binary,Battery_Voltage_volts,Bus_Box_Temperature_degC,Bus_Top_Temperature_degC,Bus_Top_Relative_Humidity_%,ES642_PM2.5_Concentration_ug/m3,ES642_Air_Flow_Rate_L/min,ES642_Internal_Air_Temperature_degC,ES642_Internal_Relative_Humidity_%,ES642_Internal_Air_Pressure_hpa,ES642_Error_Code_code,2B_Ozone_Concentration_ppbv,2B_Air_Flow_Rate_L/min,2B_Internal_Air_Temperature_degC,2B_Internal_Air_Pressure_hpa,2B405_NO_Concentration_ppbv,2B405_NO2_Concentration_ppbv,2B405_NOX_Concentration_ppbv,2B405_Internal_Air_Temperature_degC,2B405_Internal_Air_Pressure_hpa,2B405_Air_Flow_Rate_L/min,2B405_Cell_O3_Flow_Rate_mL/min,PM2.5_Data_Flagged_binary,Ozone_Data_Flagged_binary,GPS_Data_Flagged_binary,Time_Tuple,Date,Year,Month,Day_of_Year,Day_of_Month,Minute
2022-05-24 16:36:40,40.765705,-111.908501,1275.2,-9999.0,-9999.0,-9999.0,13.73,20.73,20.65,19.48,3.0,2.0,20.39,20.0,873.6,0.0,12.4,2.17,28.3,825.3,-9999.0,-9999.0,-9999.0,-9999.0,-9999.0,-9999.0,-9999.0,0.0,0,1,"time.struct_time(tm_year=2022, tm_mon=5, tm_mday=24, tm_hour=16, tm_min=36, tm_sec=40, tm_wday=1, tm_yday=144, tm_isdst=-1)",2022-05-24,2022,5,144,24,36
2022-05-24 16:39:10,40.765663,-111.908051,1302.0,-9999.0,-9999.0,-9999.0,13.73,20.88,20.7,23.09,10.0,2.0,20.61,22.0,873.3,0.0,9.7,2.17,28.9,825.7,-9999.0,-9999.0,-9999.0,-9999.0,-9999.0,-9999.0,-9999.0,0.0,0,1,"time.struct_time(tm_year=2022, tm_mon=5, tm_mday=24, tm_hour=16, tm_min=39, tm_sec=10, tm_wday=1, tm_yday=144, tm_isdst=-1)",2022-05-24,2022,5,144,24,39
2022-05-24 16:41:40,40.765663,-111.908844,1292.9,-9999.0,-9999.0,-9999.0,13.74,21.03,20.68,21.45,7.0,2.0,20.72,22.0,873.3,0.0,9.0,2.18,29.5,825.3,-9999.0,-9999.0,-9999.0,-9999.0,-9999.0,-9999.0,-9999.0,0.0,0,1,"time.struct_time(tm_year=2022, tm_mon=5, tm_mday=24, tm_hour=16, tm_min=41, tm_sec=40, tm_wday=1, tm_yday=144, tm_isdst=-1)",2022-05-24,2022,5,144,24,41
2022-05-24 16:44:10,40.765675,-111.908813,1292.1,-9999.0,-9999.0,-9999.0,13.74,21.19,20.74,19.81,4.0,2.0,20.78,22.0,873.5,0.0,11.5,2.19,30.0,825.7,-9999.0,-9999.0,-9999.0,-9999.0,-9999.0,-9999.0,-9999.0,0.0,0,1,"time.struct_time(tm_year=2022, tm_mon=5, tm_mday=24, tm_hour=16, tm_min=44, tm_sec=10, tm_wday=1, tm_yday=144, tm_isdst=-1)",2022-05-24,2022,5,144,24,44
2022-05-24 16:46:40,40.765701,-111.908775,1294.7,-9999.0,-9999.0,-9999.0,13.74,21.34,20.8,19.57,5.0,2.0,21.0,22.0,873.6,0.0,6.4,2.19,30.5,825.3,-9999.0,-9999.0,-9999.0,-9999.0,-9999.0,-9999.0,-9999.0,0.0,0,1,"time.struct_time(tm_year=2022, tm_mon=5, tm_mday=24, tm_hour=16, tm_min=46, tm_sec=40, tm_wday=1, tm_yday=144, tm_isdst=-1)",2022-05-24,2022,5,144,24,46
2022-05-24 16:49:10,40.765732,-111.90873,1288.8,-9999.0,-9999.0,-9999.0,13.74,21.49,20.82,19.52,4.0,2.0,21.11,21.0,873.7,0.0,6.6,2.18,30.9,825.8,-9999.0,-9999.0,-9999.0,-9999.0,-9999.0,-9999.0,-9999.0,0.0,0,1,"time.struct_time(tm_year=2022, tm_mon=5, tm_mday=24, tm_hour=16, tm_min=49, tm_sec=10, tm_wday=1, tm_yday=144, tm_isdst=-1)",2022-05-24,2022,5,144,24,49
2022-05-24 16:51:40,40.765678,-111.908737,1287.9,-9999.0,-9999.0,-9999.0,13.73,21.63,20.84,19.3,5.0,2.0,21.22,21.0,873.4,0.0,5.0,2.19,31.3,825.2,-9999.0,-9999.0,-9999.0,-9999.0,-9999.0,-9999.0,-9999.0,0.0,0,1,"time.struct_time(tm_year=2022, tm_mon=5, tm_mday=24, tm_hour=16, tm_min=51, tm_sec=40, tm_wday=1, tm_yday=144, tm_isdst=-1)",2022-05-24,2022,5,144,24,51
2022-05-24 16:54:10,40.765774,-111.90889,1289.3,-9999.0,-9999.0,-9999.0,13.7,21.78,20.86,19.65,3.0,2.0,21.28,21.0,873.3,0.0,8.5,2.2,31.7,825.5,-9999.0,-9999.0,-9999.0,-9999.0,-9999.0,-9999.0,-9999.0,0.0,0,1,"time.struct_time(tm_year=2022, tm_mon=5, tm_mday=24, tm_hour=16, tm_min=54, tm_sec=10, tm_wday=1, tm_yday=144, tm_isdst=-1)",2022-05-24,2022,5,144,24,54
2022-05-24 16:56:40,40.765697,-111.908905,1290.6,-9999.0,-9999.0,-9999.0,13.7,21.92,20.9,21.91,9.0,2.0,21.39,21.0,873.3,0.0,-1.5,2.2,32.0,825.2,-9999.0,-9999.0,-9999.0,-9999.0,-9999.0,-9999.0,-9999.0,0.0,0,1,"time.struct_time(tm_year=2022, tm_mon=5, tm_mday=24, tm_hour=16, tm_min=56, tm_sec=40, tm_wday=1, tm_yday=144, tm_isdst=-1)",2022-05-24,2022,5,144,24,56
2022-05-24 16:59:10,40.765759,-111.908821,1290.8,-9999.0,-9999.0,-9999.0,13.7,22.06,20.95,23.13,14.0,2.0,21.5,23.0,873.1,0.0,3.1,2.21,32.4,825.5,-9999.0,-9999.0,-9999.0,-9999.0,-9999.0,-9999.0,-9999.0,0.0,0,1,"time.struct_time(tm_year=2022, tm_mon=5, tm_mday=24, tm_hour=16, tm_min=59, tm_sec=10, tm_wday=1, tm_yday=144, tm_isdst=-1)",2022-05-24,2022,5,144,24,59
2022-05-24 17:01:40,40.765675,-111.908844,1291.2,-9999.0,-9999.0,-9999.0,13.7,22.19,21.03,22.06,10.0,2.0,21.61,22.0,873.1,0.0,2.0,2.2,32.7,825.1,-9999.0,-9999.0,-9999.0,-9999.0,-9999.0,-9999.0,-9999.0,0.0,0,1,"time.struct_time(tm_year=2022, tm_mon=5, tm_mday=24, tm_hour=17, tm_min=1, tm_sec=40, tm_wday=1, tm_yday=144, tm_isdst=-1)",2022-05-24,2022,5,144,24,1
2022-05-24 17:04:10,40.765743,-111.908546,1289.2,-9999.0,-9999.0,-9999.0,13.7,22.33,21.07,20.65,8.0,2.0,21.72,22.0,873.4,0.0,-3.0,2.2,33.0,825.5,-9999.0,-9999.0,-9999.0,-9999.0,-9999.0,-9999.0,-9999.0,0.0,0,1,"time.struct_time(tm_year=2022, tm_mon=5, tm_mday=24, tm_hour=17, tm_min=4, tm_sec=10, tm_wday=1, tm_yday=144, tm_isdst=-1)",2022-05-24,2022,5,144,24,4
2022-05-24 17:06:40,40.765797,-111.908882,1293.9,-9999.0,-9999.0,-9999.0,13.7,22.46,21.1,19.56,4.0,2.0,21.78,22.0,873.2,0.0,-1.5,2.2,33.2,825.1,-9999.0,-9999.0,-9999.0,-9999.0,-9999.0,-9999.0,-9999.0,0.0,0,1,"time.struct_time(tm_year=2022, tm_mon=5, tm_mday=24, tm_hour=17, tm_min=6, tm_sec=40, tm_wday=1, tm_yday=144, tm_isdst=-1)",2022-05-24,2022,5,144,24,6
2022-05-24 17:09:10,40.765747,-111.908615,1295.1,-9999.0,-9999.0,-9999.0,13.7,22.58,21.15,19.79,5.0,2.0,21.89,21.0,873.4,0.0,0.3,2.23,33.5,825.5,-9999.0,-9999.0,-9999.0,-9999.0,-9999.0,-9999.0,-9999.0,0.0,0,1,"time.struct_time(tm_year=2022, tm_mon=5, tm_mday=24, tm_hour=17, tm_min=9, tm_sec=10, tm_wday=1, tm_yday=144, tm_isdst=-1)",2022-05-24,2022,5,144,24,9
2022-05-24 17:11:40,40.765751,-111.908638,1295.6,-9999.0,-9999.0,-9999.0,13.7,22.7,21.19,19.25,3.0,2.0,22.0,20.0,873.2,0.0,0.1,2.21,33.7,825.1,-9999.0,-9999.0,-9999.0,-9999.0,-9999.0,-9999.0,-9999.0,0.0,0,1,"time.struct_time(tm_year=2022, tm_mon=5, tm_mday=24, tm_hour=17, tm_min=11, tm_sec=40, tm_wday=1, tm_yday=144, tm_isdst=-1)",2022-05-24,2022,5,144,24,11
2022-05-24 17:14:10,40.765713,-111.908585,1298.1,-9999.0,-9999.0,-9999.0,13.7,22.82,21.24,18.82,2.0,2.0,22.11,20.0,873.3,0.0,0.9,2.23,34.0,825.5,-9999.0,-9999.0,-9999.0,-9999.0,-9999.0,-9999.0,-9999.0,0.0,0,1,"time.struct_time(tm_year=2022, tm_mon=5, tm_mday=24, tm_hour=17, tm_min=14, tm_sec=10, tm_wday=1, tm_yday=144, tm_isdst=-1)",2022-05-24,2022,5,144,24,14
2022-05-24 17:16:40,40.765636,-111.908508,1298.9,-9999.0,-9999.0,-9999.0,13.7,22.93,21.33,18.33,3.0,2.0,22.22,20.0,873.2,0.0,1.6,2.21,34.2,825.1,-9999.0,-9999.0,-9999.0,-9999.0,-9999.0,-9999.0,-9999.0,0.0,0,1,"time.struct_time(tm_year=2022, tm_mon=5, tm_mday=24, tm_hour=17, tm_min=16, tm_sec=40, tm_wday=1, tm_yday=144, tm_isdst=-1)",2022-05-24,2022,5,144,24,16
2022-05-24 17:19:10,40.765686,-111.908508,1301.5,-9999.0,-9999.0,-9999.0,13.7,23.04,21.37,18.23,3.0,2.0,22.28,19.0,873.4,0.0,2.1,2.22,34.4,825.5,-9999.0,-9999.0,-9999.0,-9999.0,-9999.0,-9999.0,-9999.0,0.0,0,1,"time.struct_time(tm_year=2022, tm_mon=5, tm_mday=24, tm_hour=17, tm_min=19, tm_sec=10, tm_wday=1, tm_yday=144, tm_isdst=-1)",2022-05-24,2022,5,144,24,19
2022-05-24 17:22:45,40.765678,-111.908646,1296.6,-9999.0,-9999.0,-9999.0,13.7,23.2,21.43,17.32,2.0,2.0,22.39,19.0,873.5,0.0,5.5,2.22,34.7,825.6,-9999.0,-9999.0,-9999.0,-9999.0,-9999.0,-9999.0,-9999.0,0.0,0,1,"time.struct_time(tm_year=2022, tm_mon=5, tm_mday=24, tm_hour=17, tm_min=22, tm_sec=45, tm_wday=1, tm_yday=144, tm_isdst=-1)",2022-05-24,2022,5,144,24,22
2022-05-24 17:25:15,40.765759,-111.908745,1297.8,-9999.0,-9999.0,-9999.0,13.7,23.3,21.47,16.67,2.0,2.0,22.5,18.0,873.5,0.0,10.2,2.22,34.9,825.1,-9999.0,-9999.0,-9999.0,-9999.0,-9999.0,-9999.0,-9999.0,0.0,0,1,"time.struct_time(tm_year=2022, tm_mon=5, tm_mday=24, tm_hour=17, tm_min=25, tm_sec=15, tm_wday=1, tm_yday=144, tm_isdst=-1)",2022-05-24,2022,5,144,24,25
2022-05-24 17:27:45,40.765751,-111.908531,1298.9,-9999.0,-9999.0,-9999.0,13.7,23.4,21.54,17.04,3.0,2.0,22.61,18.0,873.2,0.0,11.6,2.22,35.0,825.5,-9999.0,-9999.0,-9999.0,-9999.0,-9999.0,-9999.0,-9999.0,0.0,0,1,"time.struct_time(tm_year=2022, tm_mon=5, tm_mday=24, tm_hour=17, tm_min=27, tm_sec=45, tm_wday=1, tm_yday=144, tm_isdst=-1)",2022-05-24,2022,5,144,24,27
2022-05-24 17:30:15,40.765759,-111.90863,1296.3,-9999.0,-9999.0,-9999.0,13.7,23.5,21.59,16.69,3.0,2.0,22.61,18.0,873.5,0.0,18.3,2.23,35.2,825.2,-9999.0,-9999.0,-9999.0,-9999.0,-9999.0,-9999.0,-9999.0,0.0,0,1,"time.struct_time(tm_year=2022, tm_mon=5, tm_mday=24, tm_hour=17, tm_min=30, tm_sec=15, tm_wday=1, tm_yday=144, tm_isdst=-1)",2022-05-24,2022,5,144,24,30
2022-05-24 17:34:05,40.765846,-111.908386,1294.3,-9999.0,-9999.0,-9999.0,13.7,23.64,21.63,16.67,2.0,2.0,22.72,18.0,873.4,0.0,11.4,2.22,35.4,825.5,-9999.0,-9999.0,-9999.0,-9999.0,-9999.0,-9999.0,-9999.0,0.0,0,1,"time.struct_time(tm_year=2022, tm_mon=5, tm_mday=24, tm_hour=17, tm_min=34, tm_sec=5, tm_wday=1, tm_yday=144, tm_isdst=-1)",2022-05-24,2022,5,144,24,34
2022-05-24 17:36:35,40.76572,-111.908508,1293.9,-9999.0,-9999.0,-9999.0,13.7,23.73,21.66,16.67,2.0,2.0,22.78,17.0,873.4,0.0,9.7,2.23,35.5,825.1,-9999.0,-9999.0,-9999.0,-9999.0,-9999.0,-9999.0,-9999.0,0.0,0,1,"time.struct_time(tm_year=2022, tm_mon=5, tm_mday=24, tm_hour=17, tm_min=36, tm_sec=35, tm_wday=1, tm_yday=144, tm_isdst=-1)",2022-05-24,2022,5,144,24,36
2022-05-24 17:39:05,40.765594,-111.908394,1290.2,-9999.0,-9999.0,-9999.0,13.7,23.82,21.68,16.79,2.0,2.0,22.89,18.0,873.4,0.0,12.6,2.22,35.7,825.5,-9999.0,-9999.0,-9999.0,-9999.0,-9999.0,-9999.0,-9999.0,0.0,0,1,"time.struct_time(tm_year=2022, tm_mon=5, tm_mday=24, tm_hour=17, tm_min=39, tm_sec=5, tm_wday=1, tm_yday=144, tm_isdst=-1)",2022-05-24,2022,5,144,24,39
2022-05-24 17:41:35,40.765705,-111.908936,1281.3,-9999.0,-9999.0,-9999.0,13.7,23.91,21.72,16.48,2.0,2.0,22.89,17.0,873.3,0.0,11.2,2.23,35.8,825.1,-9999.0,-9999.0,-9999.0,-9999.0,-9999.0,-9999.0,-9999.0,0.0,0,1,"time.struct_time(tm_year=2022, tm_mon=5, tm_mday=24, tm_hour=17, tm_min=41, tm_sec=35, tm_wday=1, tm_yday=144, tm_isdst=-1)",2022-05-24,2022,5,144,24,41
2022-05-24 17:44:05,40.76582,-111.908463,1280.4,-9999.0,-9999.0,-9999.0,13.7,23.99,21.73,16.73,2.0,2.0,23.0,17.0,873.3,0.0,12.4,2.22,36.0,825.5,-9999.0,-9999.0,-9999.0,-9999.0,-9999.0,-9999.0,-9999.0,0.0,0,1,"time.struct_time(tm_year=2022, tm_mon=5, tm_mday=24, tm_hour=17, tm_min=44, tm_sec=5, tm_wday=1, tm_yday=144, tm_isdst=-1)",2022-05-24,2022,5,144,24,44
2022-05-24 17:46:35,40.765671,-111.908623,1279.8,-9999.0,-9999.0,-9999.0,13.7,24.07,21.76,16.51,3.0,2.0,23.11,17.0,873.5,0.0,11.1,2.23,36.1,825.1,-9999.0,-9999.0,-9999.0,-9999.0,-9999.0,-9999.0,-9999.0,0.0,0,1,"time.struct_time(tm_year=2022, tm_mon=5, tm_mday=24, tm_hour=17, tm_min=46, tm_sec=35, tm_wday=1, tm_yday=144, tm_isdst=-1)",2022-05-24,2022,5,144,24,46
2022-05-24 17:49:05,40.765686,-111.908745,1280.1,-9999.0,-9999.0,-9999.0,13.7,24.15,21.77,16.59,3.0,2.0,23.11,17.0,873.4,0.0,9.8,2.21,36.2,825.6,-9999.0,-9999.0,-9999.0,-9999.0,-9999.0,-9999.0,-9999.0,0.0,0,1,"time.struct_time(tm_year=2022, tm_mon=5, tm_mday=24, tm_hour=17, tm_min=49, tm_sec=5, tm_wday=1, tm_yday=144, tm_isdst=-1)",2022-05-24,2022,5,144,24,49
2022-05-24 17:51:35,40.765648,-111.909012,1276.9,-9999.0,-9999.0,-9999.0,13.7,24.23,21.8,16.34,3.0,2.0,23.22,17.0,873.3,0.0,8.0,2.23,36.3,825.2,-9999.0,-9999.0,-9999.0,-9999.0,-9999.0,-9999.0,-9999.0,0.0,0,1,"time.struct_time(tm_year=2022, tm_mon=5, tm_mday=24, tm_hour=17, tm_min=51, tm_sec=35, tm_wday=1, tm_yday=144, tm_isdst=-1)",2022-05-24,2022,5,144,24,51
2022-05-24 17:54:05,40.765759,-111.908684,1278.2,-9999.0,-9999.0,-9999.0,13.7,24.3,21.82,16.3,3.0,2.0,23.22,17.0,873.4,0.0,7.3,2.23,36.4,825.6,-9999.0,-9999.0,-9999.0,-9999.0,-9999.0,-9999.0,-9999.0,0.0,0,1,"time.struct_time(tm_year=2022, tm_mon=5, tm_mday=24, tm_hour=17, tm_min=54, tm_sec=5, tm_wday=1, tm_yday=144, tm_isdst=-1)",2022-05-24,2022,5,144,24,54
2022-05-24 17:56:35,40.765732,-111.908836,1281.0,-9999.0,-9999.0,-9999.0,13.7,24.37,21.83,16.5,2.0,2.0,23.28,16.0,873.4,0.0,9.9,2.25,36.5,825.2,-9999.0,-9999.0,-9999.0,-9999.0,-9999.0,-9999.0,-9999.0,0.0,0,1,"time.struct_time(tm_year=2022, tm_mon=5, tm_mday=24, tm_hour=17, tm_min=56, tm_sec=35, tm_wday=1, tm_yday=144, tm_isdst=-1)",2022-05-24,2022,5,144,24,56
2022-05-24 17:59:05,40.765793,-111.908691,1281.4,-9999.0,-9999.0,-9999.0,13.7,24.44,21.85,16.25,2.0,2.0,23.39,16.0,873.2,0.0,9.1,2.23,36.6,825.4,-9999.0,-9999.0,-9999.0,-9999.0,-9999.0,-9999.0,-9999.0,0.0,0,1,"time.struct_time(tm_year=2022, tm_mon=5, tm_mday=24, tm_hour=17, tm_min=59, tm_sec=5, tm_wday=1, tm_yday=144, tm_isdst=-1)",2022-05-24,2022,5,144,24,59
2022-05-24 18:01:35,40.765759,-111.908775,1281.9,-9999.0,-9999.0,-9999.0,13.7,24.51,21.87,16.36,3.0,2.0,23.39,16.0,873.5,0.0,9.1,2.25,36.7,825.1,-9999.0,-9999.0,-9999.0,-9999.0,-9999.0,-9999.0,-9999.0,0.0,0,1,"time.struct_time(tm_year=2022, tm_mon=5, tm_mday=24, tm_hour=18, tm_min=1, tm_sec=35, tm_wday=1, tm_yday=144, tm_isdst=-1)",2022-05-24,2022,5,144,24,1
2022-05-24 18:04:05,40.765781,-111.908524,1283.6,-9999.0,-9999.0,-9999.0,13.7,24.58,21.88,15.99,2.0,2.0,23.39,16.0,873.3,0.0,12.0,2.23,36.8,825.4,-9999.0,-9999.0,-9999.0,-9999.0,-9999.0,-9999.0,-9999.0,0.0,0,1,"time.struct_time(tm_year=2022, tm_mon=5, tm_mday=24, tm_hour=18, tm_min=4, tm_sec=5, tm_wday=1, tm_yday=144, tm_isdst=-1)",2022-05-24,2022,5,144,24,4
2022-05-24 18:06:35,40.765717,-111.908844,1282.1,-9999.0,-9999.0,-9999.0,13.7,24.64,21.95,16.27,2.0,2.0,23.5,16.0,873.2,0.0,9.9,2.23,36.9,825.0,-9999.0,-9999.0,-9999.0,-9999.0,-9999.0,-9999.0,-9999.0,0.0,0,1,"time.struct_time(tm_year=2022, tm_mon=5, tm_mday=24, tm_hour=18, tm_min=6, tm_sec=35, tm_wday=1, tm_yday=144, tm_isdst=-1)",2022-05-24,2022,5,144,24,6
2022-05-24 18:09:05,40.765858,-111.909081,1283.8,-9999.0,-9999.0,-9999.0,13.7,24.7,21.91,15.69,2.0,2.0,23.61,16.0,873.1,0.0,14.6,2.23,37.0,825.4,-9999.0,-9999.0,-9999.0,-9999.0,-9999.0,-9999.0,-9999.0,0.0,0,1,"time.struct_time(tm_year=2022, tm_mon=5, tm_mday=24, tm_hour=18, tm_min=9, tm_sec=5, tm_wday=1, tm_yday=144, tm_isdst=-1)",2022-05-24,2022,5,144,24,9
2022-05-24 18:11:35,40.765743,-111.909027,1283.9,-9999.0,-9999.0,-9999.0,13.66,24.76,21.93,15.53,2.0,2.0,23.61,15.0,873.2,0.0,14.8,2.25,37.1,824.8,-9999.0,-9999.0,-9999.0,-9999.0,-9999.0,-9999.0,-9999.0,0.0,0,1,"time.struct_time(tm_year=2022, tm_mon=5, tm_mday=24, tm_hour=18, tm_min=11, tm_sec=35, tm_wday=1, tm_yday=144, tm_isdst=-1)",2022-05-24,2022,5,144,24,11
2022-05-24 18:14:05,40.765663,-111.908646,1283.6,-9999.0,-9999.0,-9999.0,13.66,24.81,21.95,15.24,3.0,2.0,23.72,15.0,873.1,0.0,20.3,2.22,37.2,825.2,-9999.0,-9999.0,-9999.0,-9999.0,-9999.0,-9999.0,-9999.0,0.0,0,1,"time.struct_time(tm_year=2022, tm_mon=5, tm_mday=24, tm_hour=18, tm_min=14, tm_sec=5, tm_wday=1, tm_yday=144, tm_isdst=-1)",2022-05-24,2022,5,144,24,14
2022-05-24 18:16:35,40.765507,-111.908379,1288.4,-9999.0,-9999.0,-9999.0,13.66,24.87,21.95,15.42,2.0,2.0,23.72,15.0,873.2,0.0,12.1,2.24,37.2,824.8,-9999.0,-9999.0,-9999.0,-9999.0,-9999.0,-9999.0,-9999.0,0.0,0,1,"time.struct_time(tm_year=2022, tm_mon=5, tm_mday=24, tm_hour=18, tm_min=16, tm_sec=35, tm_wday=1, tm_yday=144, tm_isdst=-1)",2022-05-24,2022,5,144,24,16
2022-05-24 18:19:05,40.765747,-111.908806,1286.8,-9999.0,-9999.0,-9999.0,13.66,24.92,21.97,15.49,2.0,2.0,23.78,15.0,873.0,0.0,15.2,2.26,37.3,825.3,-9999.0,-9999.0,-9999.0,-9999.0,-9999.0,-9999.0,-9999.0,0.0,0,1,"time.struct_time(tm_year=2022, tm_mon=5, tm_mday=24, tm_hour=18, tm_min=19, tm_sec=5, tm_wday=1, tm_yday=144, tm_isdst=-1)",2022-05-24,2022,5,144,24,19
2022-05-24 18:21:35,40.765743,-111.90892,1285.0,-9999.0,-9999.0,-9999.0,13.66,24.97,22.0,15.17,2.0,2.0,23.78,15.0,873.2,0.0,19.7,2.25,37.4,824.8,-9999.0,-9999.0,-9999.0,-9999.0,-9999.0,-9999.0,-9999.0,0.0,0,1,"time.struct_time(tm_year=2022, tm_mon=5, tm_mday=24, tm_hour=18, tm_min=21, tm_sec=35, tm_wday=1, tm_yday=144, tm_isdst=-1)",2022-05-24,2022,5,144,24,21
2022-05-24 18:24:05,40.765953,-111.909012,1287.2,-9999.0,-9999.0,-9999.0,13.66,25.02,22.02,15.15,1.0,2.0,23.89,15.0,873.0,0.0,25.3,2.23,37.5,825.2,-9999.0,-9999.0,-9999.0,-9999.0,-9999.0,-9999.0,-9999.0,0.0,0,1,"time.struct_time(tm_year=2022, tm_mon=5, tm_mday=24, tm_hour=18, tm_min=24, tm_sec=5, tm_wday=1, tm_yday=144, tm_isdst=-1)",2022-05-24,2022,5,144,24,24
2022-05-24 18:26:35,40.765736,-111.908844,1269.8,-9999.0,-9999.0,-9999.0,13.66,25.07,22.07,15.31,3.0,2.0,23.89,15.0,873.0,0.0,19.6,2.24,37.5,824.8,-9999.0,-9999.0,-9999.0,-9999.0,-9999.0,-9999.0,-9999.0,0.0,0,1,"time.struct_time(tm_year=2022, tm_mon=5, tm_mday=24, tm_hour=18, tm_min=26, tm_sec=35, tm_wday=1, tm_yday=144, tm_isdst=-1)",2022-05-24,2022,5,144,24,26
2022-05-24 18:29:05,40.7658,-111.908768,1274.4,-9999.0,-9999.0,-9999.0,13.66,25.12,22.04,15.39,2.0,2.0,23.89,15.0,873.0,0.0,15.9,2.24,37.6,825.3,-9999.0,-9999.0,-9999.0,-9999.0,-9999.0,-9999.0,-9999.0,0.0,0,1,"time.struct_time(tm_year=2022, tm_mon=5, tm_mday=24, tm_hour=18, tm_min=29, tm_sec=5, tm_wday=1, tm_yday=144, tm_isdst=-1)",2022-05-24,2022,5,144,24,29
2022-05-24 18:31:35,40.765823,-111.908798,1275.9,-9999.0,-9999.0,-9999.0,13.66,25.17,22.03,15.53,2.0,2.0,24.0,15.0,873.1,0.0,16.8,2.23,37.6,824.7,-9999.0,-9999.0,-9999.0,-9999.0,-9999.0,-9999.0,-9999.0,0.0,0,1,"time.struct_time(tm_year=2022, tm_mon=5, tm_mday=24, tm_hour=18, tm_min=31, tm_sec=35, tm_wday=1, tm_yday=144, tm_isdst=-1)",2022-05-24,2022,5,144,24,31
2022-05-24 18:35:15,40.765652,-111.908691,1275.2,-9999.0,-9999.0,-9999.0,13.66,25.23,22.06,15.57,2.0,2.0,24.0,15.0,873.0,0.0,20.9,2.25,37.7,824.7,-9999.0,-9999.0,-9999.0,-9999.0,-9999.0,-9999.0,-9999.0,0.0,0,1,"time.struct_time(tm_year=2022, tm_mon=5, tm_mday=24, tm_hour=18, tm_min=35, tm_sec=15, tm_wday=1, tm_yday=144, tm_isdst=-1)",2022-05-24,2022,5,144,24,35
2022-05-24 18:37:45,40.765785,-111.908836,1272.0,-9999.0,-9999.0,-9999.0,13.66,25.28,22.07,15.58,2.0,2.0,24.0,15.0,873.0,0.0,19.1,2.23,37.8,825.1,-9999.0,-9999.0,-9999.0,-9999.0,-9999.0,-9999.0,-9999.0,0.0,0,1,"time.struct_time(tm_year=2022, tm_mon=5, tm_mday=24, tm_hour=18, tm_min=37, tm_sec=45, tm_wday=1, tm_yday=144, tm_isdst=-1)",2022-05-24,2022,5,144,24,37
2022-05-24 18:40:15,40.765823,-111.90905,1272.0,-9999.0,-9999.0,-9999.0,13.67,25.32,22.07,15.96,3.0,2.0,24.11,15.0,873.0,0.0,22.2,2.25,37.8,824.5,-9999.0,-9999.0,-9999.0,-9999.0,-9999.0,-9999.0,-9999.0,0.0,0,1,"time.struct_time(tm_year=2022, tm_mon=5, tm_mday=24, tm_hour=18, tm_min=40, tm_sec=15, tm_wday=1, tm_yday=144, tm_isdst=-1)",2022-05-24,2022,5,144,24,40
2022-05-24 18:42:45,40.765697,-111.908798,1273.1,-9999.0,-9999.0,-9999.0,13.66,25.36,22.11,15.8,2.0,2.0,24.11,14.0,873.1,0.0,20.4,2.23,37.9,824.9,-9999.0,-9999.0,-9999.0,-9999.0,-9999.0,-9999.0,-9999.0,0.0,0,1,"time.struct_time(tm_year=2022, tm_mon=5, tm_mday=24, tm_hour=18, tm_min=42, tm_sec=45, tm_wday=1, tm_yday=144, tm_isdst=-1)",2022-05-24,2022,5,144,24,42
2022-05-24 18:45:15,40.765717,-111.908737,1274.3,-9999.0,-9999.0,-9999.0,13.66,25.4,22.14,15.72,2.0,2.0,24.22,14.0,872.9,0.0,27.3,2.24,37.9,824.6,-9999.0,-9999.0,-9999.0,-9999.0,-9999.0,-9999.0,-9999.0,0.0,0,1,"time.struct_time(tm_year=2022, tm_mon=5, tm_mday=24, tm_hour=18, tm_min=45, tm_sec=15, tm_wday=1, tm_yday=144, tm_isdst=-1)",2022-05-24,2022,5,144,24,45
2022-05-24 18:47:45,40.76582,-111.908882,1273.7,-9999.0,-9999.0,-9999.0,13.67,25.44,22.13,15.89,1.0,2.0,24.22,14.0,872.9,0.0,24.0,2.24,38.0,824.9,-9999.0,-9999.0,-9999.0,-9999.0,-9999.0,-9999.0,-9999.0,0.0,0,1,"time.struct_time(tm_year=2022, tm_mon=5, tm_mday=24, tm_hour=18, tm_min=47, tm_sec=45, tm_wday=1, tm_yday=144, tm_isdst=-1)",2022-05-24,2022,5,144,24,47
2022-05-24 18:50:15,40.765678,-111.90876,1272.8,-9999.0,-9999.0,-9999.0,13.67,25.47,22.17,15.77,2.0,2.0,24.22,14.0,872.8,0.0,23.4,2.24,38.0,824.5,-9999.0,-9999.0,-9999.0,-9999.0,-9999.0,-9999.0,-9999.0,0.0,0,1,"time.struct_time(tm_year=2022, tm_mon=5, tm_mday=24, tm_hour=18, tm_min=50, tm_sec=15, tm_wday=1, tm_yday=144, tm_isdst=-1)",2022-05-24,2022,5,144,24,50
2022-05-24 18:52:45,40.765636,-111.908722,1274.2,-9999.0,-9999.0,-9999.0,13.66,25.51,22.16,16.04,3.0,2.0,24.28,14.0,872.8,0.0,24.6,2.25,38.1,825.0,-9999.0,-9999.0,-9999.0,-9999.0,-9999.0,-9999.0,-9999.0,0.0,0,1,"time.struct_time(tm_year=2022, tm_mon=5, tm_mday=24, tm_hour=18, tm_min=52, tm_sec=45, tm_wday=1, tm_yday=144, tm_isdst=-1)",2022-05-24,2022,5,144,24,52
2022-05-24 18:55:15,40.765636,-111.908867,1271.1,-9999.0,-9999.0,-9999.0,13.66,25.54,22.17,16.27,4.0,2.0,24.28,14.0,872.7,0.0,24.3,2.24,38.1,824.3,-9999.0,-9999.0,-9999.0,-9999.0,-9999.0,-9999.0,-9999.0,0.0,0,1,"time.struct_time(tm_year=2022, tm_mon=5, tm_mday=24, tm_hour=18, tm_min=55, tm_sec=15, tm_wday=1, tm_yday=144, tm_isdst=-1)",2022-05-24,2022,5,144,24,55
2022-05-24 18:57:45,40.765667,-111.908806,1272.0,-9999.0,-9999.0,-9999.0,13.66,25.58,22.18,16.37,2.0,2.0,24.28,14.0,873.0,0.0,23.3,2.24,38.2,824.8,-9999.0,-9999.0,-9999.0,-9999.0,-9999.0,-9999.0,-9999.0,0.0,0,1,"time.struct_time(tm_year=2022, tm_mon=5, tm_mday=24, tm_hour=18, tm_min=57, tm_sec=45, tm_wday=1, tm_yday=144, tm_isdst=-1)",2022-05-24,2022,5,144,24,57
2022-05-24 19:00:15,40.765713,-111.908791,1273.9,-9999.0,-9999.0,-9999.0,13.66,25.61,22.17,16.22,2.0,2.0,24.39,14.0,872.7,0.0,23.2,2.24,38.2,824.4,-9999.0,-9999.0,-9999.0,-9999.0,-9999.0,-9999.0,-9999.0,0.0,0,1,"time.struct_time(tm_year=2022, tm_mon=5, tm_mday=24, tm_hour=19, tm_min=0, tm_sec=15, tm_wday=1, tm_yday=144, tm_isdst=-1)",2022-05-24,2022,5,144,24,0
2022-05-24 19:02:45,40.765602,-111.908524,1277.0,-9999.0,-9999.0,-9999.0,13.66,25.64,22.18,16.38,2.0,2.0,24.39,14.0,872.9,0.0,18.4,2.25,38.3,824.9,-9999.0,-9999.0,-9999.0,-9999.0,-9999.0,-9999.0,-9999.0,0.0,0,1,"time.struct_time(tm_year=2022, tm_mon=5, tm_mday=24, tm_hour=19, tm_min=2, tm_sec=45, tm_wday=1, tm_yday=144, tm_isdst=-1)",2022-05-24,2022,5,144,24,2
2022-05-24 19:05:15,40.765629,-111.908989,1280.8,-9999.0,-9999.0,-9999.0,13.67,25.68,22.17,16.31,2.0,2.0,24.39,14.0,872.7,0.0,17.6,2.24,38.3,824.3,-9999.0,-9999.0,-9999.0,-9999.0,-9999.0,-9999.0,-9999.0,0.0,0,1,"time.struct_time(tm_year=2022, tm_mon=5, tm_mday=24, tm_hour=19, tm_min=5, tm_sec=15, tm_wday=1, tm_yday=144, tm_isdst=-1)",2022-05-24,2022,5,144,24,5
2022-05-24 19:07:45,40.765556,-111.908852,1279.3,-9999.0,-9999.0,-9999.0,13.66,25.71,22.21,16.34,3.0,2.0,24.39,14.0,872.7,0.0,20.2,2.25,38.3,824.9,-9999.0,-9999.0,-9999.0,-9999.0,-9999.0,-9999.0,-9999.0,0.0,0,1,"time.struct_time(tm_year=2022, tm_mon=5, tm_mday=24, tm_hour=19, tm_min=7, tm_sec=45, tm_wday=1, tm_yday=144, tm_isdst=-1)",2022-05-24,2022,5,144,24,7
2022-05-24 19:10:15,40.765507,-111.909103,1278.3,-9999.0,-9999.0,-9999.0,13.66,25.74,22.17,16.25,5.0,2.0,24.5,14.0,872.8,0.0,15.9,2.25,38.4,824.3,-9999.0,-9999.0,-9999.0,-9999.0,-9999.0,-9999.0,-9999.0,0.0,0,1,"time.struct_time(tm_year=2022, tm_mon=5, tm_mday=24, tm_hour=19, tm_min=10, tm_sec=15, tm_wday=1, tm_yday=144, tm_isdst=-1)",2022-05-24,2022,5,144,24,10
2022-05-24 19:12:45,40.765633,-111.908867,1274.1,-9999.0,-9999.0,-9999.0,13.66,25.77,22.2,16.02,6.0,2.0,24.5,14.0,872.6,0.0,22.1,2.26,38.4,824.7,-9999.0,-9999.0,-9999.0,-9999.0,-9999.0,-9999.0,-9999.0,0.0,0,1,"time.struct_time(tm_year=2022, tm_mon=5, tm_mday=24, tm_hour=19, tm_min=12, tm_sec=45, tm_wday=1, tm_yday=144, tm_isdst=-1)",2022-05-24,2022,5,144,24,12
2022-05-24 19:15:15,40.765732,-111.909172,1268.4,-9999.0,-9999.0,-9999.0,13.67,25.8,22.2,15.91,5.0,2.0,24.5,14.0,872.9,0.0,17.1,2.24,38.4,824.3,-9999.0,-9999.0,-9999.0,-9999.0,-9999.0,-9999.0,-9999.0,0.0,0,1,"time.struct_time(tm_year=2022, tm_mon=5, tm_mday=24, tm_hour=19, tm_min=15, tm_sec=15, tm_wday=1, tm_yday=144, tm_isdst=-1)",2022-05-24,2022,5,144,24,15
2022-05-24 19:17:45,40.765663,-111.909157,1270.8,-9999.0,-9999.0,-9999.0,13.66,25.82,22.2,15.74,3.0,2.0,24.5,14.0,872.8,0.0,24.2,2.25,38.5,824.8,-9999.0,-9999.0,-9999.0,-9999.0,-9999.0,-9999.0,-9999.0,0.0,0,1,"time.struct_time(tm_year=2022, tm_mon=5, tm_mday=24, tm_hour=19, tm_min=17, tm_sec=45, tm_wday=1, tm_yday=144, tm_isdst=-1)",2022-05-24,2022,5,144,24,17
2022-05-24 19:20:15,40.765663,-111.908928,1270.7,-9999.0,-9999.0,-9999.0,13.66,25.85,22.22,15.76,5.0,2.0,24.61,14.0,872.6,0.0,11.5,2.25,38.5,824.1,-9999.0,-9999.0,-9999.0,-9999.0,-9999.0,-9999.0,-9999.0,0.0,0,1,"time.struct_time(tm_year=2022, tm_mon=5, tm_mday=24, tm_hour=19, tm_min=20, tm_sec=15, tm_wday=1, tm_yday=144, tm_isdst=-1)",2022-05-24,2022,5,144,24,20
2022-05-24 19:22:45,40.765511,-111.908859,1268.3,-9999.0,-9999.0,-9999.0,13.66,25.88,22.22,15.81,4.0,2.0,24.61,14.0,872.5,0.0,12.4,2.24,38.5,824.8,-9999.0,-9999.0,-9999.0,-9999.0,-9999.0,-9999.0,-9999.0,0.0,0,1,"time.struct_time(tm_year=2022, tm_mon=5, tm_mday=24, tm_hour=19, tm_min=22, tm_sec=45, tm_wday=1, tm_yday=144, tm_isdst=-1)",2022-05-24,2022,5,144,24,22
2022-05-24 19:25:15,40.765701,-111.908989,1256.8,-9999.0,-9999.0,-9999.0,13.66,25.9,22.22,15.82,4.0,2.0,24.61,14.0,872.8,0.0,18.5,2.25,38.6,824.2,-9999.0,-9999.0,-9999.0,-9999.0,-9999.0,-9999.0,-9999.0,0.0,0,1,"time.struct_time(tm_year=2022, tm_mon=5, tm_mday=24, tm_hour=19, tm_min=25, tm_sec=15, tm_wday=1, tm_yday=144, tm_isdst=-1)",2022-05-24,2022,5,144,24,25
2022-05-24 19:27:45,40.765633,-111.90905,1245.1,-9999.0,-9999.0,-9999.0,13.66,25.93,22.24,15.75,4.0,2.0,24.61,14.0,872.6,0.0,21.8,2.26,38.6,824.9,-9999.0,-9999.0,-9999.0,-9999.0,-9999.0,-9999.0,-9999.0,0.0,0,1,"time.struct_time(tm_year=2022, tm_mon=5, tm_mday=24, tm_hour=19, tm_min=27, tm_sec=45, tm_wday=1, tm_yday=144, tm_isdst=-1)",2022-05-24,2022,5,144,24,27
2022-05-24 19:30:15,40.765652,-111.908875,1250.3,-9999.0,-9999.0,-9999.0,13.67,25.95,22.24,15.65,3.0,2.0,24.61,14.0,872.7,0.0,16.7,2.25,38.6,824.2,-9999.0,-9999.0,-9999.0,-9999.0,-9999.0,-9999.0,-9999.0,0.0,0,1,"time.struct_time(tm_year=2022, tm_mon=5, tm_mday=24, tm_hour=19, tm_min=30, tm_sec=15, tm_wday=1, tm_yday=144, tm_isdst=-1)",2022-05-24,2022,5,144,24,30
2022-05-24 19:32:45,40.765629,-111.909012,1257.4,-9999.0,-9999.0,-9999.0,13.66,25.98,22.25,15.6,5.0,2.0,24.72,14.0,872.6,0.0,20.2,2.23,38.7,824.8,-9999.0,-9999.0,-9999.0,-9999.0,-9999.0,-9999.0,-9999.0,0.0,0,1,"time.struct_time(tm_year=2022, tm_mon=5, tm_mday=24, tm_hour=19, tm_min=32, tm_sec=45, tm_wday=1, tm_yday=144, tm_isdst=-1)",2022-05-24,2022,5,144,24,32
2022-05-24 19:36:25,40.765717,-111.908737,1259.6,-9999.0,-9999.0,-9999.0,13.66,26.01,22.25,15.69,7.0,2.0,24.72,14.0,872.5,0.0,13.3,2.25,38.7,824.5,-9999.0,-9999.0,-9999.0,-9999.0,-9999.0,-9999.0,-9999.0,0.0,0,1,"time.struct_time(tm_year=2022, tm_mon=5, tm_mday=24, tm_hour=19, tm_min=36, tm_sec=25, tm_wday=1, tm_yday=144, tm_isdst=-1)",2022-05-24,2022,5,144,24,36
2022-05-24 19:38:55,40.765686,-111.908752,1259.6,-9999.0,-9999.0,-9999.0,13.66,26.04,22.27,16.35,9.0,2.0,24.72,14.0,872.4,0.0,14.4,2.25,38.7,824.0,-9999.0,-9999.0,-9999.0,-9999.0,-9999.0,-9999.0,-9999.0,0.0,0,1,"time.struct_time(tm_year=2022, tm_mon=5, tm_mday=24, tm_hour=19, tm_min=38, tm_sec=55, tm_wday=1, tm_yday=144, tm_isdst=-1)",2022-05-24,2022,5,144,24,38
2022-05-24 19:41:25,40.765636,-111.908852,1261.9,-9999.0,-9999.0,-9999.0,13.66,26.06,22.28,16.18,7.0,2.0,24.78,14.0,872.6,0.0,17.0,2.25,38.8,824.4,-9999.0,-9999.0,-9999.0,-9999.0,-9999.0,-9999.0,-9999.0,0.0,0,1,"time.struct_time(tm_year=2022, tm_mon=5, tm_mday=24, tm_hour=19, tm_min=41, tm_sec=25, tm_wday=1, tm_yday=144, tm_isdst=-1)",2022-05-24,2022,5,144,24,41
2022-05-24 19:43:55,40.76569,-111.908852,1266.9,-9999.0,-9999.0,-9999.0,13.66,26.09,22.32,16.26,8.0,2.0,24.78,14.0,872.5,0.0,15.5,2.25,38.8,824.0,-9999.0,-9999.0,-9999.0,-9999.0,-9999.0,-9999.0,-9999.0,0.0,0,1,"time.struct_time(tm_year=2022, tm_mon=5, tm_mday=24, tm_hour=19, tm_min=43, tm_sec=55, tm_wday=1, tm_yday=144, tm_isdst=-1)",2022-05-24,2022,5,144,24,43
2022-05-24 19:46:25,40.76577,-111.908707,1271.7,-9999.0,-9999.0,-9999.0,13.67,26.11,22.31,15.95,7.0,2.0,24.78,14.0,872.3,0.0,15.6,2.25,38.8,824.6,-9999.0,-9999.0,-9999.0,-9999.0,-9999.0,-9999.0,-9999.0,0.0,0,1,"time.struct_time(tm_year=2022, tm_mon=5, tm_mday=24, tm_hour=19, tm_min=46, tm_sec=25, tm_wday=1, tm_yday=144, tm_isdst=-1)",2022-05-24,2022,5,144,24,46
2022-05-24 19:48:55,40.765827,-111.909004,1273.8,-9999.0,-9999.0,-9999.0,13.65,26.14,22.36,15.71,6.0,2.0,24.89,14.0,872.6,0.0,21.3,2.24,38.8,823.9,-9999.0,-9999.0,-9999.0,-9999.0,-9999.0,-9999.0,-9999.0,0.0,0,1,"time.struct_time(tm_year=2022, tm_mon=5, tm_mday=24, tm_hour=19, tm_min=48, tm_sec=55, tm_wday=1, tm_yday=144, tm_isdst=-1)",2022-05-24,2022,5,144,24,48
2022-05-24 19:51:25,40.765839,-111.908813,1275.3,-9999.0,-9999.0,-9999.0,13.66,26.16,22.38,15.86,7.0,2.0,24.89,14.0,872.5,0.0,12.8,2.24,38.9,824.3,-9999.0,-9999.0,-9999.0,-9999.0,-9999.0,-9999.0,-9999.0,0.0,0,1,"time.struct_time(tm_year=2022, tm_mon=5, tm_mday=24, tm_hour=19, tm_min=51, tm_sec=25, tm_wday=1, tm_yday=144, tm_isdst=-1)",2022-05-24,2022,5,144,24,51
2022-05-24 19:53:55,40.765724,-111.908844,1275.9,-9999.0,-9999.0,-9999.0,13.66,26.18,22.4,15.71,6.0,2.0,24.89,14.0,872.4,0.0,18.5,2.26,38.9,823.9,-9999.0,-9999.0,-9999.0,-9999.0,-9999.0,-9999.0,-9999.0,0.0,0,1,"time.struct_time(tm_year=2022, tm_mon=5, tm_mday=24, tm_hour=19, tm_min=53, tm_sec=55, tm_wday=1, tm_yday=144, tm_isdst=-1)",2022-05-24,2022,5,144,24,53
2022-05-24 19:56:25,40.765652,-111.908928,1276.9,-9999.0,-9999.0,-9999.0,13.66,26.2,22.42,15.54,5.0,2.0,24.89,14.0,872.5,0.0,20.4,2.25,38.9,824.5,-9999.0,-9999.0,-9999.0,-9999.0,-9999.0,-9999.0,-9999.0,0.0,0,1,"time.struct_time(tm_year=2022, tm_mon=5, tm_mday=24, tm_hour=19, tm_min=56, tm_sec=25, tm_wday=1, tm_yday=144, tm_isdst=-1)",2022-05-24,2022,5,144,24,56
2022-05-24 19:58:55,40.765678,-111.908707,1276.8,-9999.0,-9999.0,-9999.0,13.66,26.22,22.41,15.53,6.0,2.0,25.0,14.0,872.2,0.0,19.3,2.25,38.9,823.9,-9999.0,-9999.0,-9999.0,-9999.0,-9999.0,-9999.0,-9999.0,0.0,0,1,"time.struct_time(tm_year=2022, tm_mon=5, tm_mday=24, tm_hour=19, tm_min=58, tm_sec=55, tm_wday=1, tm_yday=144, tm_isdst=-1)",2022-05-24,2022,5,144,24,58
2022-05-24 20:01:25,40.765743,-111.908813,1276.0,-9999.0,-9999.0,-9999.0,13.67,26.24,22.43,15.57,7.0,2.0,25.0,13.0,872.4,0.0,14.0,2.25,39.0,824.3,-9999.0,-9999.0,-9999.0,-9999.0,-9999.0,-9999.0,-9999.0,0.0,0,1,"time.struct_time(tm_year=2022, tm_mon=5, tm_mday=24, tm_hour=20, tm_min=1, tm_sec=25, tm_wday=1, tm_yday=144, tm_isdst=-1)",2022-05-24,2022,5,144,24,1
2022-05-24 20:03:55,40.765739,-111.909264,1275.7,-9999.0,-9999.0,-9999.0,13.67,26.26,22.43,15.37,5.0,2.0,25.0,13.0,872.4,0.0,19.7,2.26,39.0,823.9,-9999.0,-9999.0,-9999.0,-9999.0,-9999.0,-9999.0,-9999.0,0.0,0,1,"time.struct_time(tm_year=2022, tm_mon=5, tm_mday=24, tm_hour=20, tm_min=3, tm_sec=55, tm_wday=1, tm_yday=144, tm_isdst=-1)",2022-05-24,2022,5,144,24,3
2022-05-24 20:06:25,40.765427,-111.908859,1278.7,-9999.0,-9999.0,-9999.0,13.66,26.28,22.46,15.35,5.0,2.0,25.0,13.0,872.5,0.0,16.5,2.26,39.0,824.4,-9999.0,-9999.0,-9999.0,-9999.0,-9999.0,-9999.0,-9999.0,0.0,0,1,"time.struct_time(tm_year=2022, tm_mon=5, tm_mday=24, tm_hour=20, tm_min=6, tm_sec=25, tm_wday=1, tm_yday=144, tm_isdst=-1)",2022-05-24,2022,5,144,24,6
2022-05-24 20:08:55,40.765743,-111.908905,1281.6,-9999.0,-9999.0,-9999.0,13.66,26.3,22.46,15.14,6.0,2.0,25.0,13.0,872.3,0.0,15.6,2.24,39.0,823.8,-9999.0,-9999.0,-9999.0,-9999.0,-9999.0,-9999.0,-9999.0,0.0,0,1,"time.struct_time(tm_year=2022, tm_mon=5, tm_mday=24, tm_hour=20, tm_min=8, tm_sec=55, tm_wday=1, tm_yday=144, tm_isdst=-1)",2022-05-24,2022,5,144,24,8
2022-05-24 20:11:25,40.765717,-111.908867,1282.2,-9999.0,-9999.0,-9999.0,13.66,26.32,22.47,15.11,6.0,2.0,25.0,13.0,872.4,0.0,17.0,2.25,39.0,824.3,-9999.0,-9999.0,-9999.0,-9999.0,-9999.0,-9999.0,-9999.0,0.0,0,1,"time.struct_time(tm_year=2022, tm_mon=5, tm_mday=24, tm_hour=20, tm_min=11, tm_sec=25, tm_wday=1, tm_yday=144, tm_isdst=-1)",2022-05-24,2022,5,144,24,11
2022-05-24 20:13:55,40.765686,-111.908821,1283.6,-9999.0,-9999.0,-9999.0,13.66,26.34,22.47,15.21,7.0,2.0,25.11,13.0,872.5,0.0,12.4,2.26,39.1,823.8,-9999.0,-9999.0,-9999.0,-9999.0,-9999.0,-9999.0,-9999.0,0.0,0,1,"time.struct_time(tm_year=2022, tm_mon=5, tm_mday=24, tm_hour=20, tm_min=13, tm_sec=55, tm_wday=1, tm_yday=144, tm_isdst=-1)",2022-05-24,2022,5,144,24,13
2022-05-24 20:16:25,40.765694,-111.90889,1284.2,-9999.0,-9999.0,-9999.0,13.67,26.36,22.46,15.12,5.0,2.0,25.11,13.0,872.5,0.0,13.9,2.25,39.1,824.5,-9999.0,-9999.0,-9999.0,-9999.0,-9999.0,-9999.0,-9999.0,0.0,0,1,"time.struct_time(tm_year=2022, tm_mon=5, tm_mday=24, tm_hour=20, tm_min=16, tm_sec=25, tm_wday=1, tm_yday=144, tm_isdst=-1)",2022-05-24,2022,5,144,24,16
2022-05-24 20:18:55,40.765781,-111.908852,1284.9,-9999.0,-9999.0,-9999.0,13.66,26.38,22.49,14.88,5.0,2.0,25.11,13.0,872.5,0.0,20.7,2.26,39.1,823.8,-9999.0,-9999.0,-9999.0,-9999.0,-9999.0,-9999.0,-9999.0,0.0,0,1,"time.struct_time(tm_year=2022, tm_mon=5, tm_mday=24, tm_hour=20, tm_min=18, tm_sec=55, tm_wday=1, tm_yday=144, tm_isdst=-1)",2022-05-24,2022,5,144,24,18
2022-05-24 20:21:25,40.765556,-111.908928,1284.4,-9999.0,-9999.0,-9999.0,13.66,26.4,22.49,14.92,4.0,2.0,25.11,13.0,872.3,0.0,19.2,2.24,39.1,824.4,-9999.0,-9999.0,-9999.0,-9999.0,-9999.0,-9999.0,-9999.0,0.0,0,1,"time.struct_time(tm_year=2022, tm_mon=5, tm_mday=24, tm_hour=20, tm_min=21, tm_sec=25, tm_wday=1, tm_yday=144, tm_isdst=-1)",2022-05-24,2022,5,144,24,21
2022-05-24 20:23:55,40.765667,-111.908821,1283.2,-9999.0,-9999.0,-9999.0,13.65,26.42,22.48,14.93,5.0,2.0,25.11,13.0,872.5,0.0,17.6,2.25,39.1,823.8,-9999.0,-9999.0,-9999.0,-9999.0,-9999.0,-9999.0,-9999.0,0.0,0,1,"time.struct_time(tm_year=2022, tm_mon=5, tm_mday=24, tm_hour=20, tm_min=23, tm_sec=55, tm_wday=1, tm_yday=144, tm_isdst=-1)",2022-05-24,2022,5,144,24,23
2022-05-24 20:26:25,40.765579,-111.908661,1287.1,-9999.0,-9999.0,-9999.0,13.66,26.44,22.48,14.93,6.0,2.0,25.22,13.0,872.5,0.0,9.8,2.25,39.2,824.4,-9999.0,-9999.0,-9999.0,-9999.0,-9999.0,-9999.0,-9999.0,0.0,0,1,"time.struct_time(tm_year=2022, tm_mon=5, tm_mday=24, tm_hour=20, tm_min=26, tm_sec=25, tm_wday=1, tm_yday=144, tm_isdst=-1)",2022-05-24,2022,5,144,24,26
2022-05-24 20:28:55,40.765583,-111.908646,1287.3,-9999.0,-9999.0,-9999.0,13.66,26.46,22.47,15.17,6.0,2.0,25.22,13.0,872.4,0.0,14.1,2.24,39.2,823.8,-9999.0,-9999.0,-9999.0,-9999.0,-9999.0,-9999.0,-9999.0,0.0,0,1,"time.struct_time(tm_year=2022, tm_mon=5, tm_mday=24, tm_hour=20, tm_min=28, tm_sec=55, tm_wday=1, tm_yday=144, tm_isdst=-1)",2022-05-24,2022,5,144,24,28
2022-05-24 20:31:25,40.765652,-111.908585,1288.1,-9999.0,-9999.0,-9999.0,13.67,26.48,22.46,15.51,4.0,2.0,25.22,13.0,872.5,0.0,10.0,2.25,39.2,824.4,-9999.0,-9999.0,-9999.0,-9999.0,-9999.0,-9999.0,-9999.0,0.0,0,1,"time.struct_time(tm_year=2022, tm_mon=5, tm_mday=24, tm_hour=20, tm_min=31, tm_sec=25, tm_wday=1, tm_yday=144, tm_isdst=-1)",2022-05-24,2022,5,144,24,31
2022-05-24 20:33:55,40.765652,-111.90863,1288.6,-9999.0,-9999.0,-9999.0,13.65,26.49,22.46,15.59,3.0,2.0,25.22,13.0,872.4,0.0,11.0,2.26,39.2,823.9,-9999.0,-9999.0,-9999.0,-9999.0,-9999.0,-9999.0,-9999.0,0.0,0,1,"time.struct_time(tm_year=2022, tm_mon=5, tm_mday=24, tm_hour=20, tm_min=33, tm_sec=55, tm_wday=1, tm_yday=144, tm_isdst=-1)",2022-05-24,2022,5,144,24,33
2022-05-24 20:37:30,40.765587,-111.9086,1293.7,-9999.0,-9999.0,-9999.0,13.67,26.52,22.43,16.06,5.0,2.0,25.22,13.0,872.5,0.0,9.5,2.25,39.3,824.4,-9999.0,-9999.0,-9999.0,-9999.0,-9999.0,-9999.0,-9999.0,0.0,0,1,"time.struct_time(tm_year=2022, tm_mon=5, tm_mday=24, tm_hour=20, tm_min=37, tm_sec=30, tm_wday=1, tm_yday=144, tm_isdst=-1)",2022-05-24,2022,5,144,24,37
2022-05-24 20:40:00,40.765717,-111.908813,1293.2,-9999.0,-9999.0,-9999.0,13.67,26.53,22.37,17.08,4.0,2.0,25.22,13.0,872.4,0.0,7.3,2.25,39.3,823.8,-9999.0,-9999.0,-9999.0,-9999.0,-9999.0,-9999.0,-9999.0,0.0,0,1,"time.struct_time(tm_year=2022, tm_mon=5, tm_mday=24, tm_hour=20, tm_min=40, tm_sec=0, tm_wday=1, tm_yday=144, tm_isdst=-1)",2022-05-24,2022,5,144,24,40
2022-05-24 20:42:30,40.765625,-111.908936,1297.3,-9999.0,-9999.0,-9999.0,13.66,26.55,22.35,16.87,7.0,2.0,25.22,14.0,872.3,0.0,10.0,2.26,39.3,824.4,-9999.0,-9999.0,-9999.0,-9999.0,-9999.0,-9999.0,-9999.0,0.0,0,1,"time.struct_time(tm_year=2022, tm_mon=5, tm_mday=24, tm_hour=20, tm_min=42, tm_sec=30, tm_wday=1, tm_yday=144, tm_isdst=-1)",2022-05-24,2022,5,144,24,42
2022-05-24 20:45:00,40.765743,-111.908974,1300.5,-9999.0,-9999.0,-9999.0,13.66,26.56,22.35,17.16,5.0,2.0,25.22,14.0,872.5,0.0,8.9,2.24,39.3,823.7,-9999.0,-9999.0,-9999.0,-9999.0,-9999.0,-9999.0,-9999.0,0.0,0,1,"time.struct_time(tm_year=2022, tm_mon=5, tm_mday=24, tm_hour=20, tm_min=45, tm_sec=0, tm_wday=1, tm_yday=144, tm_isdst=-1)",2022-05-24,2022,5,144,24,45
2022-05-24 20:47:30,40.765678,-111.908829,1300.1,-9999.0,-9999.0,-9999.0,13.66,26.58,22.29,17.74,5.0,2.0,25.22,14.0,872.3,0.0,5.9,2.26,39.3,824.4,-9999.0,-9999.0,-9999.0,-9999.0,-9999.0,-9999.0,-9999.0,0.0,0,1,"time.struct_time(tm_year=2022, tm_mon=5, tm_mday=24, tm_hour=20, tm_min=47, tm_sec=30, tm_wday=1, tm_yday=144, tm_isdst=-1)",2022-05-24,2022,5,144,24,47
2022-05-24 20:50:00,40.765572,-111.908684,1301.3,-9999.0,-9999.0,-9999.0,13.66,26.59,22.25,18.2,5.0,2.0,25.22,14.0,872.4,0.0,4.9,2.25,39.4,823.9,-9999.0,-9999.0,-9999.0,-9999.0,-9999.0,-9999.0,-9999.0,0.0,0,1,"time.struct_time(tm_year=2022, tm_mon=5, tm_mday=24, tm_hour=20, tm_min=50, tm_sec=0, tm_wday=1, tm_yday=144, tm_isdst=-1)",2022-05-24,2022,5,144,24,50
2022-05-24 20:52:30,40.765659,-111.908707,1302.1,-9999.0,-9999.0,-9999.0,13.66,26.61,22.24,18.15,7.0,2.0,25.22,14.0,872.6,0.0,6.1,2.26,39.4,824.5,-9999.0,-9999.0,-9999.0,-9999.0,-9999.0,-9999.0,-9999.0,0.0,0,1,"time.struct_time(tm_year=2022, tm_mon=5, tm_mday=24, tm_hour=20, tm_min=52, tm_sec=30, tm_wday=1, tm_yday=144, tm_isdst=-1)",2022-05-24,2022,5,144,24,52
2022-05-24 20:55:00,40.765648,-111.908783,1302.5,-9999.0,-9999.0,-9999.0,13.66,26.62,22.24,18.13,5.0,2.0,25.22,14.0,872.3,0.0,3.6,2.26,39.4,823.8,-9999.0,-9999.0,-9999.0,-9999.0,-9999.0,-9999.0,-9999.0,0.0,0,1,"time.struct_time(tm_year=2022, tm_mon=5, tm_mday=24, tm_hour=20, tm_min=55, tm_sec=0, tm_wday=1, tm_yday=144, tm_isdst=-1)",2022-05-24,2022,5,144,24,55
2022-05-24 20:57:30,40.765743,-111.908806,1305.2,-9999.0,-9999.0,-9999.0,13.66,26.63,22.22,18.13,7.0,2.0,25.22,14.0,872.4,0.0,6.9,2.26,39.4,823.9,-9999.0,-9999.0,-9999.0,-9999.0,-9999.0,-9999.0,-9999.0,0.0,0,1,"time.struct_time(tm_year=2022, tm_mon=5, tm_mday=24, tm_hour=20, tm_min=57, tm_sec=30, tm_wday=1, tm_yday=144, tm_isdst=-1)",2022-05-24,2022,5,144,24,57
2022-05-24 21:00:00,40.765781,-111.908699,1304.2,-9999.0,-9999.0,-9999.0,13.66,26.65,22.22,17.27,5.0,2.0,25.28,14.0,872.3,0.0,10.8,2.25,39.4,823.9,-9999.0,-9999.0,-9999.0,-9999.0,-9999.0,-9999.0,-9999.0,0.0,0,1,"time.struct_time(tm_year=2022, tm_mon=5, tm_mday=24, tm_hour=21, tm_min=0, tm_sec=0, tm_wday=1, tm_yday=144, tm_isdst=-1)",2022-05-24,2022,5,144,24,0
2022-05-25 14:55:35,40.765549,-111.909012,1239.2,-9999.0,-9999.0,-9999.0,13.74,20.95,21.26,15.04,8.0,2.0,20.78,18.0,876.0,0.0,5.4,2.11,22.5,827.3,-9999.0,-9999.0,-9999.0,-9999.0,-9999.0,-9999.0,-9999.0,0.0,0,1,"time.struct_time(tm_year=2022, tm_mon=5, tm_mday=25, tm_hour=14, tm_min=55, tm_sec=35, tm_wday=2, tm_yday=145, tm_isdst=-1)",2022-05-25,2022,5,145,25,55
2022-05-25 14:58:05,40.765461,-111.908791,1237.3,-9999.0,-9999.0,-9999.0,13.73,20.97,21.33,15.45,9.0,2.0,20.78,18.0,875.8,0.0,7.7,2.13,23.9,827.6,-9999.0,-9999.0,-9999.0,-9999.0,-9999.0,-9999.0,-9999.0,0.0,0,1,"time.struct_time(tm_year=2022, tm_mon=5, tm_mday=25, tm_hour=14, tm_min=58, tm_sec=5, tm_wday=2, tm_yday=145, tm_isdst=-1)",2022-05-25,2022,5,145,25,58
2022-05-25 15:00:35,40.76572,-111.908966,1242.7,-9999.0,-9999.0,-9999.0,13.73,21.02,21.37,15.57,8.0,2.0,20.78,18.0,876.1,0.0,9.0,2.14,25.1,827.1,-9999.0,-9999.0,-9999.0,-9999.0,-9999.0,-9999.0,-9999.0,0.0,0,1,"time.struct_time(tm_year=2022, tm_mon=5, tm_mday=25, tm_hour=15, tm_min=0, tm_sec=35, tm_wday=2, tm_yday=145, tm_isdst=-1)",2022-05-25,2022,5,145,25,0
2022-05-25 15:03:05,40.765678,-111.909225,1246.5,-9999.0,-9999.0,-9999.0,13.74,21.09,21.39,15.89,7.0,2.0,20.89,18.0,875.8,0.0,9.7,2.14,26.1,827.4,-9999.0,-9999.0,-9999.0,-9999.0,-9999.0,-9999.0,-9999.0,0.0,0,1,"time.struct_time(tm_year=2022, tm_mon=5, tm_mday=25, tm_hour=15, tm_min=3, tm_sec=5, tm_wday=2, tm_yday=145, tm_isdst=-1)",2022-05-25,2022,5,145,25,3
2022-05-25 15:05:35,40.765701,-111.909363,1246.6,-9999.0,-9999.0,-9999.0,13.74,21.2,21.4,15.61,6.0,2.0,21.0,18.0,875.9,0.0,9.6,2.15,27.1,827.0,-9999.0,-9999.0,-9999.0,-9999.0,-9999.0,-9999.0,-9999.0,0.0,0,1,"time.struct_time(tm_year=2022, tm_mon=5, tm_mday=25, tm_hour=15, tm_min=5, tm_sec=35, tm_wday=2, tm_yday=145, tm_isdst=-1)",2022-05-25,2022,5,145,25,5
2022-05-25 15:08:05,40.765671,-111.909142,1247.8,-9999.0,-9999.0,-9999.0,13.21,21.32,21.43,16.11,6.0,2.0,21.11,18.0,876.0,0.0,9.1,2.15,27.9,827.4,-9999.0,-9999.0,-9999.0,-9999.0,-9999.0,-9999.0,-9999.0,0.0,0,1,"time.struct_time(tm_year=2022, tm_mon=5, tm_mday=25, tm_hour=15, tm_min=8, tm_sec=5, tm_wday=2, tm_yday=145, tm_isdst=-1)",2022-05-25,2022,5,145,25,8
2022-05-25 15:10:35,40.765549,-111.909264,1250.0,-9999.0,-9999.0,-9999.0,13.7,21.46,21.45,16.52,7.0,2.0,21.22,19.0,875.8,0.0,9.5,2.16,28.6,826.9,-9999.0,-9999.0,-9999.0,-9999.0,-9999.0,-9999.0,-9999.0,0.0,0,1,"time.struct_time(tm_year=2022, tm_mon=5, tm_mday=25, tm_hour=15, tm_min=10, tm_sec=35, tm_wday=2, tm_yday=145, tm_isdst=-1)",2022-05-25,2022,5,145,25,10
2022-05-25 15:13:05,40.765705,-111.909538,1242.6,-9999.0,-9999.0,-9999.0,13.7,21.6,21.47,16.78,9.0,2.0,21.28,19.0,875.9,0.0,6.9,2.17,29.3,827.4,-9999.0,-9999.0,-9999.0,-9999.0,-9999.0,-9999.0,-9999.0,0.0,0,1,"time.struct_time(tm_year=2022, tm_mon=5, tm_mday=25, tm_hour=15, tm_min=13, tm_sec=5, tm_wday=2, tm_yday=145, tm_isdst=-1)",2022-05-25,2022,5,145,25,13
2022-05-25 15:15:35,40.7658,-111.909126,1256.5,-9999.0,-9999.0,-9999.0,13.7,21.75,21.52,17.04,5.0,2.0,21.5,19.0,875.9,0.0,6.0,2.17,29.9,826.9,-9999.0,-9999.0,-9999.0,-9999.0,-9999.0,-9999.0,-9999.0,0.0,0,1,"time.struct_time(tm_year=2022, tm_mon=5, tm_mday=25, tm_hour=15, tm_min=15, tm_sec=35, tm_wday=2, tm_yday=145, tm_isdst=-1)",2022-05-25,2022,5,145,25,15
2022-05-25 15:18:05,40.765717,-111.90918,1256.9,-9999.0,-9999.0,-9999.0,13.7,21.9,21.58,17.06,7.0,2.0,21.61,19.0,876.1,0.0,7.2,2.18,30.4,827.5,-9999.0,-9999.0,-9999.0,-9999.0,-9999.0,-9999.0,-9999.0,0.0,0,1,"time.struct_time(tm_year=2022, tm_mon=5, tm_mday=25, tm_hour=15, tm_min=18, tm_sec=5, tm_wday=2, tm_yday=145, tm_isdst=-1)",2022-05-25,2022,5,145,25,18
2022-05-25 15:20:35,40.765717,-111.908928,1255.5,-9999.0,-9999.0,-9999.0,13.7,22.05,21.61,16.63,7.0,2.0,21.72,18.0,876.2,0.0,8.6,2.18,30.9,827.1,-9999.0,-9999.0,-9999.0,-9999.0,-9999.0,-9999.0,-9999.0,0.0,0,1,"time.struct_time(tm_year=2022, tm_mon=5, tm_mday=25, tm_hour=15, tm_min=20, tm_sec=35, tm_wday=2, tm_yday=145, tm_isdst=-1)",2022-05-25,2022,5,145,25,20
2022-05-25 15:23:05,40.765644,-111.909126,1258.0,-9999.0,-9999.0,-9999.0,13.7,22.2,21.65,16.86,9.0,2.0,21.78,18.0,875.9,0.0,8.1,2.19,31.3,827.6,-9999.0,-9999.0,-9999.0,-9999.0,-9999.0,-9999.0,-9999.0,0.0,0,1,"time.struct_time(tm_year=2022, tm_mon=5, tm_mday=25, tm_hour=15, tm_min=23, tm_sec=5, tm_wday=2, tm_yday=145, tm_isdst=-1)",2022-05-25,2022,5,145,25,23
2022-05-25 15:25:35,40.765728,-111.908859,1267.5,-9999.0,-9999.0,-9999.0,13.7,22.34,21.67,16.08,9.0,2.0,21.89,18.0,876.2,0.0,7.6,2.19,31.8,827.1,-9999.0,-9999.0,-9999.0,-9999.0,-9999.0,-9999.0,-9999.0,0.0,0,1,"time.struct_time(tm_year=2022, tm_mon=5, tm_mday=25, tm_hour=15, tm_min=25, tm_sec=35, tm_wday=2, tm_yday=145, tm_isdst=-1)",2022-05-25,2022,5,145,25,25
2022-05-25 15:28:05,40.765694,-111.908737,1269.5,-9999.0,-9999.0,-9999.0,13.7,22.49,21.71,16.21,7.0,2.0,22.0,18.0,876.0,0.0,10.1,2.19,32.2,827.7,-9999.0,-9999.0,-9999.0,-9999.0,-9999.0,-9999.0,-9999.0,0.0,0,1,"time.struct_time(tm_year=2022, tm_mon=5, tm_mday=25, tm_hour=15, tm_min=28, tm_sec=5, tm_wday=2, tm_yday=145, tm_isdst=-1)",2022-05-25,2022,5,145,25,28
2022-05-25 15:30:35,40.765747,-111.909012,1276.9,-9999.0,-9999.0,-9999.0,13.7,22.63,21.73,15.99,7.0,2.0,22.11,18.0,876.1,0.0,9.0,2.21,32.5,827.2,-9999.0,-9999.0,-9999.0,-9999.0,-9999.0,-9999.0,-9999.0,0.0,0,1,"time.struct_time(tm_year=2022, tm_mon=5, tm_mday=25, tm_hour=15, tm_min=30, tm_sec=35, tm_wday=2, tm_yday=145, tm_isdst=-1)",2022-05-25,2022,5,145,25,30
2022-05-25 15:33:05,40.765755,-111.909294,1275.3,-9999.0,-9999.0,-9999.0,13.7,22.76,21.75,15.93,6.0,2.0,22.22,17.0,875.9,0.0,9.8,2.2,32.9,827.7,-9999.0,-9999.0,-9999.0,-9999.0,-9999.0,-9999.0,-9999.0,0.0,0,1,"time.struct_time(tm_year=2022, tm_mon=5, tm_mday=25, tm_hour=15, tm_min=33, tm_sec=5, tm_wday=2, tm_yday=145, tm_isdst=-1)",2022-05-25,2022,5,145,25,33
2022-05-25 15:35:35,40.765736,-111.909233,1276.2,-9999.0,-9999.0,-9999.0,13.7,22.89,21.78,15.71,8.0,2.0,22.28,17.0,876.0,0.0,12.0,2.19,33.2,827.3,-9999.0,-9999.0,-9999.0,-9999.0,-9999.0,-9999.0,-9999.0,0.0,0,1,"time.struct_time(tm_year=2022, tm_mon=5, tm_mday=25, tm_hour=15, tm_min=35, tm_sec=35, tm_wday=2, tm_yday=145, tm_isdst=-1)",2022-05-25,2022,5,145,25,35
2022-05-25 15:38:05,40.765713,-111.909019,1280.9,-9999.0,-9999.0,-9999.0,13.7,23.02,21.84,15.5,5.0,2.0,22.39,17.0,876.1,0.0,14.2,2.2,33.5,827.8,-9999.0,-9999.0,-9999.0,-9999.0,-9999.0,-9999.0,-9999.0,0.0,0,1,"time.struct_time(tm_year=2022, tm_mon=5, tm_mday=25, tm_hour=15, tm_min=38, tm_sec=5, tm_wday=2, tm_yday=145, tm_isdst=-1)",2022-05-25,2022,5,145,25,38
2022-05-25 15:40:35,40.765774,-111.909058,1281.0,-9999.0,-9999.0,-9999.0,13.7,23.14,21.85,14.79,8.0,2.0,22.5,17.0,876.1,0.0,13.6,2.2,33.8,827.2,-9999.0,-9999.0,-9999.0,-9999.0,-9999.0,-9999.0,-9999.0,0.0,0,1,"time.struct_time(tm_year=2022, tm_mon=5, tm_mday=25, tm_hour=15, tm_min=40, tm_sec=35, tm_wday=2, tm_yday=145, tm_isdst=-1)",2022-05-25,2022,5,145,25,40
2022-05-25 15:43:05,40.765686,-111.908897,1277.1,-9999.0,-9999.0,-9999.0,13.7,23.26,21.9,15.04,6.0,2.0,22.61,16.0,876.0,0.0,11.1,2.21,34.0,827.8,-9999.0,-9999.0,-9999.0,-9999.0,-9999.0,-9999.0,-9999.0,0.0,0,1,"time.struct_time(tm_year=2022, tm_mon=5, tm_mday=25, tm_hour=15, tm_min=43, tm_sec=5, tm_wday=2, tm_yday=145, tm_isdst=-1)",2022-05-25,2022,5,145,25,43
2022-05-25 15:45:35,40.765717,-111.908981,1275.6,-9999.0,-9999.0,-9999.0,13.7,23.37,21.91,14.98,6.0,2.0,22.72,16.0,876.0,0.0,12.3,2.2,34.3,827.3,-9999.0,-9999.0,-9999.0,-9999.0,-9999.0,-9999.0,-9999.0,0.0,0,1,"time.struct_time(tm_year=2022, tm_mon=5, tm_mday=25, tm_hour=15, tm_min=45, tm_sec=35, tm_wday=2, tm_yday=145, tm_isdst=-1)",2022-05-25,2022,5,145,25,45
2022-05-25 15:48:05,40.765728,-111.909279,1278.9,-9999.0,-9999.0,-9999.0,13.7,23.49,21.96,14.95,9.0,2.0,22.78,16.0,876.0,0.0,13.3,2.2,34.5,827.9,-9999.0,-9999.0,-9999.0,-9999.0,-9999.0,-9999.0,-9999.0,0.0,0,1,"time.struct_time(tm_year=2022, tm_mon=5, tm_mday=25, tm_hour=15, tm_min=48, tm_sec=5, tm_wday=2, tm_yday=145, tm_isdst=-1)",2022-05-25,2022,5,145,25,48
2022-05-25 15:50:35,40.765774,-111.908844,1281.4,-9999.0,-9999.0,-9999.0,13.7,23.59,21.95,14.5,5.0,2.0,22.78,16.0,876.0,0.0,13.0,2.21,34.7,827.3,-9999.0,-9999.0,-9999.0,-9999.0,-9999.0,-9999.0,-9999.0,0.0,0,1,"time.struct_time(tm_year=2022, tm_mon=5, tm_mday=25, tm_hour=15, tm_min=50, tm_sec=35, tm_wday=2, tm_yday=145, tm_isdst=-1)",2022-05-25,2022,5,145,25,50
2022-05-25 15:53:05,40.765793,-111.908714,1281.7,-9999.0,-9999.0,-9999.0,13.7,23.7,21.97,14.55,8.0,2.0,22.89,16.0,876.0,0.0,11.4,2.21,34.9,827.9,-9999.0,-9999.0,-9999.0,-9999.0,-9999.0,-9999.0,-9999.0,0.0,0,1,"time.struct_time(tm_year=2022, tm_mon=5, tm_mday=25, tm_hour=15, tm_min=53, tm_sec=5, tm_wday=2, tm_yday=145, tm_isdst=-1)",2022-05-25,2022,5,145,25,53
2022-05-25 15:56:40,40.765572,-111.908989,1280.1,-9999.0,-9999.0,-9999.0,13.7,23.84,22.01,14.2,7.0,2.0,23.0,15.0,876.2,0.0,14.1,2.21,35.2,827.8,-9999.0,-9999.0,-9999.0,-9999.0,-9999.0,-9999.0,-9999.0,0.0,0,1,"time.struct_time(tm_year=2022, tm_mon=5, tm_mday=25, tm_hour=15, tm_min=56, tm_sec=40, tm_wday=2, tm_yday=145, tm_isdst=-1)",2022-05-25,2022,5,145,25,56
2022-05-25 15:59:10,40.765667,-111.908958,1290.8,-9999.0,-9999.0,-9999.0,13.7,23.94,22.05,13.48,9.0,2.0,23.11,15.0,876.0,0.0,15.1,2.22,35.4,827.3,-9999.0,-9999.0,-9999.0,-9999.0,-9999.0,-9999.0,-9999.0,0.0,0,1,"time.struct_time(tm_year=2022, tm_mon=5, tm_mday=25, tm_hour=15, tm_min=59, tm_sec=10, tm_wday=2, tm_yday=145, tm_isdst=-1)",2022-05-25,2022,5,145,25,59
2022-05-25 16:01:40,40.765598,-111.908653,1305.0,-9999.0,-9999.0,-9999.0,13.7,24.03,22.13,13.49,9.0,2.0,23.22,15.0,876.0,0.0,19.5,2.23,35.6,827.9,-9999.0,-9999.0,-9999.0,-9999.0,-9999.0,-9999.0,-9999.0,0.0,0,1,"time.struct_time(tm_year=2022, tm_mon=5, tm_mday=25, tm_hour=16, tm_min=1, tm_sec=40, tm_wday=2, tm_yday=145, tm_isdst=-1)",2022-05-25,2022,5,145,25,1
2022-05-25 16:04:10,40.765541,-111.908493,1300.8,-9999.0,-9999.0,-9999.0,13.7,24.12,22.17,13.74,8.0,2.0,23.22,15.0,876.0,0.0,19.5,2.22,35.7,827.1,-9999.0,-9999.0,-9999.0,-9999.0,-9999.0,-9999.0,-9999.0,0.0,0,1,"time.struct_time(tm_year=2022, tm_mon=5, tm_mday=25, tm_hour=16, tm_min=4, tm_sec=10, tm_wday=2, tm_yday=145, tm_isdst=-1)",2022-05-25,2022,5,145,25,4
2022-05-25 16:06:40,40.765709,-111.908714,1299.3,-9999.0,-9999.0,-9999.0,13.7,24.21,22.2,13.16,9.0,2.0,23.28,15.0,876.1,0.0,18.2,2.22,35.9,827.9,-9999.0,-9999.0,-9999.0,-9999.0,-9999.0,-9999.0,-9999.0,0.0,0,1,"time.struct_time(tm_year=2022, tm_mon=5, tm_mday=25, tm_hour=16, tm_min=6, tm_sec=40, tm_wday=2, tm_yday=145, tm_isdst=-1)",2022-05-25,2022,5,145,25,6
2022-05-25 16:09:10,40.765667,-111.908638,1285.2,-9999.0,-9999.0,-9999.0,13.7,24.3,22.21,12.92,8.0,2.0,23.39,14.0,875.9,0.0,16.6,2.22,36.1,827.3,-9999.0,-9999.0,-9999.0,-9999.0,-9999.0,-9999.0,-9999.0,0.0,0,1,"time.struct_time(tm_year=2022, tm_mon=5, tm_mday=25, tm_hour=16, tm_min=9, tm_sec=10, tm_wday=2, tm_yday=145, tm_isdst=-1)",2022-05-25,2022,5,145,25,9
2022-05-25 16:11:40,40.765701,-111.908798,1278.0,-9999.0,-9999.0,-9999.0,13.66,24.39,22.3,12.87,7.0,2.0,23.5,14.0,876.0,0.0,21.5,2.21,36.2,827.9,-9999.0,-9999.0,-9999.0,-9999.0,-9999.0,-9999.0,-9999.0,0.0,0,1,"time.struct_time(tm_year=2022, tm_mon=5, tm_mday=25, tm_hour=16, tm_min=11, tm_sec=40, tm_wday=2, tm_yday=145, tm_isdst=-1)",2022-05-25,2022,5,145,25,11
2022-05-25 16:14:10,40.765755,-111.909035,1274.8,-9999.0,-9999.0,-9999.0,13.66,24.47,22.29,12.56,5.0,2.0,23.5,14.0,876.0,0.0,19.1,2.22,36.3,827.3,-9999.0,-9999.0,-9999.0,-9999.0,-9999.0,-9999.0,-9999.0,0.0,0,1,"time.struct_time(tm_year=2022, tm_mon=5, tm_mday=25, tm_hour=16, tm_min=14, tm_sec=10, tm_wday=2, tm_yday=145, tm_isdst=-1)",2022-05-25,2022,5,145,25,14
2022-05-25 16:16:40,40.765617,-111.908951,1280.5,-9999.0,-9999.0,-9999.0,13.66,24.55,22.32,12.75,6.0,2.0,23.61,14.0,875.9,0.0,17.8,2.23,36.5,827.9,-9999.0,-9999.0,-9999.0,-9999.0,-9999.0,-9999.0,-9999.0,0.0,0,1,"time.struct_time(tm_year=2022, tm_mon=5, tm_mday=25, tm_hour=16, tm_min=16, tm_sec=40, tm_wday=2, tm_yday=145, tm_isdst=-1)",2022-05-25,2022,5,145,25,16
2022-05-25 16:19:10,40.765888,-111.908722,1283.0,-9999.0,-9999.0,-9999.0,13.66,24.63,22.38,12.38,7.0,2.0,23.72,14.0,876.0,0.0,18.4,2.21,36.6,827.3,-9999.0,-9999.0,-9999.0,-9999.0,-9999.0,-9999.0,-9999.0,0.0,0,1,"time.struct_time(tm_year=2022, tm_mon=5, tm_mday=25, tm_hour=16, tm_min=19, tm_sec=10, tm_wday=2, tm_yday=145, tm_isdst=-1)",2022-05-25,2022,5,145,25,19
2022-05-25 16:21:40,40.765892,-111.908699,1287.3,-9999.0,-9999.0,-9999.0,13.66,24.71,22.42,12.48,7.0,2.0,23.72,14.0,875.8,0.0,22.1,2.22,36.7,828.0,-9999.0,-9999.0,-9999.0,-9999.0,-9999.0,-9999.0,-9999.0,0.0,0,1,"time.struct_time(tm_year=2022, tm_mon=5, tm_mday=25, tm_hour=16, tm_min=21, tm_sec=40, tm_wday=2, tm_yday=145, tm_isdst=-1)",2022-05-25,2022,5,145,25,21
2022-05-25 16:24:10,40.765709,-111.908691,1288.1,-9999.0,-9999.0,-9999.0,13.66,24.78,22.46,11.88,6.0,2.0,23.78,13.0,876.1,0.0,24.0,2.22,36.8,827.2,-9999.0,-9999.0,-9999.0,-9999.0,-9999.0,-9999.0,-9999.0,0.0,0,1,"time.struct_time(tm_year=2022, tm_mon=5, tm_mday=25, tm_hour=16, tm_min=24, tm_sec=10, tm_wday=2, tm_yday=145, tm_isdst=-1)",2022-05-25,2022,5,145,25,24
2022-05-25 16:26:40,40.765736,-111.908752,1283.4,-9999.0,-9999.0,-9999.0,13.66,24.86,22.51,11.96,5.0,2.0,23.89,13.0,875.9,0.0,27.5,2.24,36.9,827.8,-9999.0,-9999.0,-9999.0,-9999.0,-9999.0,-9999.0,-9999.0,0.0,0,1,"time.struct_time(tm_year=2022, tm_mon=5, tm_mday=25, tm_hour=16, tm_min=26, tm_sec=40, tm_wday=2, tm_yday=145, tm_isdst=-1)",2022-05-25,2022,5,145,25,26
2022-05-25 16:29:10,40.765659,-111.908562,1283.9,-9999.0,-9999.0,-9999.0,13.66,24.93,22.52,12.06,5.0,2.0,23.89,13.0,876.0,0.0,24.7,2.22,37.1,827.3,-9999.0,-9999.0,-9999.0,-9999.0,-9999.0,-9999.0,-9999.0,0.0,0,1,"time.struct_time(tm_year=2022, tm_mon=5, tm_mday=25, tm_hour=16, tm_min=29, tm_sec=10, tm_wday=2, tm_yday=145, tm_isdst=-1)",2022-05-25,2022,5,145,25,29
2022-05-25 16:31:40,40.765667,-111.908691,1286.1,-9999.0,-9999.0,-9999.0,13.66,25.0,22.54,12.06,5.0,2.0,24.0,13.0,875.8,0.0,27.8,2.21,37.2,827.8,-9999.0,-9999.0,-9999.0,-9999.0,-9999.0,-9999.0,-9999.0,0.0,0,1,"time.struct_time(tm_year=2022, tm_mon=5, tm_mday=25, tm_hour=16, tm_min=31, tm_sec=40, tm_wday=2, tm_yday=145, tm_isdst=-1)",2022-05-25,2022,5,145,25,31
2022-05-25 16:34:10,40.765678,-111.908844,1288.4,-9999.0,-9999.0,-9999.0,13.66,25.07,22.58,12.52,10.0,2.0,24.0,13.0,875.8,0.0,23.5,2.23,37.3,827.3,-9999.0,-9999.0,-9999.0,-9999.0,-9999.0,-9999.0,-9999.0,0.0,0,1,"time.struct_time(tm_year=2022, tm_mon=5, tm_mday=25, tm_hour=16, tm_min=34, tm_sec=10, tm_wday=2, tm_yday=145, tm_isdst=-1)",2022-05-25,2022,5,145,25,34
2022-05-25 16:36:40,40.765678,-111.908653,1288.6,-9999.0,-9999.0,-9999.0,13.66,25.14,22.6,12.36,7.0,2.0,24.11,13.0,876.0,0.0,22.3,2.22,37.4,827.8,-9999.0,-9999.0,-9999.0,-9999.0,-9999.0,-9999.0,-9999.0,0.0,0,1,"time.struct_time(tm_year=2022, tm_mon=5, tm_mday=25, tm_hour=16, tm_min=36, tm_sec=40, tm_wday=2, tm_yday=145, tm_isdst=-1)",2022-05-25,2022,5,145,25,36
2022-05-25 16:39:10,40.765656,-111.908752,1289.7,-9999.0,-9999.0,-9999.0,13.66,25.21,22.71,12.32,9.0,2.0,24.22,13.0,875.9,0.0,19.7,2.21,37.5,827.3,-9999.0,-9999.0,-9999.0,-9999.0,-9999.0,-9999.0,-9999.0,0.0,0,1,"time.struct_time(tm_year=2022, tm_mon=5, tm_mday=25, tm_hour=16, tm_min=39, tm_sec=10, tm_wday=2, tm_yday=145, tm_isdst=-1)",2022-05-25,2022,5,145,25,39
2022-05-25 16:41:40,40.765652,-111.908775,1294.0,-9999.0,-9999.0,-9999.0,13.67,25.27,22.72,11.93,8.0,2.0,24.22,13.0,876.1,0.0,24.9,2.23,37.5,827.9,-9999.0,-9999.0,-9999.0,-9999.0,-9999.0,-9999.0,-9999.0,0.0,0,1,"time.struct_time(tm_year=2022, tm_mon=5, tm_mday=25, tm_hour=16, tm_min=41, tm_sec=40, tm_wday=2, tm_yday=145, tm_isdst=-1)",2022-05-25,2022,5,145,25,41
2022-05-25 16:44:10,40.765629,-111.908623,1296.5,-9999.0,-9999.0,-9999.0,13.67,25.34,22.76,12.13,7.0,2.0,24.28,13.0,876.0,0.0,23.5,2.23,37.6,827.3,-9999.0,-9999.0,-9999.0,-9999.0,-9999.0,-9999.0,-9999.0,0.0,0,1,"time.struct_time(tm_year=2022, tm_mon=5, tm_mday=25, tm_hour=16, tm_min=44, tm_sec=10, tm_wday=2, tm_yday=145, tm_isdst=-1)",2022-05-25,2022,5,145,25,44
2022-05-25 16:46:40,40.765671,-111.908699,1294.7,-9999.0,-9999.0,-9999.0,13.66,25.4,22.78,11.7,6.0,2.0,24.39,12.0,875.9,0.0,24.5,2.22,37.7,827.9,-9999.0,-9999.0,-9999.0,-9999.0,-9999.0,-9999.0,-9999.0,0.0,0,1,"time.struct_time(tm_year=2022, tm_mon=5, tm_mday=25, tm_hour=16, tm_min=46, tm_sec=40, tm_wday=2, tm_yday=145, tm_isdst=-1)",2022-05-25,2022,5,145,25,46
2022-05-25 16:49:10,40.765705,-111.908745,1294.2,-9999.0,-9999.0,-9999.0,13.66,25.46,22.84,12.14,8.0,2.0,24.39,12.0,876.1,0.0,21.2,2.23,37.8,827.2,-9999.0,-9999.0,-9999.0,-9999.0,-9999.0,-9999.0,-9999.0,0.0,0,1,"time.struct_time(tm_year=2022, tm_mon=5, tm_mday=25, tm_hour=16, tm_min=49, tm_sec=10, tm_wday=2, tm_yday=145, tm_isdst=-1)",2022-05-25,2022,5,145,25,49
2022-05-25 16:51:40,40.765732,-111.908569,1295.6,-9999.0,-9999.0,-9999.0,13.67,25.53,22.86,12.18,9.0,2.0,24.5,12.0,875.9,0.0,21.3,2.24,37.9,827.9,-9999.0,-9999.0,-9999.0,-9999.0,-9999.0,-9999.0,-9999.0,0.0,0,1,"time.struct_time(tm_year=2022, tm_mon=5, tm_mday=25, tm_hour=16, tm_min=51, tm_sec=40, tm_wday=2, tm_yday=145, tm_isdst=-1)",2022-05-25,2022,5,145,25,51
2022-05-25 16:54:10,40.765732,-111.908859,1296.7,-9999.0,-9999.0,-9999.0,13.66,25.59,22.9,11.98,11.0,2.0,24.5,12.0,876.0,0.0,19.6,2.23,38.0,827.3,-9999.0,-9999.0,-9999.0,-9999.0,-9999.0,-9999.0,-9999.0,0.0,0,1,"time.struct_time(tm_year=2022, tm_mon=5, tm_mday=25, tm_hour=16, tm_min=54, tm_sec=10, tm_wday=2, tm_yday=145, tm_isdst=-1)",2022-05-25,2022,5,145,25,54
2022-05-25 16:57:45,40.765678,-111.908714,1297.3,-9999.0,-9999.0,-9999.0,13.66,25.67,22.98,11.77,8.0,2.0,24.61,12.0,876.0,0.0,26.9,2.23,38.1,827.8,-9999.0,-9999.0,-9999.0,-9999.0,-9999.0,-9999.0,-9999.0,0.0,0,1,"time.struct_time(tm_year=2022, tm_mon=5, tm_mday=25, tm_hour=16, tm_min=57, tm_sec=45, tm_wday=2, tm_yday=145, tm_isdst=-1)",2022-05-25,2022,5,145,25,57
2022-05-25 17:00:15,40.765663,-111.908524,1297.6,-9999.0,-9999.0,-9999.0,13.66,25.73,23.06,11.55,8.0,2.0,24.72,12.0,876.1,0.0,20.0,2.24,38.2,827.2,-9999.0,-9999.0,-9999.0,-9999.0,-9999.0,-9999.0,-9999.0,0.0,0,1,"time.struct_time(tm_year=2022, tm_mon=5, tm_mday=25, tm_hour=17, tm_min=0, tm_sec=15, tm_wday=2, tm_yday=145, tm_isdst=-1)",2022-05-25,2022,5,145,25,0
2022-05-25 17:02:45,40.765835,-111.908768,1299.6,-9999.0,-9999.0,-9999.0,13.66,25.79,23.04,11.04,5.0,2.0,24.72,12.0,876.0,0.0,29.1,2.23,38.2,827.8,-9999.0,-9999.0,-9999.0,-9999.0,-9999.0,-9999.0,-9999.0,0.0,0,1,"time.struct_time(tm_year=2022, tm_mon=5, tm_mday=25, tm_hour=17, tm_min=2, tm_sec=45, tm_wday=2, tm_yday=145, tm_isdst=-1)",2022-05-25,2022,5,145,25,2
2022-05-25 17:05:15,40.765858,-111.90889,1298.5,-9999.0,-9999.0,-9999.0,13.66,25.85,23.06,11.05,6.0,2.0,24.78,12.0,876.1,0.0,29.0,2.23,38.3,827.3,-9999.0,-9999.0,-9999.0,-9999.0,-9999.0,-9999.0,-9999.0,0.0,0,1,"time.struct_time(tm_year=2022, tm_mon=5, tm_mday=25, tm_hour=17, tm_min=5, tm_sec=15, tm_wday=2, tm_yday=145, tm_isdst=-1)",2022-05-25,2022,5,145,25,5
2022-05-25 17:07:45,40.765839,-111.908592,1299.8,-9999.0,-9999.0,-9999.0,13.66,25.9,23.08,10.87,5.0,2.0,24.78,11.0,876.2,0.0,26.5,2.23,38.4,827.2,-9999.0,-9999.0,-9999.0,-9999.0,-9999.0,-9999.0,-9999.0,0.0,0,1,"time.struct_time(tm_year=2022, tm_mon=5, tm_mday=25, tm_hour=17, tm_min=7, tm_sec=45, tm_wday=2, tm_yday=145, tm_isdst=-1)",2022-05-25,2022,5,145,25,7
2022-05-25 17:10:15,40.765724,-111.908562,1303.5,-9999.0,-9999.0,-9999.0,13.67,25.96,23.12,10.89,6.0,2.0,24.89,11.0,876.0,0.0,23.3,2.23,38.4,827.3,-9999.0,-9999.0,-9999.0,-9999.0,-9999.0,-9999.0,-9999.0,0.0,0,1,"time.struct_time(tm_year=2022, tm_mon=5, tm_mday=25, tm_hour=17, tm_min=10, tm_sec=15, tm_wday=2, tm_yday=145, tm_isdst=-1)",2022-05-25,2022,5,145,25,10
2022-05-25 17:13:00,40.765736,-111.908447,1300.4,-9999.0,-9999.0,-9999.0,13.66,26.01,23.14,11.06,5.0,2.0,24.89,11.0,875.9,0.0,23.8,2.24,38.5,828.0,-9999.0,-9999.0,-9999.0,-9999.0,-9999.0,-9999.0,-9999.0,0.0,0,1,"time.struct_time(tm_year=2022, tm_mon=5, tm_mday=25, tm_hour=17, tm_min=13, tm_sec=0, tm_wday=2, tm_yday=145, tm_isdst=-1)",2022-05-25,2022,5,145,25,13
2022-05-25 17:15:30,40.765656,-111.908585,1299.3,-9999.0,-9999.0,-9999.0,13.66,26.07,23.16,11.12,6.0,2.0,25.0,11.0,875.8,0.0,24.6,2.24,38.6,827.2,-9999.0,-9999.0,-9999.0,-9999.0,-9999.0,-9999.0,-9999.0,0.0,0,1,"time.struct_time(tm_year=2022, tm_mon=5, tm_mday=25, tm_hour=17, tm_min=15, tm_sec=30, tm_wday=2, tm_yday=145, tm_isdst=-1)",2022-05-25,2022,5,145,25,15
2022-05-25 17:18:10,40.765934,-111.908752,1292.2,-9999.0,-9999.0,-9999.0,13.66,26.12,23.22,11.1,3.0,2.0,25.11,11.0,876.0,0.0,22.9,2.25,38.6,827.3,-9999.0,-9999.0,-9999.0,-9999.0,-9999.0,-9999.0,-9999.0,0.0,0,1,"time.struct_time(tm_year=2022, tm_mon=5, tm_mday=25, tm_hour=17, tm_min=18, tm_sec=10, tm_wday=2, tm_yday=145, tm_isdst=-1)",2022-05-25,2022,5,145,25,18
2022-05-25 17:20:40,40.765759,-111.908836,1292.0,-9999.0,-9999.0,-9999.0,13.66,26.17,23.27,10.78,4.0,2.0,25.11,11.0,876.0,0.0,29.6,2.23,38.7,827.8,-9999.0,-9999.0,-9999.0,-9999.0,-9999.0,-9999.0,-9999.0,0.0,0,1,"time.struct_time(tm_year=2022, tm_mon=5, tm_mday=25, tm_hour=17, tm_min=20, tm_sec=40, tm_wday=2, tm_yday=145, tm_isdst=-1)",2022-05-25,2022,5,145,25,20
2022-05-25 17:23:10,40.765751,-111.908691,1293.2,-9999.0,-9999.0,-9999.0,13.66,26.22,23.31,10.97,5.0,2.0,25.22,11.0,875.7,0.0,25.6,2.24,38.8,827.1,-9999.0,-9999.0,-9999.0,-9999.0,-9999.0,-9999.0,-9999.0,0.0,0,1,"time.struct_time(tm_year=2022, tm_mon=5, tm_mday=25, tm_hour=17, tm_min=23, tm_sec=10, tm_wday=2, tm_yday=145, tm_isdst=-1)",2022-05-25,2022,5,145,25,23
2022-05-25 17:25:40,40.765701,-111.908585,1293.7,-9999.0,-9999.0,-9999.0,13.66,26.28,23.35,10.86,4.0,2.0,25.22,11.0,876.1,0.0,20.3,2.24,38.8,827.9,-9999.0,-9999.0,-9999.0,-9999.0,-9999.0,-9999.0,-9999.0,0.0,0,1,"time.struct_time(tm_year=2022, tm_mon=5, tm_mday=25, tm_hour=17, tm_min=25, tm_sec=40, tm_wday=2, tm_yday=145, tm_isdst=-1)",2022-05-25,2022,5,145,25,25
2022-05-25 17:28:10,40.7658,-111.908653,1295.1,-9999.0,-9999.0,-9999.0,13.67,26.33,23.38,10.87,4.0,2.0,25.28,11.0,876.1,0.0,24.1,2.25,38.9,827.2,-9999.0,-9999.0,-9999.0,-9999.0,-9999.0,-9999.0,-9999.0,0.0,0,1,"time.struct_time(tm_year=2022, tm_mon=5, tm_mday=25, tm_hour=17, tm_min=28, tm_sec=10, tm_wday=2, tm_yday=145, tm_isdst=-1)",2022-05-25,2022,5,145,25,28
2022-05-25 17:30:40,40.765598,-111.908546,1295.9,-9999.0,-9999.0,-9999.0,13.67,26.38,23.42,11.15,4.0,2.0,25.28,11.0,876.0,0.0,23.2,2.24,38.9,828.0,-9999.0,-9999.0,-9999.0,-9999.0,-9999.0,-9999.0,-9999.0,0.0,0,1,"time.struct_time(tm_year=2022, tm_mon=5, tm_mday=25, tm_hour=17, tm_min=30, tm_sec=40, tm_wday=2, tm_yday=145, tm_isdst=-1)",2022-05-25,2022,5,145,25,30
2022-05-25 17:33:10,40.76556,-111.908714,1295.6,-9999.0,-9999.0,-9999.0,13.66,26.43,23.47,11.32,4.0,2.0,25.28,11.0,875.9,0.0,27.5,2.24,39.0,827.2,-9999.0,-9999.0,-9999.0,-9999.0,-9999.0,-9999.0,-9999.0,0.0,0,1,"time.struct_time(tm_year=2022, tm_mon=5, tm_mday=25, tm_hour=17, tm_min=33, tm_sec=10, tm_wday=2, tm_yday=145, tm_isdst=-1)",2022-05-25,2022,5,145,25,33
2022-05-25 17:35:40,40.765629,-111.908539,1293.7,-9999.0,-9999.0,-9999.0,13.67,26.47,23.5,11.17,6.0,2.0,25.39,11.0,875.8,0.0,22.7,2.23,39.1,827.7,-9999.0,-9999.0,-9999.0,-9999.0,-9999.0,-9999.0,-9999.0,0.0,0,1,"time.struct_time(tm_year=2022, tm_mon=5, tm_mday=25, tm_hour=17, tm_min=35, tm_sec=40, tm_wday=2, tm_yday=145, tm_isdst=-1)",2022-05-25,2022,5,145,25,35
2022-05-25 17:38:10,40.765533,-111.908943,1280.9,-9999.0,-9999.0,-9999.0,13.66,26.52,23.54,11.48,6.0,2.0,25.39,11.0,875.9,0.0,21.2,2.24,39.1,827.2,-9999.0,-9999.0,-9999.0,-9999.0,-9999.0,-9999.0,-9999.0,0.0,0,1,"time.struct_time(tm_year=2022, tm_mon=5, tm_mday=25, tm_hour=17, tm_min=38, tm_sec=10, tm_wday=2, tm_yday=145, tm_isdst=-1)",2022-05-25,2022,5,145,25,38
2022-05-25 17:40:40,40.765617,-111.908264,1275.4,-9999.0,-9999.0,-9999.0,13.66,26.56,23.58,11.64,6.0,2.0,25.5,11.0,875.8,0.0,23.4,2.25,39.2,827.7,-9999.0,-9999.0,-9999.0,-9999.0,-9999.0,-9999.0,-9999.0,0.0,0,1,"time.struct_time(tm_year=2022, tm_mon=5, tm_mday=25, tm_hour=17, tm_min=40, tm_sec=40, tm_wday=2, tm_yday=145, tm_isdst=-1)",2022-05-25,2022,5,145,25,40
2022-05-25 17:43:10,40.765652,-111.908539,1273.7,-9999.0,-9999.0,-9999.0,13.67,26.61,23.61,11.77,6.0,2.0,25.5,11.0,876.0,0.0,20.5,2.24,39.2,827.1,-9999.0,-9999.0,-9999.0,-9999.0,-9999.0,-9999.0,-9999.0,0.0,0,1,"time.struct_time(tm_year=2022, tm_mon=5, tm_mday=25, tm_hour=17, tm_min=43, tm_sec=10, tm_wday=2, tm_yday=145, tm_isdst=-1)",2022-05-25,2022,5,145,25,43
2022-05-25 17:45:50,40.765755,-111.909149,1268.3,-9999.0,-9999.0,-9999.0,13.67,26.66,23.61,11.64,6.0,2.0,25.5,11.0,875.8,0.0,24.9,2.23,39.3,827.2,-9999.0,-9999.0,-9999.0,-9999.0,-9999.0,-9999.0,-9999.0,0.0,0,1,"time.struct_time(tm_year=2022, tm_mon=5, tm_mday=25, tm_hour=17, tm_min=45, tm_sec=50, tm_wday=2, tm_yday=145, tm_isdst=-1)",2022-05-25,2022,5,145,25,45
2022-05-25 17:48:20,40.765766,-111.909325,1263.2,-9999.0,-9999.0,-9999.0,13.63,26.7,23.6,11.63,7.0,2.0,25.61,11.0,875.9,0.0,24.1,2.22,39.3,827.8,-9999.0,-9999.0,-9999.0,-9999.0,-9999.0,-9999.0,-9999.0,0.0,0,1,"time.struct_time(tm_year=2022, tm_mon=5, tm_mday=25, tm_hour=17, tm_min=48, tm_sec=20, tm_wday=2, tm_yday=145, tm_isdst=-1)",2022-05-25,2022,5,145,25,48
2022-05-25 17:50:50,40.765739,-111.908882,1269.3,-9999.0,-9999.0,-9999.0,13.63,26.74,23.63,11.74,8.0,2.0,25.61,11.0,875.9,0.0,24.0,2.24,39.4,827.1,-9999.0,-9999.0,-9999.0,-9999.0,-9999.0,-9999.0,-9999.0,0.0,0,1,"time.struct_time(tm_year=2022, tm_mon=5, tm_mday=25, tm_hour=17, tm_min=50, tm_sec=50, tm_wday=2, tm_yday=145, tm_isdst=-1)",2022-05-25,2022,5,145,25,50
2022-05-25 17:53:20,40.765743,-111.909142,1277.5,-9999.0,-9999.0,-9999.0,13.63,26.79,23.65,11.9,7.0,2.0,25.72,11.0,875.7,0.0,25.2,2.24,39.4,827.7,-9999.0,-9999.0,-9999.0,-9999.0,-9999.0,-9999.0,-9999.0,0.0,0,1,"time.struct_time(tm_year=2022, tm_mon=5, tm_mday=25, tm_hour=17, tm_min=53, tm_sec=20, tm_wday=2, tm_yday=145, tm_isdst=-1)",2022-05-25,2022,5,145,25,53
2022-05-25 17:55:50,40.765705,-111.908669,1276.7,-9999.0,-9999.0,-9999.0,13.63,26.83,23.69,11.96,5.0,2.0,25.72,11.0,875.8,0.0,19.7,2.24,39.4,827.1,-9999.0,-9999.0,-9999.0,-9999.0,-9999.0,-9999.0,-9999.0,0.0,0,1,"time.struct_time(tm_year=2022, tm_mon=5, tm_mday=25, tm_hour=17, tm_min=55, tm_sec=50, tm_wday=2, tm_yday=145, tm_isdst=-1)",2022-05-25,2022,5,145,25,55
2022-05-25 17:59:25,40.765709,-111.908745,1277.4,-9999.0,-9999.0,-9999.0,13.63,26.89,23.77,11.83,6.0,2.0,25.78,11.0,875.7,0.0,18.0,2.24,39.5,827.1,-9999.0,-9999.0,-9999.0,-9999.0,-9999.0,-9999.0,-9999.0,0.0,0,1,"time.struct_time(tm_year=2022, tm_mon=5, tm_mday=25, tm_hour=17, tm_min=59, tm_sec=25, tm_wday=2, tm_yday=145, tm_isdst=-1)",2022-05-25,2022,5,145,25,59
2022-05-25 18:01:55,40.765717,-111.908707,1275.5,-9999.0,-9999.0,-9999.0,13.63,26.93,23.77,11.74,7.0,2.0,25.78,11.0,875.8,0.0,22.2,2.25,39.6,827.0,-9999.0,-9999.0,-9999.0,-9999.0,-9999.0,-9999.0,-9999.0,0.0,0,1,"time.struct_time(tm_year=2022, tm_mon=5, tm_mday=25, tm_hour=18, tm_min=1, tm_sec=55, tm_wday=2, tm_yday=145, tm_isdst=-1)",2022-05-25,2022,5,145,25,1
2022-05-25 18:04:25,40.765659,-111.908943,1275.4,-9999.0,-9999.0,-9999.0,13.63,26.97,23.79,11.93,7.0,2.0,25.89,11.0,875.7,0.0,23.0,2.25,39.6,827.0,-9999.0,-9999.0,-9999.0,-9999.0,-9999.0,-9999.0,-9999.0,0.0,0,1,"time.struct_time(tm_year=2022, tm_mon=5, tm_mday=25, tm_hour=18, tm_min=4, tm_sec=25, tm_wday=2, tm_yday=145, tm_isdst=-1)",2022-05-25,2022,5,145,25,4
2022-05-25 18:06:55,40.765778,-111.909241,1278.7,-9999.0,-9999.0,-9999.0,13.63,27.01,23.83,11.67,6.0,2.0,25.89,11.0,875.6,0.0,24.8,2.24,39.7,827.1,-9999.0,-9999.0,-9999.0,-9999.0,-9999.0,-9999.0,-9999.0,0.0,0,1,"time.struct_time(tm_year=2022, tm_mon=5, tm_mday=25, tm_hour=18, tm_min=6, tm_sec=55, tm_wday=2, tm_yday=145, tm_isdst=-1)",2022-05-25,2022,5,145,25,6
2022-05-25 18:09:25,40.765526,-111.908844,1283.1,-9999.0,-9999.0,-9999.0,13.63,27.05,23.86,11.81,7.0,2.0,26.0,11.0,875.8,0.0,20.4,2.25,39.7,827.0,-9999.0,-9999.0,-9999.0,-9999.0,-9999.0,-9999.0,-9999.0,0.0,0,1,"time.struct_time(tm_year=2022, tm_mon=5, tm_mday=25, tm_hour=18, tm_min=9, tm_sec=25, tm_wday=2, tm_yday=145, tm_isdst=-1)",2022-05-25,2022,5,145,25,9
2022-05-25 18:11:55,40.765766,-111.908836,1288.6,-9999.0,-9999.0,-9999.0,13.63,27.09,23.86,12.16,6.0,2.0,26.0,11.0,875.7,0.0,22.3,2.25,39.7,827.1,-9999.0,-9999.0,-9999.0,-9999.0,-9999.0,-9999.0,-9999.0,0.0,0,1,"time.struct_time(tm_year=2022, tm_mon=5, tm_mday=25, tm_hour=18, tm_min=11, tm_sec=55, tm_wday=2, tm_yday=145, tm_isdst=-1)",2022-05-25,2022,5,145,25,11
2022-05-25 18:14:25,40.765766,-111.908875,1285.5,-9999.0,-9999.0,-9999.0,13.63,27.13,23.87,12.32,7.0,2.0,26.0,11.0,875.9,0.0,19.4,2.26,39.8,827.1,-9999.0,-9999.0,-9999.0,-9999.0,-9999.0,-9999.0,-9999.0,0.0,0,1,"time.struct_time(tm_year=2022, tm_mon=5, tm_mday=25, tm_hour=18, tm_min=14, tm_sec=25, tm_wday=2, tm_yday=145, tm_isdst=-1)",2022-05-25,2022,5,145,25,14
2022-05-25 18:16:55,40.765636,-111.908791,1284.7,-9999.0,-9999.0,-9999.0,13.63,27.17,23.91,12.75,7.0,2.0,26.0,11.0,875.7,0.0,21.9,2.25,39.8,827.1,-9999.0,-9999.0,-9999.0,-9999.0,-9999.0,-9999.0,-9999.0,0.0,0,1,"time.struct_time(tm_year=2022, tm_mon=5, tm_mday=25, tm_hour=18, tm_min=16, tm_sec=55, tm_wday=2, tm_yday=145, tm_isdst=-1)",2022-05-25,2022,5,145,25,16
2022-05-25 18:19:25,40.765881,-111.90934,1285.2,-9999.0,-9999.0,-9999.0,13.63,27.2,23.87,12.73,6.0,2.0,26.11,12.0,875.6,0.0,24.2,2.24,39.9,827.0,-9999.0,-9999.0,-9999.0,-9999.0,-9999.0,-9999.0,-9999.0,0.0,0,1,"time.struct_time(tm_year=2022, tm_mon=5, tm_mday=25, tm_hour=18, tm_min=19, tm_sec=25, tm_wday=2, tm_yday=145, tm_isdst=-1)",2022-05-25,2022,5,145,25,19
2022-05-25 18:21:55,40.765617,-111.908318,1282.7,-9999.0,-9999.0,-9999.0,13.63,27.24,23.88,12.69,7.0,2.0,26.11,12.0,875.6,0.0,25.8,2.25,39.9,827.1,-9999.0,-9999.0,-9999.0,-9999.0,-9999.0,-9999.0,-9999.0,0.0,0,1,"time.struct_time(tm_year=2022, tm_mon=5, tm_mday=25, tm_hour=18, tm_min=21, tm_sec=55, tm_wday=2, tm_yday=145, tm_isdst=-1)",2022-05-25,2022,5,145,25,21
2022-05-25 18:24:25,40.765579,-111.908615,1279.1,-9999.0,-9999.0,-9999.0,13.63,27.27,23.87,12.9,8.0,2.0,26.11,12.0,875.7,0.0,22.3,2.24,39.9,827.0,-9999.0,-9999.0,-9999.0,-9999.0,-9999.0,-9999.0,-9999.0,0.0,0,1,"time.struct_time(tm_year=2022, tm_mon=5, tm_mday=25, tm_hour=18, tm_min=24, tm_sec=25, tm_wday=2, tm_yday=145, tm_isdst=-1)",2022-05-25,2022,5,145,25,24
2022-05-25 18:26:55,40.765682,-111.908844,1276.7,-9999.0,-9999.0,-9999.0,13.63,27.3,23.89,12.8,6.0,2.0,26.22,12.0,875.7,0.0,16.1,2.25,40.0,827.0,-9999.0,-9999.0,-9999.0,-9999.0,-9999.0,-9999.0,-9999.0,0.0,0,1,"time.struct_time(tm_year=2022, tm_mon=5, tm_mday=25, tm_hour=18, tm_min=26, tm_sec=55, tm_wday=2, tm_yday=145, tm_isdst=-1)",2022-05-25,2022,5,145,25,26
2022-05-25 18:29:25,40.765762,-111.908943,1278.7,-9999.0,-9999.0,-9999.0,13.63,27.34,23.9,12.99,7.0,2.0,26.22,12.0,875.9,0.0,19.5,2.25,40.0,826.9,-9999.0,-9999.0,-9999.0,-9999.0,-9999.0,-9999.0,-9999.0,0.0,0,1,"time.struct_time(tm_year=2022, tm_mon=5, tm_mday=25, tm_hour=18, tm_min=29, tm_sec=25, tm_wday=2, tm_yday=145, tm_isdst=-1)",2022-05-25,2022,5,145,25,29
2022-05-25 18:31:55,40.765755,-111.908699,1279.6,-9999.0,-9999.0,-9999.0,13.63,27.37,23.91,13.23,7.0,2.0,26.22,12.0,875.7,0.0,21.7,2.25,40.1,826.9,-9999.0,-9999.0,-9999.0,-9999.0,-9999.0,-9999.0,-9999.0,0.0,0,1,"time.struct_time(tm_year=2022, tm_mon=5, tm_mday=25, tm_hour=18, tm_min=31, tm_sec=55, tm_wday=2, tm_yday=145, tm_isdst=-1)",2022-05-25,2022,5,145,25,31
2022-05-25 18:34:25,40.765648,-111.908684,1280.3,-9999.0,-9999.0,-9999.0,13.63,27.4,23.94,13.32,7.0,2.0,26.22,12.0,875.7,0.0,17.9,2.24,40.1,826.9,-9999.0,-9999.0,-9999.0,-9999.0,-9999.0,-9999.0,-9999.0,0.0,0,1,"time.struct_time(tm_year=2022, tm_mon=5, tm_mday=25, tm_hour=18, tm_min=34, tm_sec=25, tm_wday=2, tm_yday=145, tm_isdst=-1)",2022-05-25,2022,5,145,25,34
2022-05-25 18:36:55,40.765575,-111.908768,1283.0,-9999.0,-9999.0,-9999.0,13.63,27.43,23.93,13.19,7.0,2.0,26.28,12.0,875.8,0.0,23.3,2.24,40.1,827.5,-9999.0,-9999.0,-9999.0,-9999.0,-9999.0,-9999.0,-9999.0,0.0,0,1,"time.struct_time(tm_year=2022, tm_mon=5, tm_mday=25, tm_hour=18, tm_min=36, tm_sec=55, tm_wday=2, tm_yday=145, tm_isdst=-1)",2022-05-25,2022,5,145,25,36
2022-05-25 18:39:25,40.765572,-111.908607,1283.2,-9999.0,-9999.0,-9999.0,13.63,27.46,23.95,13.12,6.0,2.0,26.28,12.0,875.6,0.0,21.8,2.24,40.2,826.9,-9999.0,-9999.0,-9999.0,-9999.0,-9999.0,-9999.0,-9999.0,0.0,0,1,"time.struct_time(tm_year=2022, tm_mon=5, tm_mday=25, tm_hour=18, tm_min=39, tm_sec=25, tm_wday=2, tm_yday=145, tm_isdst=-1)",2022-05-25,2022,5,145,25,39
2022-05-25 18:41:55,40.765671,-111.908585,1285.5,-9999.0,-9999.0,-9999.0,13.63,27.5,23.97,13.09,8.0,2.0,26.28,12.0,875.7,0.0,23.3,2.24,40.2,827.5,-9999.0,-9999.0,-9999.0,-9999.0,-9999.0,-9999.0,-9999.0,0.0,0,1,"time.struct_time(tm_year=2022, tm_mon=5, tm_mday=25, tm_hour=18, tm_min=41, tm_sec=55, tm_wday=2, tm_yday=145, tm_isdst=-1)",2022-05-25,2022,5,145,25,41
2022-05-25 18:44:25,40.765709,-111.90892,1282.5,-9999.0,-9999.0,-9999.0,13.63,27.53,23.99,12.99,5.0,2.0,26.28,12.0,875.4,0.0,25.6,2.26,40.2,826.8,-9999.0,-9999.0,-9999.0,-9999.0,-9999.0,-9999.0,-9999.0,0.0,0,1,"time.struct_time(tm_year=2022, tm_mon=5, tm_mday=25, tm_hour=18, tm_min=44, tm_sec=25, tm_wday=2, tm_yday=145, tm_isdst=-1)",2022-05-25,2022,5,145,25,44
2022-05-25 18:46:55,40.765778,-111.909081,1285.3,-9999.0,-9999.0,-9999.0,13.63,27.56,24.01,13.48,10.0,2.0,26.39,12.0,875.7,0.0,20.0,2.25,40.3,827.5,-9999.0,-9999.0,-9999.0,-9999.0,-9999.0,-9999.0,-9999.0,0.0,0,1,"time.struct_time(tm_year=2022, tm_mon=5, tm_mday=25, tm_hour=18, tm_min=46, tm_sec=55, tm_wday=2, tm_yday=145, tm_isdst=-1)",2022-05-25,2022,5,145,25,46
2022-05-25 18:49:25,40.765598,-111.908508,1288.1,-9999.0,-9999.0,-9999.0,13.62,27.59,24.03,13.47,9.0,2.0,26.39,12.0,875.6,0.0,24.7,2.27,40.3,826.8,-9999.0,-9999.0,-9999.0,-9999.0,-9999.0,-9999.0,-9999.0,0.0,0,1,"time.struct_time(tm_year=2022, tm_mon=5, tm_mday=25, tm_hour=18, tm_min=49, tm_sec=25, tm_wday=2, tm_yday=145, tm_isdst=-1)",2022-05-25,2022,5,145,25,49
2022-05-25 18:51:55,40.765736,-111.908485,1289.1,-9999.0,-9999.0,-9999.0,13.63,27.62,24.07,13.54,10.0,2.0,26.39,12.0,875.4,0.0,21.2,2.25,40.3,827.4,-9999.0,-9999.0,-9999.0,-9999.0,-9999.0,-9999.0,-9999.0,0.0,0,1,"time.struct_time(tm_year=2022, tm_mon=5, tm_mday=25, tm_hour=18, tm_min=51, tm_sec=55, tm_wday=2, tm_yday=145, tm_isdst=-1)",2022-05-25,2022,5,145,25,51
2022-05-25 18:54:25,40.765648,-111.908653,1289.8,-9999.0,-9999.0,-9999.0,13.63,27.64,24.14,13.76,8.0,2.0,26.5,12.0,875.6,0.0,18.0,2.25,40.4,826.8,-9999.0,-9999.0,-9999.0,-9999.0,-9999.0,-9999.0,-9999.0,0.0,0,1,"time.struct_time(tm_year=2022, tm_mon=5, tm_mday=25, tm_hour=18, tm_min=54, tm_sec=25, tm_wday=2, tm_yday=145, tm_isdst=-1)",2022-05-25,2022,5,145,25,54
2022-05-25 18:56:55,40.765835,-111.908714,1291.5,-9999.0,-9999.0,-9999.0,13.63,27.67,24.16,13.63,9.0,2.0,26.5,12.0,875.5,0.0,20.3,2.25,40.4,827.3,-9999.0,-9999.0,-9999.0,-9999.0,-9999.0,-9999.0,-9999.0,0.0,0,1,"time.struct_time(tm_year=2022, tm_mon=5, tm_mday=25, tm_hour=18, tm_min=56, tm_sec=55, tm_wday=2, tm_yday=145, tm_isdst=-1)",2022-05-25,2022,5,145,25,56
2022-05-25 19:00:30,40.765495,-111.908333,1295.8,-9999.0,-9999.0,-9999.0,13.63,27.71,24.15,13.75,11.0,2.0,26.5,12.0,875.5,0.0,16.2,2.25,40.4,826.7,-9999.0,-9999.0,-9999.0,-9999.0,-9999.0,-9999.0,-9999.0,0.0,0,1,"time.struct_time(tm_year=2022, tm_mon=5, tm_mday=25, tm_hour=19, tm_min=0, tm_sec=30, tm_wday=2, tm_yday=145, tm_isdst=-1)",2022-05-25,2022,5,145,25,0
2022-05-25 19:03:10,40.765442,-111.908478,1301.0,-9999.0,-9999.0,-9999.0,13.62,27.74,24.15,13.75,10.0,2.0,26.5,12.0,875.6,0.0,16.0,2.25,40.5,826.6,-9999.0,-9999.0,-9999.0,-9999.0,-9999.0,-9999.0,-9999.0,0.0,0,1,"time.struct_time(tm_year=2022, tm_mon=5, tm_mday=25, tm_hour=19, tm_min=3, tm_sec=10, tm_wday=2, tm_yday=145, tm_isdst=-1)",2022-05-25,2022,5,145,25,3
2022-05-25 19:05:40,40.765533,-111.908501,1305.1,-9999.0,-9999.0,-9999.0,13.63,27.76,24.17,13.75,9.0,2.0,26.61,12.0,875.5,0.0,14.9,2.25,40.5,827.2,-9999.0,-9999.0,-9999.0,-9999.0,-9999.0,-9999.0,-9999.0,0.0,0,1,"time.struct_time(tm_year=2022, tm_mon=5, tm_mday=25, tm_hour=19, tm_min=5, tm_sec=40, tm_wday=2, tm_yday=145, tm_isdst=-1)",2022-05-25,2022,5,145,25,5
2022-05-25 19:08:10,40.765579,-111.90847,1306.9,-9999.0,-9999.0,-9999.0,13.63,27.79,24.16,13.79,10.0,2.0,26.61,12.0,875.3,0.0,14.2,2.25,40.5,826.6,-9999.0,-9999.0,-9999.0,-9999.0,-9999.0,-9999.0,-9999.0,0.0,0,1,"time.struct_time(tm_year=2022, tm_mon=5, tm_mday=25, tm_hour=19, tm_min=8, tm_sec=10, tm_wday=2, tm_yday=145, tm_isdst=-1)",2022-05-25,2022,5,145,25,8
2022-05-25 19:10:55,40.765568,-111.908287,1311.6,-9999.0,-9999.0,-9999.0,13.63,27.81,24.16,13.87,11.0,2.0,26.61,12.0,875.4,0.0,10.8,2.24,40.5,827.3,-9999.0,-9999.0,-9999.0,-9999.0,-9999.0,-9999.0,-9999.0,0.0,0,1,"time.struct_time(tm_year=2022, tm_mon=5, tm_mday=25, tm_hour=19, tm_min=10, tm_sec=55, tm_wday=2, tm_yday=145, tm_isdst=-1)",2022-05-25,2022,5,145,25,10
2022-05-25 19:13:25,40.765411,-111.908447,1317.1,-9999.0,-9999.0,-9999.0,13.63,27.84,24.16,13.95,11.0,2.0,26.61,12.0,875.3,0.0,13.2,2.25,40.6,826.6,-9999.0,-9999.0,-9999.0,-9999.0,-9999.0,-9999.0,-9999.0,0.0,0,1,"time.struct_time(tm_year=2022, tm_mon=5, tm_mday=25, tm_hour=19, tm_min=13, tm_sec=25, tm_wday=2, tm_yday=145, tm_isdst=-1)",2022-05-25,2022,5,145,25,13
2022-05-25 19:15:55,40.76572,-111.908554,1300.1,-9999.0,-9999.0,-9999.0,13.63,27.86,24.15,14.0,10.0,2.0,26.61,12.0,875.4,0.0,9.5,2.24,40.6,827.2,-9999.0,-9999.0,-9999.0,-9999.0,-9999.0,-9999.0,-9999.0,0.0,0,1,"time.struct_time(tm_year=2022, tm_mon=5, tm_mday=25, tm_hour=19, tm_min=15, tm_sec=55, tm_wday=2, tm_yday=145, tm_isdst=-1)",2022-05-25,2022,5,145,25,15
2022-05-25 19:18:25,40.765636,-111.908546,1300.1,-9999.0,-9999.0,-9999.0,13.63,27.88,24.16,14.02,10.0,2.0,26.72,12.0,875.2,0.0,10.3,2.25,40.6,826.6,-9999.0,-9999.0,-9999.0,-9999.0,-9999.0,-9999.0,-9999.0,0.0,0,1,"time.struct_time(tm_year=2022, tm_mon=5, tm_mday=25, tm_hour=19, tm_min=18, tm_sec=25, tm_wday=2, tm_yday=145, tm_isdst=-1)",2022-05-25,2022,5,145,25,18
2022-05-25 19:20:55,40.765713,-111.908768,1282.6,-9999.0,-9999.0,-9999.0,13.63,27.9,24.18,14.0,9.0,2.0,26.72,12.0,875.5,0.0,10.5,2.25,40.6,827.2,-9999.0,-9999.0,-9999.0,-9999.0,-9999.0,-9999.0,-9999.0,0.0,0,1,"time.struct_time(tm_year=2022, tm_mon=5, tm_mday=25, tm_hour=19, tm_min=20, tm_sec=55, tm_wday=2, tm_yday=145, tm_isdst=-1)",2022-05-25,2022,5,145,25,20
2022-05-25 19:23:25,40.765499,-111.908424,1300.4,-9999.0,-9999.0,-9999.0,13.63,27.92,24.17,14.1,9.0,2.0,26.72,12.0,875.3,0.0,11.2,2.25,40.7,826.6,-9999.0,-9999.0,-9999.0,-9999.0,-9999.0,-9999.0,-9999.0,0.0,0,1,"time.struct_time(tm_year=2022, tm_mon=5, tm_mday=25, tm_hour=19, tm_min=23, tm_sec=25, tm_wday=2, tm_yday=145, tm_isdst=-1)",2022-05-25,2022,5,145,25,23
2022-05-25 19:25:55,40.765678,-111.908775,1293.6,-9999.0,-9999.0,-9999.0,13.63,27.94,24.18,14.39,9.0,2.0,26.72,12.0,875.3,0.0,8.0,2.26,40.7,827.1,-9999.0,-9999.0,-9999.0,-9999.0,-9999.0,-9999.0,-9999.0,0.0,0,1,"time.struct_time(tm_year=2022, tm_mon=5, tm_mday=25, tm_hour=19, tm_min=25, tm_sec=55, tm_wday=2, tm_yday=145, tm_isdst=-1)",2022-05-25,2022,5,145,25,25
2022-05-25 19:28:25,40.765388,-111.908707,1289.0,-9999.0,-9999.0,-9999.0,13.63,27.96,24.2,14.47,8.0,2.0,26.72,13.0,875.5,0.0,9.8,2.25,40.7,826.5,-9999.0,-9999.0,-9999.0,-9999.0,-9999.0,-9999.0,-9999.0,0.0,0,1,"time.struct_time(tm_year=2022, tm_mon=5, tm_mday=25, tm_hour=19, tm_min=28, tm_sec=25, tm_wday=2, tm_yday=145, tm_isdst=-1)",2022-05-25,2022,5,145,25,28
2022-05-25 19:30:55,40.765686,-111.908615,1291.0,-9999.0,-9999.0,-9999.0,13.63,27.98,24.2,15.06,11.0,2.0,26.72,13.0,875.3,0.0,9.7,2.26,40.7,827.1,-9999.0,-9999.0,-9999.0,-9999.0,-9999.0,-9999.0,-9999.0,0.0,0,1,"time.struct_time(tm_year=2022, tm_mon=5, tm_mday=25, tm_hour=19, tm_min=30, tm_sec=55, tm_wday=2, tm_yday=145, tm_isdst=-1)",2022-05-25,2022,5,145,25,30
2022-05-25 19:33:25,40.76572,-111.908806,1275.4,-9999.0,-9999.0,-9999.0,13.63,28.0,24.19,15.38,11.0,2.0,26.72,13.0,875.4,0.0,4.3,2.25,40.7,826.4,-9999.0,-9999.0,-9999.0,-9999.0,-9999.0,-9999.0,-9999.0,0.0,0,1,"time.struct_time(tm_year=2022, tm_mon=5, tm_mday=25, tm_hour=19, tm_min=33, tm_sec=25, tm_wday=2, tm_yday=145, tm_isdst=-1)",2022-05-25,2022,5,145,25,33
2022-05-25 19:39:30,40.765743,-111.908714,1276.0,-9999.0,-9999.0,-9999.0,13.63,28.03,24.17,15.43,10.0,2.0,26.78,13.0,875.1,0.0,6.0,2.24,40.0,826.5,-9999.0,-9999.0,-9999.0,-9999.0,-9999.0,-9999.0,-9999.0,0.0,0,1,"time.struct_time(tm_year=2022, tm_mon=5, tm_mday=25, tm_hour=19, tm_min=39, tm_sec=30, tm_wday=2, tm_yday=145, tm_isdst=-1)",2022-05-25,2022,5,145,25,39
2022-05-25 19:43:05,40.765671,-111.908882,1276.3,-9999.0,-9999.0,-9999.0,13.63,28.03,24.18,15.79,8.0,2.0,26.78,13.0,875.0,0.0,7.0,2.25,40.2,827.1,-9999.0,-9999.0,-9999.0,-9999.0,-9999.0,-9999.0,-9999.0,0.0,0,1,"time.struct_time(tm_year=2022, tm_mon=5, tm_mday=25, tm_hour=19, tm_min=43, tm_sec=5, tm_wday=2, tm_yday=145, tm_isdst=-1)",2022-05-25,2022,5,145,25,43
2022-05-25 19:45:35,40.765762,-111.908897,1279.9,-9999.0,-9999.0,-9999.0,13.63,28.02,24.18,16.03,10.0,2.0,26.72,14.0,875.1,0.0,8.4,2.25,40.3,826.4,-9999.0,-9999.0,-9999.0,-9999.0,-9999.0,-9999.0,-9999.0,0.0,0,1,"time.struct_time(tm_year=2022, tm_mon=5, tm_mday=25, tm_hour=19, tm_min=45, tm_sec=35, tm_wday=2, tm_yday=145, tm_isdst=-1)",2022-05-25,2022,5,145,25,45
2022-05-25 19:48:05,40.765606,-111.908852,1282.2,-9999.0,-9999.0,-9999.0,13.63,28.02,24.2,15.96,9.0,2.0,26.78,13.0,875.0,0.0,9.1,2.25,40.4,827.0,-9999.0,-9999.0,-9999.0,-9999.0,-9999.0,-9999.0,-9999.0,0.0,0,1,"time.struct_time(tm_year=2022, tm_mon=5, tm_mday=25, tm_hour=19, tm_min=48, tm_sec=5, tm_wday=2, tm_yday=145, tm_isdst=-1)",2022-05-25,2022,5,145,25,48
2022-05-25 19:50:35,40.765644,-111.908768,1283.3,-9999.0,-9999.0,-9999.0,13.12,28.03,24.19,16.12,11.0,2.0,26.78,14.0,874.9,0.0,3.9,2.25,40.5,826.3,-9999.0,-9999.0,-9999.0,-9999.0,-9999.0,-9999.0,-9999.0,0.0,0,1,"time.struct_time(tm_year=2022, tm_mon=5, tm_mday=25, tm_hour=19, tm_min=50, tm_sec=35, tm_wday=2, tm_yday=145, tm_isdst=-1)",2022-05-25,2022,5,145,25,50
2022-05-25 19:53:05,40.765656,-111.908798,1283.7,-9999.0,-9999.0,-9999.0,13.63,28.04,24.21,16.46,12.0,2.0,26.78,14.0,875.1,0.0,2.3,2.23,40.5,826.9,-9999.0,-9999.0,-9999.0,-9999.0,-9999.0,-9999.0,-9999.0,0.0,0,1,"time.struct_time(tm_year=2022, tm_mon=5, tm_mday=25, tm_hour=19, tm_min=53, tm_sec=5, tm_wday=2, tm_yday=145, tm_isdst=-1)",2022-05-25,2022,5,145,25,53
2022-05-25 19:55:35,40.765491,-111.90876,1283.9,-9999.0,-9999.0,-9999.0,13.63,28.05,24.24,16.98,14.0,2.0,26.78,14.0,875.1,0.0,4.6,2.25,40.6,826.2,-9999.0,-9999.0,-9999.0,-9999.0,-9999.0,-9999.0,-9999.0,0.0,0,1,"time.struct_time(tm_year=2022, tm_mon=5, tm_mday=25, tm_hour=19, tm_min=55, tm_sec=35, tm_wday=2, tm_yday=145, tm_isdst=-1)",2022-05-25,2022,5,145,25,55
2022-05-25 19:58:05,40.765522,-111.908745,1283.8,-9999.0,-9999.0,-9999.0,13.63,28.07,24.22,16.84,10.0,2.0,26.78,14.0,875.0,0.0,3.4,2.25,40.6,826.9,-9999.0,-9999.0,-9999.0,-9999.0,-9999.0,-9999.0,-9999.0,0.0,0,1,"time.struct_time(tm_year=2022, tm_mon=5, tm_mday=25, tm_hour=19, tm_min=58, tm_sec=5, tm_wday=2, tm_yday=145, tm_isdst=-1)",2022-05-25,2022,5,145,25,58
2022-05-25 20:00:35,40.765549,-111.908669,1285.5,-9999.0,-9999.0,-9999.0,13.63,28.09,24.23,16.74,12.0,2.0,26.78,14.0,874.8,0.0,5.3,2.25,40.7,826.2,-9999.0,-9999.0,-9999.0,-9999.0,-9999.0,-9999.0,-9999.0,0.0,0,1,"time.struct_time(tm_year=2022, tm_mon=5, tm_mday=25, tm_hour=20, tm_min=0, tm_sec=35, tm_wday=2, tm_yday=145, tm_isdst=-1)",2022-05-25,2022,5,145,25,0
2022-05-25 20:03:05,40.765648,-111.908745,1286.0,-9999.0,-9999.0,-9999.0,13.63,28.11,24.21,16.56,11.0,2.0,26.89,14.0,874.9,0.0,6.5,2.25,40.7,826.8,-9999.0,-9999.0,-9999.0,-9999.0,-9999.0,-9999.0,-9999.0,0.0,0,1,"time.struct_time(tm_year=2022, tm_mon=5, tm_mday=25, tm_hour=20, tm_min=3, tm_sec=5, tm_wday=2, tm_yday=145, tm_isdst=-1)",2022-05-25,2022,5,145,25,3
2022-05-25 20:05:35,40.76564,-111.908714,1286.3,-9999.0,-9999.0,-9999.0,13.63,28.12,24.21,16.56,10.0,2.0,26.89,14.0,874.8,0.0,8.4,2.26,40.8,826.2,-9999.0,-9999.0,-9999.0,-9999.0,-9999.0,-9999.0,-9999.0,0.0,0,1,"time.struct_time(tm_year=2022, tm_mon=5, tm_mday=25, tm_hour=20, tm_min=5, tm_sec=35, tm_wday=2, tm_yday=145, tm_isdst=-1)",2022-05-25,2022,5,145,25,5
2022-05-25 20:08:05,40.765648,-111.908783,1286.7,-9999.0,-9999.0,-9999.0,13.63,28.14,24.22,16.62,11.0,2.0,26.89,14.0,875.1,0.0,7.6,2.25,40.8,826.8,-9999.0,-9999.0,-9999.0,-9999.0,-9999.0,-9999.0,-9999.0,0.0,0,1,"time.struct_time(tm_year=2022, tm_mon=5, tm_mday=25, tm_hour=20, tm_min=8, tm_sec=5, tm_wday=2, tm_yday=145, tm_isdst=-1)",2022-05-25,2022,5,145,25,8
2022-05-25 20:10:35,40.765663,-111.908722,1287.5,-9999.0,-9999.0,-9999.0,13.63,28.16,24.25,16.73,9.0,2.0,26.89,14.0,874.8,0.0,5.2,2.25,40.8,826.1,-9999.0,-9999.0,-9999.0,-9999.0,-9999.0,-9999.0,-9999.0,0.0,0,1,"time.struct_time(tm_year=2022, tm_mon=5, tm_mday=25, tm_hour=20, tm_min=10, tm_sec=35, tm_wday=2, tm_yday=145, tm_isdst=-1)",2022-05-25,2022,5,145,25,10
2022-05-25 20:13:05,40.765629,-111.90876,1287.9,-9999.0,-9999.0,-9999.0,13.63,28.17,24.23,16.82,10.0,2.0,26.89,14.0,874.7,0.0,3.3,2.25,40.9,826.6,-9999.0,-9999.0,-9999.0,-9999.0,-9999.0,-9999.0,-9999.0,0.0,0,1,"time.struct_time(tm_year=2022, tm_mon=5, tm_mday=25, tm_hour=20, tm_min=13, tm_sec=5, tm_wday=2, tm_yday=145, tm_isdst=-1)",2022-05-25,2022,5,145,25,13
2022-05-25 20:15:35,40.765743,-111.908844,1288.8,-9999.0,-9999.0,-9999.0,13.63,28.19,24.23,16.88,11.0,2.0,27.0,14.0,874.7,0.0,5.3,2.26,40.9,826.0,-9999.0,-9999.0,-9999.0,-9999.0,-9999.0,-9999.0,-9999.0,0.0,0,1,"time.struct_time(tm_year=2022, tm_mon=5, tm_mday=25, tm_hour=20, tm_min=15, tm_sec=35, tm_wday=2, tm_yday=145, tm_isdst=-1)",2022-05-25,2022,5,145,25,15
2022-05-25 20:18:05,40.765862,-111.908768,1289.0,-9999.0,-9999.0,-9999.0,13.63,28.21,24.26,16.82,9.0,2.0,27.0,14.0,874.7,0.0,4.1,2.25,40.9,826.5,-9999.0,-9999.0,-9999.0,-9999.0,-9999.0,-9999.0,-9999.0,0.0,0,1,"time.struct_time(tm_year=2022, tm_mon=5, tm_mday=25, tm_hour=20, tm_min=18, tm_sec=5, tm_wday=2, tm_yday=145, tm_isdst=-1)",2022-05-25,2022,5,145,25,18
2022-05-25 20:20:35,40.765621,-111.90863,1290.4,-9999.0,-9999.0,-9999.0,13.63,28.23,24.25,16.82,11.0,2.0,27.0,14.0,874.7,0.0,6.9,2.25,40.9,826.0,-9999.0,-9999.0,-9999.0,-9999.0,-9999.0,-9999.0,-9999.0,0.0,0,1,"time.struct_time(tm_year=2022, tm_mon=5, tm_mday=25, tm_hour=20, tm_min=20, tm_sec=35, tm_wday=2, tm_yday=145, tm_isdst=-1)",2022-05-25,2022,5,145,25,20
2022-05-25 20:23:05,40.765522,-111.908607,1295.4,-9999.0,-9999.0,-9999.0,13.63,28.25,24.25,16.88,10.0,2.0,27.0,14.0,874.7,0.0,5.1,2.25,41.0,826.6,-9999.0,-9999.0,-9999.0,-9999.0,-9999.0,-9999.0,-9999.0,0.0,0,1,"time.struct_time(tm_year=2022, tm_mon=5, tm_mday=25, tm_hour=20, tm_min=23, tm_sec=5, tm_wday=2, tm_yday=145, tm_isdst=-1)",2022-05-25,2022,5,145,25,23
2022-05-25 20:25:35,40.765587,-111.908501,1296.1,-9999.0,-9999.0,-9999.0,13.63,28.26,24.27,16.85,9.0,2.0,27.0,14.0,874.5,0.0,7.5,2.24,41.0,826.0,-9999.0,-9999.0,-9999.0,-9999.0,-9999.0,-9999.0,-9999.0,0.0,0,1,"time.struct_time(tm_year=2022, tm_mon=5, tm_mday=25, tm_hour=20, tm_min=25, tm_sec=35, tm_wday=2, tm_yday=145, tm_isdst=-1)",2022-05-25,2022,5,145,25,25
2022-05-25 20:28:05,40.765575,-111.90847,1301.2,-9999.0,-9999.0,-9999.0,13.63,28.28,24.27,16.9,9.0,2.0,27.0,14.0,874.7,0.0,6.2,2.25,41.0,826.5,-9999.0,-9999.0,-9999.0,-9999.0,-9999.0,-9999.0,-9999.0,0.0,0,1,"time.struct_time(tm_year=2022, tm_mon=5, tm_mday=25, tm_hour=20, tm_min=28, tm_sec=5, tm_wday=2, tm_yday=145, tm_isdst=-1)",2022-05-25,2022,5,145,25,28
2022-05-25 20:30:35,40.765663,-111.908745,1306.8,-9999.0,-9999.0,-9999.0,13.63,28.3,24.3,16.97,10.0,2.0,27.0,14.0,874.7,0.0,6.5,2.25,41.0,825.9,-9999.0,-9999.0,-9999.0,-9999.0,-9999.0,-9999.0,-9999.0,0.0,0,1,"time.struct_time(tm_year=2022, tm_mon=5, tm_mday=25, tm_hour=20, tm_min=30, tm_sec=35, tm_wday=2, tm_yday=145, tm_isdst=-1)",2022-05-25,2022,5,145,25,30
2022-05-25 20:33:05,40.76564,-111.908577,1309.5,-9999.0,-9999.0,-9999.0,13.63,28.31,24.31,17.14,11.0,2.0,27.0,14.0,874.5,0.0,3.8,2.25,41.0,826.5,-9999.0,-9999.0,-9999.0,-9999.0,-9999.0,-9999.0,-9999.0,0.0,0,1,"time.struct_time(tm_year=2022, tm_mon=5, tm_mday=25, tm_hour=20, tm_min=33, tm_sec=5, tm_wday=2, tm_yday=145, tm_isdst=-1)",2022-05-25,2022,5,145,25,33
2022-05-25 20:35:35,40.765759,-111.9086,1309.6,-9999.0,-9999.0,-9999.0,13.63,28.33,24.34,17.13,11.0,2.0,27.11,14.0,874.5,0.0,7.1,2.25,41.1,825.8,-9999.0,-9999.0,-9999.0,-9999.0,-9999.0,-9999.0,-9999.0,0.0,0,1,"time.struct_time(tm_year=2022, tm_mon=5, tm_mday=25, tm_hour=20, tm_min=35, tm_sec=35, tm_wday=2, tm_yday=145, tm_isdst=-1)",2022-05-25,2022,5,145,25,35
2022-05-25 20:38:05,40.765686,-111.908447,1309.2,-9999.0,-9999.0,-9999.0,13.63,28.35,24.33,17.18,13.0,2.0,27.11,14.0,874.5,0.0,6.5,2.25,41.1,826.4,-9999.0,-9999.0,-9999.0,-9999.0,-9999.0,-9999.0,-9999.0,0.0,0,1,"time.struct_time(tm_year=2022, tm_mon=5, tm_mday=25, tm_hour=20, tm_min=38, tm_sec=5, tm_wday=2, tm_yday=145, tm_isdst=-1)",2022-05-25,2022,5,145,25,38
2022-05-25 20:41:40,40.765678,-111.908569,1307.7,-9999.0,-9999.0,-9999.0,13.63,28.37,24.37,17.25,12.0,2.0,27.11,14.0,874.5,0.0,4.1,2.25,41.1,825.7,-9999.0,-9999.0,-9999.0,-9999.0,-9999.0,-9999.0,-9999.0,0.0,0,1,"time.struct_time(tm_year=2022, tm_mon=5, tm_mday=25, tm_hour=20, tm_min=41, tm_sec=40, tm_wday=2, tm_yday=145, tm_isdst=-1)",2022-05-25,2022,5,145,25,41
2022-05-25 20:44:10,40.765831,-111.908783,1309.0,-9999.0,-9999.0,-9999.0,13.63,28.39,24.4,17.44,11.0,2.0,27.22,15.0,874.5,0.0,5.4,2.26,41.1,825.7,-9999.0,-9999.0,-9999.0,-9999.0,-9999.0,-9999.0,-9999.0,0.0,0,1,"time.struct_time(tm_year=2022, tm_mon=5, tm_mday=25, tm_hour=20, tm_min=44, tm_sec=10, tm_wday=2, tm_yday=145, tm_isdst=-1)",2022-05-25,2022,5,145,25,44
2022-05-25 20:46:40,40.765701,-111.908455,1314.6,-9999.0,-9999.0,-9999.0,13.59,28.4,24.46,17.25,13.0,2.0,27.22,15.0,874.4,0.0,5.4,2.26,41.1,825.8,-9999.0,-9999.0,-9999.0,-9999.0,-9999.0,-9999.0,-9999.0,0.0,0,1,"time.struct_time(tm_year=2022, tm_mon=5, tm_mday=25, tm_hour=20, tm_min=46, tm_sec=40, tm_wday=2, tm_yday=145, tm_isdst=-1)",2022-05-25,2022,5,145,25,46
2022-05-25 20:49:10,40.76572,-111.908638,1322.8,-9999.0,-9999.0,-9999.0,13.59,28.42,24.42,17.33,17.0,2.0,27.22,15.0,874.3,0.0,6.3,2.25,41.2,825.8,-9999.0,-9999.0,-9999.0,-9999.0,-9999.0,-9999.0,-9999.0,0.0,0,1,"time.struct_time(tm_year=2022, tm_mon=5, tm_mday=25, tm_hour=20, tm_min=49, tm_sec=10, tm_wday=2, tm_yday=145, tm_isdst=-1)",2022-05-25,2022,5,145,25,49
2022-05-25 20:51:40,40.765491,-111.907982,1320.6,-9999.0,-9999.0,-9999.0,13.59,28.44,24.44,17.48,13.0,2.0,27.22,15.0,874.6,0.0,5.3,2.25,41.2,825.7,-9999.0,-9999.0,-9999.0,-9999.0,-9999.0,-9999.0,-9999.0,0.0,0,1,"time.struct_time(tm_year=2022, tm_mon=5, tm_mday=25, tm_hour=20, tm_min=51, tm_sec=40, tm_wday=2, tm_yday=145, tm_isdst=-1)",2022-05-25,2022,5,145,25,51
2022-05-25 20:54:10,40.765614,-111.908257,1323.4,-9999.0,-9999.0,-9999.0,13.59,28.45,24.44,18.02,14.0,2.0,27.22,15.0,874.4,0.0,3.1,2.26,41.2,825.6,-9999.0,-9999.0,-9999.0,-9999.0,-9999.0,-9999.0,-9999.0,0.0,0,1,"time.struct_time(tm_year=2022, tm_mon=5, tm_mday=25, tm_hour=20, tm_min=54, tm_sec=10, tm_wday=2, tm_yday=145, tm_isdst=-1)",2022-05-25,2022,5,145,25,54
2022-05-25 20:56:40,40.765553,-111.9086,1295.6,-9999.0,-9999.0,-9999.0,13.59,28.47,24.46,17.67,13.0,2.0,27.22,15.0,874.4,0.0,4.4,2.25,41.2,825.6,-9999.0,-9999.0,-9999.0,-9999.0,-9999.0,-9999.0,-9999.0,0.0,0,1,"time.struct_time(tm_year=2022, tm_mon=5, tm_mday=25, tm_hour=20, tm_min=56, tm_sec=40, tm_wday=2, tm_yday=145, tm_isdst=-1)",2022-05-25,2022,5,145,25,56
2022-05-26 13:55:15,40.765823,-111.908417,1349.7,-9999.0,-9999.0,-9999.0,13.7,21.98,28.73,17.11,5.0,2.0,21.72,22.0,873.1,0.0,1.0,2.13,23.8,824.2,-9999.0,-9999.0,-9999.0,-9999.0,-9999.0,-9999.0,-9999.0,0.0,0,1,"time.struct_time(tm_year=2022, tm_mon=5, tm_mday=26, tm_hour=13, tm_min=55, tm_sec=15, tm_wday=3, tm_yday=146, tm_isdst=-1)",2022-05-26,2022,5,146,26,55
2022-05-26 13:57:45,40.765724,-111.908363,1341.4,-9999.0,-9999.0,-9999.0,13.7,22.03,28.46,17.57,5.0,2.0,21.78,24.0,873.2,0.0,2.2,2.13,25.1,824.6,-9999.0,-9999.0,-9999.0,-9999.0,-9999.0,-9999.0,-9999.0,0.0,0,1,"time.struct_time(tm_year=2022, tm_mon=5, tm_mday=26, tm_hour=13, tm_min=57, tm_sec=45, tm_wday=3, tm_yday=146, tm_isdst=-1)",2022-05-26,2022,5,146,26,57
2022-05-26 14:00:15,40.765759,-111.908661,1340.2,-9999.0,-9999.0,-9999.0,13.7,22.1,27.99,18.13,4.0,2.0,21.89,25.0,873.1,0.0,0.9,2.15,26.4,824.2,-9999.0,-9999.0,-9999.0,-9999.0,-9999.0,-9999.0,-9999.0,0.0,0,1,"time.struct_time(tm_year=2022, tm_mon=5, tm_mday=26, tm_hour=14, tm_min=0, tm_sec=15, tm_wday=3, tm_yday=146, tm_isdst=-1)",2022-05-26,2022,5,146,26,0
2022-05-26 14:02:45,40.765862,-111.908379,1329.6,-9999.0,-9999.0,-9999.0,13.7,22.2,27.84,18.25,5.0,2.0,22.0,25.0,873.2,0.0,4.6,2.16,27.4,824.6,-9999.0,-9999.0,-9999.0,-9999.0,-9999.0,-9999.0,-9999.0,0.0,0,1,"time.struct_time(tm_year=2022, tm_mon=5, tm_mday=26, tm_hour=14, tm_min=2, tm_sec=45, tm_wday=3, tm_yday=146, tm_isdst=-1)",2022-05-26,2022,5,146,26,2
2022-05-26 14:05:15,40.765682,-111.908157,1330.5,-9999.0,-9999.0,-9999.0,13.7,22.33,27.6,18.51,5.0,2.0,22.11,25.0,873.2,0.0,0.2,2.17,28.3,824.1,-9999.0,-9999.0,-9999.0,-9999.0,-9999.0,-9999.0,-9999.0,0.0,0,1,"time.struct_time(tm_year=2022, tm_mon=5, tm_mday=26, tm_hour=14, tm_min=5, tm_sec=15, tm_wday=3, tm_yday=146, tm_isdst=-1)",2022-05-26,2022,5,146,26,5
2022-05-26 14:07:45,40.765717,-111.908119,1332.5,-9999.0,-9999.0,-9999.0,13.7,22.47,27.34,18.75,6.0,2.0,22.22,25.0,873.4,0.0,1.9,2.19,29.1,824.6,-9999.0,-9999.0,-9999.0,-9999.0,-9999.0,-9999.0,-9999.0,0.0,0,1,"time.struct_time(tm_year=2022, tm_mon=5, tm_mday=26, tm_hour=14, tm_min=7, tm_sec=45, tm_wday=3, tm_yday=146, tm_isdst=-1)",2022-05-26,2022,5,146,26,7
2022-05-26 14:10:15,40.765785,-111.908432,1329.1,-9999.0,-9999.0,-9999.0,13.7,22.62,27.11,18.95,7.0,2.0,22.28,25.0,873.3,0.0,2.9,2.19,29.8,824.1,-9999.0,-9999.0,-9999.0,-9999.0,-9999.0,-9999.0,-9999.0,0.0,0,1,"time.struct_time(tm_year=2022, tm_mon=5, tm_mday=26, tm_hour=14, tm_min=10, tm_sec=15, tm_wday=3, tm_yday=146, tm_isdst=-1)",2022-05-26,2022,5,146,26,10
2022-05-26 14:12:45,40.765652,-111.908379,1329.0,-9999.0,-9999.0,-9999.0,13.7,22.78,26.83,19.11,7.0,2.0,22.5,25.0,873.3,0.0,1.9,2.18,30.5,824.7,-9999.0,-9999.0,-9999.0,-9999.0,-9999.0,-9999.0,-9999.0,0.0,0,1,"time.struct_time(tm_year=2022, tm_mon=5, tm_mday=26, tm_hour=14, tm_min=12, tm_sec=45, tm_wday=3, tm_yday=146, tm_isdst=-1)",2022-05-26,2022,5,146,26,12
2022-05-26 14:15:15,40.765774,-111.908585,1322.3,-9999.0,-9999.0,-9999.0,13.7,22.95,26.65,19.21,6.0,2.0,22.61,25.0,873.1,0.0,0.5,2.18,31.1,824.2,-9999.0,-9999.0,-9999.0,-9999.0,-9999.0,-9999.0,-9999.0,0.0,0,1,"time.struct_time(tm_year=2022, tm_mon=5, tm_mday=26, tm_hour=14, tm_min=15, tm_sec=15, tm_wday=3, tm_yday=146, tm_isdst=-1)",2022-05-26,2022,5,146,26,15
2022-05-26 14:17:45,40.76572,-111.908646,1317.2,-9999.0,-9999.0,-9999.0,13.7,23.11,26.43,19.39,5.0,2.0,22.72,24.0,873.3,0.0,4.0,2.19,31.6,824.8,-9999.0,-9999.0,-9999.0,-9999.0,-9999.0,-9999.0,-9999.0,0.0,0,1,"time.struct_time(tm_year=2022, tm_mon=5, tm_mday=26, tm_hour=14, tm_min=17, tm_sec=45, tm_wday=3, tm_yday=146, tm_isdst=-1)",2022-05-26,2022,5,146,26,17
2022-05-26 14:40:10,40.765701,-111.908585,1300.6,-9999.0,-9999.0,-9999.0,13.66,24.41,25.11,22.33,11.0,2.0,23.72,24.0,873.4,0.0,0.7,2.21,34.0,825.1,-9999.0,-9999.0,-9999.0,-9999.0,-9999.0,-9999.0,-9999.0,0.0,0,1,"time.struct_time(tm_year=2022, tm_mon=5, tm_mday=26, tm_hour=14, tm_min=40, tm_sec=10, tm_wday=3, tm_yday=146, tm_isdst=-1)",2022-05-26,2022,5,146,26,40
2022-05-26 14:42:40,40.765743,-111.908813,1300.2,-9999.0,-9999.0,-9999.0,13.66,24.52,25.05,22.53,10.0,2.0,23.78,24.0,873.3,0.0,1.2,2.21,34.4,824.5,-9999.0,-9999.0,-9999.0,-9999.0,-9999.0,-9999.0,-9999.0,0.0,0,1,"time.struct_time(tm_year=2022, tm_mon=5, tm_mday=26, tm_hour=14, tm_min=42, tm_sec=40, tm_wday=3, tm_yday=146, tm_isdst=-1)",2022-05-26,2022,5,146,26,42
2022-05-26 14:45:10,40.765778,-111.908829,1300.7,-9999.0,-9999.0,-9999.0,13.66,24.63,25.0,22.44,14.0,2.0,23.89,24.0,873.1,0.0,-2.7,2.21,34.8,825.1,-9999.0,-9999.0,-9999.0,-9999.0,-9999.0,-9999.0,-9999.0,0.0,0,1,"time.struct_time(tm_year=2022, tm_mon=5, tm_mday=26, tm_hour=14, tm_min=45, tm_sec=10, tm_wday=3, tm_yday=146, tm_isdst=-1)",2022-05-26,2022,5,146,26,45
2022-05-26 14:47:40,40.765713,-111.908691,1299.3,-9999.0,-9999.0,-9999.0,13.66,24.74,24.98,22.38,9.0,2.0,24.0,24.0,873.3,0.0,-0.5,2.21,35.1,824.5,-9999.0,-9999.0,-9999.0,-9999.0,-9999.0,-9999.0,-9999.0,0.0,0,1,"time.struct_time(tm_year=2022, tm_mon=5, tm_mday=26, tm_hour=14, tm_min=47, tm_sec=40, tm_wday=3, tm_yday=146, tm_isdst=-1)",2022-05-26,2022,5,146,26,47
2022-05-26 14:52:35,40.765614,-111.908859,1297.7,-9999.0,-9999.0,-9999.0,13.66,24.97,24.98,22.55,11.0,2.0,24.22,23.0,873.3,0.0,-3.7,2.23,35.5,825.2,-9999.0,-9999.0,-9999.0,-9999.0,-9999.0,-9999.0,-9999.0,0.0,0,1,"time.struct_time(tm_year=2022, tm_mon=5, tm_mday=26, tm_hour=14, tm_min=52, tm_sec=35, tm_wday=3, tm_yday=146, tm_isdst=-1)",2022-05-26,2022,5,146,26,52
2022-05-26 14:55:05,40.765694,-111.908669,1296.1,-9999.0,-9999.0,-9999.0,13.66,25.08,24.98,22.65,11.0,2.0,24.28,23.0,873.3,0.0,-2.5,2.23,35.8,824.5,-9999.0,-9999.0,-9999.0,-9999.0,-9999.0,-9999.0,-9999.0,0.0,0,1,"time.struct_time(tm_year=2022, tm_mon=5, tm_mday=26, tm_hour=14, tm_min=55, tm_sec=5, tm_wday=3, tm_yday=146, tm_isdst=-1)",2022-05-26,2022,5,146,26,55
2022-05-26 14:57:35,40.765686,-111.90889,1288.7,-9999.0,-9999.0,-9999.0,13.66,25.2,24.91,22.66,10.0,2.0,24.39,23.0,873.0,0.0,-1.9,2.23,36.1,825.1,-9999.0,-9999.0,-9999.0,-9999.0,-9999.0,-9999.0,-9999.0,0.0,0,1,"time.struct_time(tm_year=2022, tm_mon=5, tm_mday=26, tm_hour=14, tm_min=57, tm_sec=35, tm_wday=3, tm_yday=146, tm_isdst=-1)",2022-05-26,2022,5,146,26,57
2022-05-26 15:00:05,40.76572,-111.908775,1287.3,-9999.0,-9999.0,-9999.0,13.67,25.31,24.89,22.66,12.0,2.0,24.5,23.0,873.3,0.0,0.3,2.24,36.3,824.5,-9999.0,-9999.0,-9999.0,-9999.0,-9999.0,-9999.0,-9999.0,0.0,0,1,"time.struct_time(tm_year=2022, tm_mon=5, tm_mday=26, tm_hour=15, tm_min=0, tm_sec=5, tm_wday=3, tm_yday=146, tm_isdst=-1)",2022-05-26,2022,5,146,26,0
2022-05-26 15:02:35,40.765732,-111.908783,1286.9,-9999.0,-9999.0,-9999.0,13.66,25.43,24.94,22.63,7.0,2.0,24.61,23.0,873.1,0.0,1.1,2.23,36.6,825.1,-9999.0,-9999.0,-9999.0,-9999.0,-9999.0,-9999.0,-9999.0,0.0,0,1,"time.struct_time(tm_year=2022, tm_mon=5, tm_mday=26, tm_hour=15, tm_min=2, tm_sec=35, tm_wday=3, tm_yday=146, tm_isdst=-1)",2022-05-26,2022,5,146,26,2
2022-05-26 15:05:05,40.765728,-111.908737,1287.7,-9999.0,-9999.0,-9999.0,13.66,25.54,24.96,22.91,9.0,2.0,24.72,23.0,873.3,0.0,0.3,2.23,36.8,824.4,-9999.0,-9999.0,-9999.0,-9999.0,-9999.0,-9999.0,-9999.0,0.0,0,1,"time.struct_time(tm_year=2022, tm_mon=5, tm_mday=26, tm_hour=15, tm_min=5, tm_sec=5, tm_wday=3, tm_yday=146, tm_isdst=-1)",2022-05-26,2022,5,146,26,5
2022-05-26 15:07:35,40.765717,-111.908821,1287.3,-9999.0,-9999.0,-9999.0,13.67,25.65,24.97,22.6,12.0,2.0,24.78,23.0,873.3,0.0,-0.2,2.23,37.0,825.2,-9999.0,-9999.0,-9999.0,-9999.0,-9999.0,-9999.0,-9999.0,0.0,0,1,"time.struct_time(tm_year=2022, tm_mon=5, tm_mday=26, tm_hour=15, tm_min=7, tm_sec=35, tm_wday=3, tm_yday=146, tm_isdst=-1)",2022-05-26,2022,5,146,26,7
2022-05-26 15:10:05,40.765682,-111.908676,1290.4,-9999.0,-9999.0,-9999.0,13.67,25.76,24.97,22.52,12.0,2.0,24.89,23.0,873.3,0.0,0.5,2.24,37.2,824.5,-9999.0,-9999.0,-9999.0,-9999.0,-9999.0,-9999.0,-9999.0,0.0,0,1,"time.struct_time(tm_year=2022, tm_mon=5, tm_mday=26, tm_hour=15, tm_min=10, tm_sec=5, tm_wday=3, tm_yday=146, tm_isdst=-1)",2022-05-26,2022,5,146,26,10
2022-05-26 15:12:35,40.765614,-111.908798,1292.2,-9999.0,-9999.0,-9999.0,13.67,25.87,24.97,24.07,14.0,2.0,25.0,23.0,873.2,0.0,-1.6,2.24,37.4,825.1,-9999.0,-9999.0,-9999.0,-9999.0,-9999.0,-9999.0,-9999.0,0.0,0,1,"time.struct_time(tm_year=2022, tm_mon=5, tm_mday=26, tm_hour=15, tm_min=12, tm_sec=35, tm_wday=3, tm_yday=146, tm_isdst=-1)",2022-05-26,2022,5,146,26,12
2022-05-26 15:15:05,40.765686,-111.908768,1291.9,-9999.0,-9999.0,-9999.0,13.67,25.97,24.99,23.1,11.0,2.0,25.11,23.0,873.3,0.0,-0.5,2.23,37.6,824.5,-9999.0,-9999.0,-9999.0,-9999.0,-9999.0,-9999.0,-9999.0,0.0,0,1,"time.struct_time(tm_year=2022, tm_mon=5, tm_mday=26, tm_hour=15, tm_min=15, tm_sec=5, tm_wday=3, tm_yday=146, tm_isdst=-1)",2022-05-26,2022,5,146,26,15
2022-05-26 15:17:35,40.765678,-111.908798,1286.5,-9999.0,-9999.0,-9999.0,13.67,26.08,25.04,22.37,10.0,2.0,25.22,23.0,873.3,0.0,2.3,2.23,37.7,825.3,-9999.0,-9999.0,-9999.0,-9999.0,-9999.0,-9999.0,-9999.0,0.0,0,1,"time.struct_time(tm_year=2022, tm_mon=5, tm_mday=26, tm_hour=15, tm_min=17, tm_sec=35, tm_wday=3, tm_yday=146, tm_isdst=-1)",2022-05-26,2022,5,146,26,17
2022-05-26 15:20:05,40.765705,-111.908905,1284.7,-9999.0,-9999.0,-9999.0,13.67,26.18,25.1,22.42,11.0,2.0,25.28,22.0,873.1,0.0,0.2,2.25,37.9,824.5,-9999.0,-9999.0,-9999.0,-9999.0,-9999.0,-9999.0,-9999.0,0.0,0,1,"time.struct_time(tm_year=2022, tm_mon=5, tm_mday=26, tm_hour=15, tm_min=20, tm_sec=5, tm_wday=3, tm_yday=146, tm_isdst=-1)",2022-05-26,2022,5,146,26,20
2022-05-26 15:22:35,40.765755,-111.908859,1280.0,-9999.0,-9999.0,-9999.0,13.66,26.27,25.16,22.54,11.0,2.0,25.39,22.0,873.1,0.0,2.7,2.23,38.1,825.2,-9999.0,-9999.0,-9999.0,-9999.0,-9999.0,-9999.0,-9999.0,0.0,0,1,"time.struct_time(tm_year=2022, tm_mon=5, tm_mday=26, tm_hour=15, tm_min=22, tm_sec=35, tm_wday=3, tm_yday=146, tm_isdst=-1)",2022-05-26,2022,5,146,26,22
