Timestamp_UTC,Latitude_ddeg,Longitude_ddeg,Elevation_m,GPS_Speed_m/s,GPS_Direction_deg,GPS_RMC_Valid_binary,Battery_Voltage_volts,Bus_Box_Temperature_degC,Bus_Top_Temperature_degC,Bus_Top_Relative_Humidity_%,ES642_PM2.5_Concentration_ug/m3,ES642_Air_Flow_Rate_L/min,ES642_Internal_Air_Temperature_degC,ES642_Internal_Relative_Humidity_%,ES642_Internal_Air_Pressure_hpa,ES642_Error_Code_code,2B_Ozone_Concentration_ppbv,2B_Air_Flow_Rate_L/min,2B_Internal_Air_Temperature_degC,2B_Internal_Air_Pressure_hpa,2B405_NO_Concentration_ppbv,2B405_NO2_Concentration_ppbv,2B405_NOX_Concentration_ppbv,2B405_Internal_Air_Temperature_degC,2B405_Internal_Air_Pressure_hpa,2B405_Air_Flow_Rate_L/min,2B405_Cell_O3_Flow_Rate_mL/min,PM2.5_Data_Flagged_binary,Ozone_Data_Flagged_binary,GPS_Data_Flagged_binary,Time_Tuple,Date,Year,Month,Day_of_Year,Day_of_Month,Minute
2022-01-03 11:02:05,40.765839,-111.909546,1325.1,-9999.0,-9999.0,-9999.0,13.85,-6.67,-7.35,68.06,10.0,2.0,-10.61,43.0,877.9,0.0,3.7,1.79,-4.2,830.1,-9999.0,-9999.0,-9999.0,-9999.0,-9999.0,-9999.0,-9999.0,0.0,0,1,"time.struct_time(tm_year=2022, tm_mon=1, tm_mday=3, tm_hour=11, tm_min=2, tm_sec=5, tm_wday=0, tm_yday=3, tm_isdst=-1)",2022-01-03,2022,1,3,3,2
2022-01-03 11:04:35,40.765713,-111.909554,1301.6,-9999.0,-9999.0,-9999.0,13.82,-6.64,-7.28,67.82,10.0,2.0,-10.61,49.0,878.2,0.0,-2.7,1.84,-2.7,823.0,-9999.0,0.0,-9999.0,-9999.0,-9999.0,-9999.0,-9999.0,0.0,0,1,"time.struct_time(tm_year=2022, tm_mon=1, tm_mday=3, tm_hour=11, tm_min=4, tm_sec=35, tm_wday=0, tm_yday=3, tm_isdst=-1)",2022-01-03,2022,1,3,3,4
2022-01-03 11:24:10,40.765987,-111.90995,1268.6,-9999.0,-9999.0,-9999.0,13.74,-5.72,-6.88,66.03,607.0,2.0,-8.89,42.0,878.2,0.0,-7.0,1.9,4.3,826.3,67.4,40.5,107.9,0.1,815.7,1.8,92.9,0.0,0,1,"time.struct_time(tm_year=2022, tm_mon=1, tm_mday=3, tm_hour=11, tm_min=24, tm_sec=10, tm_wday=0, tm_yday=3, tm_isdst=-1)",2022-01-03,2022,1,3,3,24
2022-01-03 11:26:40,40.765808,-111.90976,1270.7,-9999.0,-9999.0,-9999.0,13.71,-5.57,-6.88,66.58,275.0,2.0,-8.61,40.0,878.2,0.0,-0.2,1.9,4.9,821.5,116.9,39.0,155.9,0.1,815.3,1.8,93.3,0.0,0,1,"time.struct_time(tm_year=2022, tm_mon=1, tm_mday=3, tm_hour=11, tm_min=26, tm_sec=40, tm_wday=0, tm_yday=3, tm_isdst=-1)",2022-01-03,2022,1,3,3,26
2022-01-03 11:29:10,40.765919,-111.909683,1252.9,-9999.0,-9999.0,-9999.0,13.73,-5.42,-6.85,66.64,180.0,2.0,-8.22,39.0,878.6,0.0,0.8,1.92,5.4,826.0,103.7,43.4,147.1,0.1,815.3,1.8,93.2,0.0,0,1,"time.struct_time(tm_year=2022, tm_mon=1, tm_mday=3, tm_hour=11, tm_min=29, tm_sec=10, tm_wday=0, tm_yday=3, tm_isdst=-1)",2022-01-03,2022,1,3,3,29
2022-01-03 11:31:40,40.76577,-111.909706,1275.2,-9999.0,-9999.0,-9999.0,13.69,-5.24,-6.81,66.58,118.0,2.0,-8.0,38.0,878.3,0.0,-4.0,1.93,5.9,821.5,354.1,38.8,392.9,0.1,815.2,1.8,93.1,0.0,0,1,"time.struct_time(tm_year=2022, tm_mon=1, tm_mday=3, tm_hour=11, tm_min=31, tm_sec=40, tm_wday=0, tm_yday=3, tm_isdst=-1)",2022-01-03,2022,1,3,3,31
2022-01-03 11:34:10,40.765709,-111.909744,1291.2,-9999.0,-9999.0,-9999.0,13.72,-5.09,-6.75,66.58,72.0,2.0,-7.72,37.0,878.7,0.0,0.8,1.92,6.4,825.8,133.3,36.0,169.3,0.1,815.2,1.79,93.0,0.0,0,1,"time.struct_time(tm_year=2022, tm_mon=1, tm_mday=3, tm_hour=11, tm_min=34, tm_sec=10, tm_wday=0, tm_yday=3, tm_isdst=-1)",2022-01-03,2022,1,3,3,34
2022-01-03 11:36:40,40.765636,-111.909554,1285.6,-9999.0,-9999.0,-9999.0,13.68,-4.94,-6.75,66.03,70.0,2.0,-7.39,37.0,878.5,0.0,-4.0,1.93,6.8,821.4,87.1,31.1,118.2,0.2,815.0,1.79,93.2,0.0,0,1,"time.struct_time(tm_year=2022, tm_mon=1, tm_mday=3, tm_hour=11, tm_min=36, tm_sec=40, tm_wday=0, tm_yday=3, tm_isdst=-1)",2022-01-03,2022,1,3,3,36
2022-01-03 11:39:10,40.765823,-111.909531,1286.0,-9999.0,-9999.0,-9999.0,13.7,-4.79,-6.68,65.62,40.0,2.0,-7.11,37.0,878.6,0.0,1.3,1.93,7.2,825.5,58.3,34.4,92.7,0.2,814.8,1.8,93.5,0.0,0,1,"time.struct_time(tm_year=2022, tm_mon=1, tm_mday=3, tm_hour=11, tm_min=39, tm_sec=10, tm_wday=0, tm_yday=3, tm_isdst=-1)",2022-01-03,2022,1,3,3,39
2022-01-03 11:42:45,40.765854,-111.909546,1310.6,-9999.0,-9999.0,-9999.0,13.66,-4.57,-6.75,65.07,21.0,2.0,-6.78,36.0,878.4,0.0,-1.1,1.94,7.8,825.7,65.4,33.9,99.3,0.2,814.3,1.85,95.4,0.0,0,1,"time.struct_time(tm_year=2022, tm_mon=1, tm_mday=3, tm_hour=11, tm_min=42, tm_sec=45, tm_wday=0, tm_yday=3, tm_isdst=-1)",2022-01-03,2022,1,3,3,42
2022-01-03 11:45:15,40.765724,-111.909508,1253.3,-9999.0,-9999.0,-9999.0,13.69,-4.44,-6.82,65.38,122.0,2.0,-6.72,36.0,878.5,0.0,-2.9,1.94,8.1,821.1,97.8,27.0,124.8,0.2,814.0,1.84,95.5,0.0,0,1,"time.struct_time(tm_year=2022, tm_mon=1, tm_mday=3, tm_hour=11, tm_min=45, tm_sec=15, tm_wday=0, tm_yday=3, tm_isdst=-1)",2022-01-03,2022,1,3,3,45
2022-01-03 11:47:45,40.765995,-111.909424,1271.8,-9999.0,-9999.0,-9999.0,13.69,-4.31,-6.82,65.61,93.0,2.0,-6.5,36.0,878.4,0.0,-0.6,1.95,8.4,825.2,144.8,42.8,187.6,0.2,813.9,1.84,95.4,0.0,0,1,"time.struct_time(tm_year=2022, tm_mon=1, tm_mday=3, tm_hour=11, tm_min=47, tm_sec=45, tm_wday=0, tm_yday=3, tm_isdst=-1)",2022-01-03,2022,1,3,3,47
2022-01-03 11:50:15,40.765762,-111.909561,1273.8,-9999.0,-9999.0,-9999.0,13.68,-4.18,-6.62,65.64,49.0,2.0,-6.28,36.0,878.2,0.0,1.6,1.94,8.8,821.0,111.7,36.3,148.0,0.2,813.8,1.84,95.7,0.0,0,1,"time.struct_time(tm_year=2022, tm_mon=1, tm_mday=3, tm_hour=11, tm_min=50, tm_sec=15, tm_wday=0, tm_yday=3, tm_isdst=-1)",2022-01-03,2022,1,3,3,50
2022-01-03 11:52:45,40.765766,-111.909576,1270.1,-9999.0,-9999.0,-9999.0,13.67,-4.05,-6.62,65.5,44.0,2.0,-6.22,36.0,878.0,0.0,-0.6,1.95,9.1,825.2,124.0,39.8,163.8,0.2,813.7,1.84,95.6,0.0,0,1,"time.struct_time(tm_year=2022, tm_mon=1, tm_mday=3, tm_hour=11, tm_min=52, tm_sec=45, tm_wday=0, tm_yday=3, tm_isdst=-1)",2022-01-03,2022,1,3,3,52
2022-01-03 11:55:15,40.765633,-111.90966,1274.1,-9999.0,-9999.0,-9999.0,13.67,-3.92,-6.62,65.06,48.0,2.0,-6.0,36.0,878.0,0.0,-1.7,1.95,9.3,820.9,99.8,39.8,139.6,0.2,813.6,1.84,95.4,0.0,0,1,"time.struct_time(tm_year=2022, tm_mon=1, tm_mday=3, tm_hour=11, tm_min=55, tm_sec=15, tm_wday=0, tm_yday=3, tm_isdst=-1)",2022-01-03,2022,1,3,3,55
2022-01-03 11:57:45,40.765778,-111.909409,1284.6,-9999.0,-9999.0,-9999.0,13.67,-3.79,-6.55,64.58,20.0,2.0,-5.89,36.0,878.2,0.0,-0.6,1.96,9.6,825.0,67.1,33.6,100.7,0.2,813.5,1.84,95.8,0.0,0,1,"time.struct_time(tm_year=2022, tm_mon=1, tm_mday=3, tm_hour=11, tm_min=57, tm_sec=45, tm_wday=0, tm_yday=3, tm_isdst=-1)",2022-01-03,2022,1,3,3,57
2022-01-03 15:53:20,40.765827,-111.909737,1275.8,-9999.0,-9999.0,-9999.0,13.79,-5.16,-5.45,63.79,12.0,2.0,-8.61,46.0,877.7,0.0,-1.0,1.83,-2.3,827.9,-9999.0,-9999.0,-9999.0,-9999.0,-9999.0,-9999.0,-9999.0,0.0,0,1,"time.struct_time(tm_year=2022, tm_mon=1, tm_mday=3, tm_hour=15, tm_min=53, tm_sec=20, tm_wday=0, tm_yday=3, tm_isdst=-1)",2022-01-03,2022,1,3,3,53
2022-01-03 15:55:50,40.765701,-111.909729,1290.4,-9999.0,-9999.0,-9999.0,13.77,-5.11,-5.25,63.75,11.0,2.0,-8.5,49.0,877.7,0.0,-4.8,1.85,-0.8,821.9,-9999.0,-9999.0,-9999.0,-9999.0,-9999.0,-9999.0,-9999.0,0.0,0,1,"time.struct_time(tm_year=2022, tm_mon=1, tm_mday=3, tm_hour=15, tm_min=55, tm_sec=50, tm_wday=0, tm_yday=3, tm_isdst=-1)",2022-01-03,2022,1,3,3,55
2022-01-03 16:13:25,40.765469,-111.909431,1299.8,-9999.0,-9999.0,-9999.0,13.66,-4.31,-5.19,63.23,91.0,2.0,-7.61,42.0,878.0,0.0,1.6,1.92,5.5,825.1,319.4,44.0,363.4,0.2,813.7,1.81,95.2,0.0,0,1,"time.struct_time(tm_year=2022, tm_mon=1, tm_mday=3, tm_hour=16, tm_min=13, tm_sec=25, tm_wday=0, tm_yday=3, tm_isdst=-1)",2022-01-03,2022,1,3,3,13
2022-01-03 16:15:55,40.765469,-111.909431,1300.2,-9999.0,-9999.0,-9999.0,13.66,-4.18,-5.06,62.99,44.0,2.0,-7.39,40.0,878.0,0.0,3.1,1.92,6.1,821.1,211.4,52.0,263.4,0.2,813.7,1.81,94.9,0.0,0,1,"time.struct_time(tm_year=2022, tm_mon=1, tm_mday=3, tm_hour=16, tm_min=15, tm_sec=55, tm_wday=0, tm_yday=3, tm_isdst=-1)",2022-01-03,2022,1,3,3,15
2022-01-03 16:18:25,40.765469,-111.909431,1300.5,-9999.0,-9999.0,-9999.0,13.65,-4.05,-5.06,62.34,37.0,2.0,-7.22,39.0,878.3,0.0,-2.1,1.92,6.6,825.2,242.8,42.4,285.2,0.2,813.6,1.81,94.5,0.0,0,1,"time.struct_time(tm_year=2022, tm_mon=1, tm_mday=3, tm_hour=16, tm_min=18, tm_sec=25, tm_wday=0, tm_yday=3, tm_isdst=-1)",2022-01-03,2022,1,3,3,18
2022-01-03 16:20:55,40.765469,-111.909431,1300.6,-9999.0,-9999.0,-9999.0,13.65,-3.94,-4.92,61.76,27.0,2.0,-6.89,38.0,878.1,0.0,0.5,1.93,7.1,820.8,189.5,39.7,229.2,0.2,813.3,1.81,94.8,0.0,0,1,"time.struct_time(tm_year=2022, tm_mon=1, tm_mday=3, tm_hour=16, tm_min=20, tm_sec=55, tm_wday=0, tm_yday=3, tm_isdst=-1)",2022-01-03,2022,1,3,3,20
2022-01-03 16:23:40,40.765469,-111.909431,1300.8,-9999.0,-9999.0,-9999.0,13.61,-3.79,-4.85,61.32,31.0,2.0,-6.72,37.0,877.8,0.0,-1.2,1.95,7.6,824.9,202.4,36.3,238.7,0.2,813.1,1.81,95.0,0.0,0,1,"time.struct_time(tm_year=2022, tm_mon=1, tm_mday=3, tm_hour=16, tm_min=23, tm_sec=40, tm_wday=0, tm_yday=3, tm_isdst=-1)",2022-01-03,2022,1,3,3,23
2022-01-03 16:26:10,40.765472,-111.909439,1301.1,-9999.0,-9999.0,-9999.0,13.63,-3.67,-4.72,61.32,19.0,2.0,-6.39,37.0,878.1,0.0,3.0,1.94,8.0,820.7,178.8,44.0,222.8,0.2,812.9,1.81,94.8,0.0,0,1,"time.struct_time(tm_year=2022, tm_mon=1, tm_mday=3, tm_hour=16, tm_min=26, tm_sec=10, tm_wday=0, tm_yday=3, tm_isdst=-1)",2022-01-03,2022,1,3,3,26
2022-01-03 16:28:40,40.765472,-111.909439,1301.2,-9999.0,-9999.0,-9999.0,13.6,-3.56,-4.58,61.18,17.0,2.0,-6.22,37.0,877.9,0.0,-3.1,1.94,8.4,824.9,180.1,44.7,224.8,0.2,812.8,1.81,95.0,0.0,0,1,"time.struct_time(tm_year=2022, tm_mon=1, tm_mday=3, tm_hour=16, tm_min=28, tm_sec=40, tm_wday=0, tm_yday=3, tm_isdst=-1)",2022-01-03,2022,1,3,3,28
2022-01-03 16:31:10,40.765472,-111.909439,1301.5,-9999.0,-9999.0,-9999.0,13.62,-3.43,-4.58,60.5,16.0,2.0,-5.89,37.0,878.1,0.0,-0.2,1.95,8.8,820.5,162.9,44.6,207.5,0.2,813.0,1.8,94.4,0.0,0,1,"time.struct_time(tm_year=2022, tm_mon=1, tm_mday=3, tm_hour=16, tm_min=31, tm_sec=10, tm_wday=0, tm_yday=3, tm_isdst=-1)",2022-01-03,2022,1,3,3,31
2022-01-03 16:33:40,40.765476,-111.909439,1301.6,-9999.0,-9999.0,-9999.0,13.59,-3.3,-4.51,60.54,21.0,2.0,-5.72,37.0,878.3,0.0,-0.6,1.95,9.1,825.1,152.1,43.6,195.7,0.2,812.9,1.81,95.0,0.0,0,1,"time.struct_time(tm_year=2022, tm_mon=1, tm_mday=3, tm_hour=16, tm_min=33, tm_sec=40, tm_wday=0, tm_yday=3, tm_isdst=-1)",2022-01-03,2022,1,3,3,33
2022-01-03 16:36:10,40.765476,-111.909439,1301.7,-9999.0,-9999.0,-9999.0,13.62,-3.19,-4.51,60.3,34.0,2.0,-5.5,37.0,878.3,0.0,1.4,1.95,9.5,821.0,385.1,67.3,452.4,0.2,813.0,1.81,95.0,0.0,0,1,"time.struct_time(tm_year=2022, tm_mon=1, tm_mday=3, tm_hour=16, tm_min=36, tm_sec=10, tm_wday=0, tm_yday=3, tm_isdst=-1)",2022-01-03,2022,1,3,3,36
2022-01-03 16:38:40,40.765472,-111.909439,1301.6,-9999.0,-9999.0,-9999.0,13.58,-3.08,-4.62,61.73,18.0,2.0,-5.28,37.0,878.3,0.0,5.4,1.96,9.8,825.2,195.8,47.0,242.8,0.2,812.8,1.81,95.1,0.0,0,1,"time.struct_time(tm_year=2022, tm_mon=1, tm_mday=3, tm_hour=16, tm_min=38, tm_sec=40, tm_wday=0, tm_yday=3, tm_isdst=-1)",2022-01-03,2022,1,3,3,38
2022-01-03 16:41:10,40.765472,-111.909439,1301.3,-9999.0,-9999.0,-9999.0,13.61,-2.96,-4.79,61.79,42.0,2.0,-5.11,37.0,878.2,0.0,1.2,1.96,10.1,820.7,523.0,63.3,586.3,0.2,812.5,1.81,95.1,0.0,0,1,"time.struct_time(tm_year=2022, tm_mon=1, tm_mday=3, tm_hour=16, tm_min=41, tm_sec=10, tm_wday=0, tm_yday=3, tm_isdst=-1)",2022-01-03,2022,1,3,3,41
2022-01-03 16:43:40,40.765472,-111.909439,1301.3,-9999.0,-9999.0,-9999.0,13.57,-2.85,-4.72,62.41,87.0,2.0,-4.89,38.0,878.2,0.0,-1.5,1.97,10.4,824.7,537.5,52.4,589.9,0.2,812.4,1.81,95.0,0.0,0,1,"time.struct_time(tm_year=2022, tm_mon=1, tm_mday=3, tm_hour=16, tm_min=43, tm_sec=40, tm_wday=0, tm_yday=3, tm_isdst=-1)",2022-01-03,2022,1,3,3,43
2022-01-03 16:46:10,40.765472,-111.909447,1301.4,-9999.0,-9999.0,-9999.0,13.49,-2.72,-4.58,64.72,24.0,2.0,-4.72,38.0,877.9,0.0,2.8,1.96,10.7,820.5,466.2,49.0,515.2,0.2,812.4,1.8,94.7,0.0,0,1,"time.struct_time(tm_year=2022, tm_mon=1, tm_mday=3, tm_hour=16, tm_min=46, tm_sec=10, tm_wday=0, tm_yday=3, tm_isdst=-1)",2022-01-03,2022,1,3,3,46
2022-01-03 16:48:40,40.765472,-111.909447,1301.7,-9999.0,-9999.0,-9999.0,13.56,-2.57,-4.45,62.95,32.0,2.0,-4.61,38.0,878.1,0.0,0.1,1.98,10.9,824.9,252.2,45.3,297.5,0.2,812.8,1.79,94.0,0.0,0,1,"time.struct_time(tm_year=2022, tm_mon=1, tm_mday=3, tm_hour=16, tm_min=48, tm_sec=40, tm_wday=0, tm_yday=3, tm_isdst=-1)",2022-01-03,2022,1,3,3,48
2022-01-03 16:51:10,40.765472,-111.909447,1302.0,-9999.0,-9999.0,-9999.0,13.59,-2.44,-4.17,60.84,23.0,2.0,-4.39,37.0,877.9,0.0,-0.7,1.96,11.2,820.4,202.5,43.7,246.2,0.2,812.1,1.8,94.7,0.0,0,1,"time.struct_time(tm_year=2022, tm_mon=1, tm_mday=3, tm_hour=16, tm_min=51, tm_sec=10, tm_wday=0, tm_yday=3, tm_isdst=-1)",2022-01-03,2022,1,3,3,51
2022-01-03 16:54:45,40.765476,-111.909454,1302.3,-9999.0,-9999.0,-9999.0,13.58,-2.25,-3.9,59.0,39.0,2.0,-3.89,37.0,878.0,0.0,4.4,1.96,11.6,824.7,202.7,47.1,249.8,0.3,811.9,1.84,95.9,0.0,0,1,"time.struct_time(tm_year=2022, tm_mon=1, tm_mday=3, tm_hour=16, tm_min=54, tm_sec=45, tm_wday=0, tm_yday=3, tm_isdst=-1)",2022-01-03,2022,1,3,3,54
2022-01-03 16:57:15,40.765476,-111.909454,1302.7,-9999.0,-9999.0,-9999.0,13.58,-2.12,-3.63,58.56,19.0,2.0,-3.72,37.0,877.8,0.0,2.0,1.96,11.8,820.2,194.4,55.1,249.5,0.2,811.8,1.84,95.9,0.0,0,1,"time.struct_time(tm_year=2022, tm_mon=1, tm_mday=3, tm_hour=16, tm_min=57, tm_sec=15, tm_wday=0, tm_yday=3, tm_isdst=-1)",2022-01-03,2022,1,3,3,57
2022-01-03 16:59:45,40.765476,-111.909454,1302.7,-9999.0,-9999.0,-9999.0,13.57,-1.95,-3.47,57.43,29.0,2.0,-3.39,37.0,877.7,0.0,6.3,1.96,12.1,824.5,180.1,48.4,228.5,0.2,811.7,1.84,95.9,0.0,0,1,"time.struct_time(tm_year=2022, tm_mon=1, tm_mday=3, tm_hour=16, tm_min=59, tm_sec=45, tm_wday=0, tm_yday=3, tm_isdst=-1)",2022-01-03,2022,1,3,3,59
2022-01-03 17:02:15,40.765476,-111.909454,1302.5,-9999.0,-9999.0,-9999.0,13.56,-1.8,-3.37,56.82,36.0,2.0,-3.0,37.0,877.7,0.0,-2.1,1.97,12.3,820.4,213.4,47.6,261.0,0.2,811.6,1.84,96.0,0.0,0,1,"time.struct_time(tm_year=2022, tm_mon=1, tm_mday=3, tm_hour=17, tm_min=2, tm_sec=15, tm_wday=0, tm_yday=3, tm_isdst=-1)",2022-01-03,2022,1,3,3,2
2022-01-03 17:04:45,40.765476,-111.909454,1302.2,-9999.0,-9999.0,-9999.0,13.55,-1.63,-3.1,56.21,34.0,2.0,-2.72,37.0,877.9,0.0,6.5,1.96,12.6,824.6,172.2,45.5,217.7,0.2,811.7,1.83,95.9,0.0,0,1,"time.struct_time(tm_year=2022, tm_mon=1, tm_mday=3, tm_hour=17, tm_min=4, tm_sec=45, tm_wday=0, tm_yday=3, tm_isdst=-1)",2022-01-03,2022,1,3,3,4
2022-01-03 17:07:15,40.765476,-111.909454,1301.8,-9999.0,-9999.0,-9999.0,13.55,-1.44,-2.89,53.96,19.0,2.0,-2.5,37.0,878.1,0.0,-2.3,1.98,12.8,821.0,160.1,43.4,203.5,0.2,811.7,1.84,96.0,0.0,0,1,"time.struct_time(tm_year=2022, tm_mon=1, tm_mday=3, tm_hour=17, tm_min=7, tm_sec=15, tm_wday=0, tm_yday=3, tm_isdst=-1)",2022-01-03,2022,1,3,3,7
2022-01-03 17:09:45,40.765476,-111.909454,1301.5,-9999.0,-9999.0,-9999.0,13.54,-1.27,-2.62,54.47,44.0,2.0,-2.22,37.0,878.3,0.0,3.5,1.98,13.0,824.9,188.3,43.7,232.0,0.3,811.8,1.83,95.6,0.0,0,1,"time.struct_time(tm_year=2022, tm_mon=1, tm_mday=3, tm_hour=17, tm_min=9, tm_sec=45, tm_wday=0, tm_yday=3, tm_isdst=-1)",2022-01-03,2022,1,3,3,9
2022-01-03 17:12:15,40.765476,-111.909454,1300.9,-9999.0,-9999.0,-9999.0,13.53,-1.08,-2.35,53.35,92.0,2.0,-1.89,37.0,878.0,0.0,-0.8,1.96,13.3,821.4,341.6,51.6,393.2,0.3,811.5,1.83,96.0,0.0,0,1,"time.struct_time(tm_year=2022, tm_mon=1, tm_mday=3, tm_hour=17, tm_min=12, tm_sec=15, tm_wday=0, tm_yday=3, tm_isdst=-1)",2022-01-03,2022,1,3,3,12
2022-01-03 17:14:45,40.76548,-111.909454,1300.7,-9999.0,-9999.0,-9999.0,13.5,-0.86,-2.21,51.44,84.0,2.0,-1.61,37.0,877.9,0.0,-1.4,1.98,13.5,824.7,335.6,45.8,381.4,0.3,811.4,1.83,95.9,0.0,0,1,"time.struct_time(tm_year=2022, tm_mon=1, tm_mday=3, tm_hour=17, tm_min=14, tm_sec=45, tm_wday=0, tm_yday=3, tm_isdst=-1)",2022-01-03,2022,1,3,3,14
2022-01-03 17:17:15,40.765476,-111.909454,1300.8,-9999.0,-9999.0,-9999.0,13.51,-0.65,-1.88,51.24,26.0,2.0,-1.28,37.0,878.1,0.0,4.2,1.98,13.8,822.1,139.2,37.3,176.5,0.3,811.3,1.83,96.0,0.0,0,1,"time.struct_time(tm_year=2022, tm_mon=1, tm_mday=3, tm_hour=17, tm_min=17, tm_sec=15, tm_wday=0, tm_yday=3, tm_isdst=-1)",2022-01-03,2022,1,3,3,17
2022-01-03 17:19:45,40.765476,-111.909454,1301.0,-9999.0,-9999.0,-9999.0,13.49,-0.44,-1.54,49.54,30.0,2.0,-1.0,36.0,878.0,0.0,2.7,1.97,14.0,824.7,130.3,37.7,168.0,0.3,811.2,1.83,95.8,0.0,0,1,"time.struct_time(tm_year=2022, tm_mon=1, tm_mday=3, tm_hour=17, tm_min=19, tm_sec=45, tm_wday=0, tm_yday=3, tm_isdst=-1)",2022-01-03,2022,1,3,3,19
2022-01-03 17:22:15,40.765476,-111.909454,1301.3,-9999.0,-9999.0,-9999.0,13.49,-0.22,-1.33,48.35,17.0,2.0,-0.78,36.0,878.0,0.0,6.6,1.98,14.3,822.4,101.5,30.2,131.7,0.3,811.1,1.83,96.0,0.0,0,1,"time.struct_time(tm_year=2022, tm_mon=1, tm_mday=3, tm_hour=17, tm_min=22, tm_sec=15, tm_wday=0, tm_yday=3, tm_isdst=-1)",2022-01-03,2022,1,3,3,22
2022-01-03 17:24:45,40.765476,-111.909454,1301.6,-9999.0,-9999.0,-9999.0,13.5,-0.01,-1.13,47.23,38.0,2.0,-0.61,36.0,877.8,0.0,6.0,1.97,14.5,824.5,101.6,37.0,138.6,0.3,811.0,1.82,95.7,0.0,0,1,"time.struct_time(tm_year=2022, tm_mon=1, tm_mday=3, tm_hour=17, tm_min=24, tm_sec=45, tm_wday=0, tm_yday=3, tm_isdst=-1)",2022-01-03,2022,1,3,3,24
2022-01-03 17:27:15,40.765476,-111.909454,1301.6,-9999.0,-9999.0,-9999.0,13.49,0.22,-0.86,45.26,18.0,2.0,-0.22,35.0,877.9,0.0,3.2,1.99,14.7,822.5,94.7,30.2,124.9,0.4,810.8,1.82,95.6,0.0,0,1,"time.struct_time(tm_year=2022, tm_mon=1, tm_mday=3, tm_hour=17, tm_min=27, tm_sec=15, tm_wday=0, tm_yday=3, tm_isdst=-1)",2022-01-03,2022,1,3,3,27
2022-01-03 17:29:45,40.765472,-111.909454,1301.6,-9999.0,-9999.0,-9999.0,13.49,0.44,-0.76,44.51,12.0,2.0,-0.11,35.0,877.9,0.0,4.4,1.98,15.0,824.7,66.0,43.7,109.7,0.6,810.8,1.82,95.9,0.0,0,1,"time.struct_time(tm_year=2022, tm_mon=1, tm_mday=3, tm_hour=17, tm_min=29, tm_sec=45, tm_wday=0, tm_yday=3, tm_isdst=-1)",2022-01-03,2022,1,3,3,29
2022-01-03 17:37:20,40.765472,-111.909462,1297.7,-9999.0,-9999.0,-9999.0,13.5,1.07,-0.29,42.7,9.0,2.0,0.5,34.0,877.8,0.0,14.8,1.98,14.6,824.7,0.0,0.0,0.0,1.3,810.7,1.8,94.9,0.0,0,1,"time.struct_time(tm_year=2022, tm_mon=1, tm_mday=3, tm_hour=17, tm_min=37, tm_sec=20, tm_wday=0, tm_yday=3, tm_isdst=-1)",2022-01-03,2022,1,3,3,37
2022-01-03 17:51:55,40.765484,-111.909454,1292.4,-9999.0,-9999.0,-9999.0,13.43,2.29,0.8,38.82,24.0,2.0,1.89,32.0,878.0,0.0,12.6,2.0,16.6,823.1,56.5,27.4,83.9,2.5,810.2,1.79,95.7,0.0,0,1,"time.struct_time(tm_year=2022, tm_mon=1, tm_mday=3, tm_hour=17, tm_min=51, tm_sec=55, tm_wday=0, tm_yday=3, tm_isdst=-1)",2022-01-03,2022,1,3,3,51
2022-01-03 17:54:25,40.765484,-111.909454,1292.5,-9999.0,-9999.0,-9999.0,13.35,2.52,0.96,37.98,52.0,2.0,2.11,32.0,877.8,0.0,10.4,2.0,16.9,824.6,53.0,20.7,73.7,2.7,810.2,1.79,95.7,0.0,0,1,"time.struct_time(tm_year=2022, tm_mon=1, tm_mday=3, tm_hour=17, tm_min=54, tm_sec=25, tm_wday=0, tm_yday=3, tm_isdst=-1)",2022-01-03,2022,1,3,3,54
2022-01-03 17:56:55,40.765484,-111.909454,1293.3,-9999.0,-9999.0,-9999.0,13.43,2.74,1.24,38.28,15.0,2.0,2.22,32.0,877.8,0.0,15.8,1.99,17.1,823.1,38.8,20.7,59.5,2.9,810.1,1.79,95.7,0.0,0,1,"time.struct_time(tm_year=2022, tm_mon=1, tm_mday=3, tm_hour=17, tm_min=56, tm_sec=55, tm_wday=0, tm_yday=3, tm_isdst=-1)",2022-01-03,2022,1,3,3,56
2022-01-03 17:59:25,40.765488,-111.909454,1293.8,-9999.0,-9999.0,-9999.0,13.41,2.93,0.9,37.64,19.0,2.0,2.39,31.0,877.7,0.0,13.2,2.0,17.4,824.6,49.1,22.8,71.9,3.1,810.0,1.79,95.9,0.0,0,1,"time.struct_time(tm_year=2022, tm_mon=1, tm_mday=3, tm_hour=17, tm_min=59, tm_sec=25, tm_wday=0, tm_yday=3, tm_isdst=-1)",2022-01-03,2022,1,3,3,59
2022-01-03 18:01:55,40.765495,-111.909454,1294.4,-9999.0,-9999.0,-9999.0,13.41,3.12,0.89,39.33,19.0,2.0,2.5,31.0,877.7,0.0,11.6,1.99,17.7,823.2,36.9,24.7,61.6,3.4,809.9,1.79,96.0,0.0,0,1,"time.struct_time(tm_year=2022, tm_mon=1, tm_mday=3, tm_hour=18, tm_min=1, tm_sec=55, tm_wday=0, tm_yday=3, tm_isdst=-1)",2022-01-03,2022,1,3,3,1
2022-01-03 18:04:25,40.765495,-111.909454,1294.6,-9999.0,-9999.0,-9999.0,13.4,3.31,1.23,38.03,14.0,2.0,2.72,31.0,877.8,0.0,10.5,2.0,17.9,824.5,34.4,34.7,69.1,3.6,809.9,1.79,95.9,0.0,0,1,"time.struct_time(tm_year=2022, tm_mon=1, tm_mday=3, tm_hour=18, tm_min=4, tm_sec=25, tm_wday=0, tm_yday=3, tm_isdst=-1)",2022-01-03,2022,1,3,3,4
2022-01-03 18:06:55,40.765495,-111.909454,1294.9,-9999.0,-9999.0,-9999.0,13.37,3.51,1.5,36.16,7.0,2.0,2.89,30.0,877.9,0.0,20.7,2.01,18.1,823.2,13.3,20.3,33.6,3.8,809.7,1.79,96.0,0.0,0,1,"time.struct_time(tm_year=2022, tm_mon=1, tm_mday=3, tm_hour=18, tm_min=6, tm_sec=55, tm_wday=0, tm_yday=3, tm_isdst=-1)",2022-01-03,2022,1,3,3,6
2022-01-03 18:09:25,40.765495,-111.909454,1295.4,-9999.0,-9999.0,-9999.0,13.39,3.7,1.29,36.03,12.0,2.0,3.0,30.0,877.8,0.0,16.2,2.0,18.4,824.5,40.0,19.3,59.3,4.0,809.6,1.79,96.1,0.0,0,1,"time.struct_time(tm_year=2022, tm_mon=1, tm_mday=3, tm_hour=18, tm_min=9, tm_sec=25, tm_wday=0, tm_yday=3, tm_isdst=-1)",2022-01-03,2022,1,3,3,9
2022-01-03 18:11:55,40.765491,-111.909431,1296.8,-9999.0,-9999.0,-9999.0,13.39,3.89,1.26,36.54,16.0,2.0,3.22,29.0,877.9,0.0,16.7,2.01,18.6,823.4,42.1,27.5,69.6,4.2,809.7,1.79,96.3,0.0,0,1,"time.struct_time(tm_year=2022, tm_mon=1, tm_mday=3, tm_hour=18, tm_min=11, tm_sec=55, tm_wday=0, tm_yday=3, tm_isdst=-1)",2022-01-03,2022,1,3,3,11
2022-01-03 18:14:25,40.765465,-111.909416,1296.6,-9999.0,-9999.0,-9999.0,13.38,4.08,1.46,36.06,15.0,2.0,3.39,29.0,877.6,0.0,8.3,2.01,18.8,824.6,34.3,35.5,69.8,4.4,809.6,1.79,96.0,0.0,0,1,"time.struct_time(tm_year=2022, tm_mon=1, tm_mday=3, tm_hour=18, tm_min=14, tm_sec=25, tm_wday=0, tm_yday=3, tm_isdst=-1)",2022-01-03,2022,1,3,3,14
2022-01-03 18:16:55,40.765453,-111.909439,1294.1,-9999.0,-9999.0,-9999.0,13.38,4.26,1.63,35.86,18.0,2.0,3.61,29.0,877.7,0.0,14.3,2.01,19.0,823.5,99.5,25.6,125.1,4.6,809.4,1.79,96.4,0.0,0,1,"time.struct_time(tm_year=2022, tm_mon=1, tm_mday=3, tm_hour=18, tm_min=16, tm_sec=55, tm_wday=0, tm_yday=3, tm_isdst=-1)",2022-01-03,2022,1,3,3,16
2022-01-03 18:19:25,40.765453,-111.909439,1294.0,-9999.0,-9999.0,-9999.0,13.38,4.45,1.56,36.84,13.0,2.0,3.78,29.0,877.7,0.0,14.3,2.01,19.3,824.6,27.2,31.3,58.5,4.8,809.7,1.79,96.0,0.0,0,1,"time.struct_time(tm_year=2022, tm_mon=1, tm_mday=3, tm_hour=18, tm_min=19, tm_sec=25, tm_wday=0, tm_yday=3, tm_isdst=-1)",2022-01-03,2022,1,3,3,19
2022-01-03 18:21:55,40.765453,-111.909439,1293.8,-9999.0,-9999.0,-9999.0,13.34,4.62,1.83,35.99,30.0,2.0,4.0,29.0,877.7,0.0,15.6,2.02,19.5,823.5,21.3,35.6,56.9,5.0,809.6,1.79,95.8,0.0,0,1,"time.struct_time(tm_year=2022, tm_mon=1, tm_mday=3, tm_hour=18, tm_min=21, tm_sec=55, tm_wday=0, tm_yday=3, tm_isdst=-1)",2022-01-03,2022,1,3,3,21
2022-01-03 18:24:25,40.765457,-111.909439,1292.9,-9999.0,-9999.0,-9999.0,13.36,4.82,2.27,34.5,13.0,2.0,4.22,28.0,877.8,0.0,15.2,2.02,19.7,824.5,36.0,26.6,62.6,5.2,809.5,1.79,96.0,0.0,0,1,"time.struct_time(tm_year=2022, tm_mon=1, tm_mday=3, tm_hour=18, tm_min=24, tm_sec=25, tm_wday=0, tm_yday=3, tm_isdst=-1)",2022-01-03,2022,1,3,3,24
2022-01-03 18:26:55,40.765461,-111.909431,1291.8,-9999.0,-9999.0,-9999.0,13.36,4.99,2.58,34.09,18.0,2.0,4.39,28.0,877.7,0.0,10.9,2.01,19.9,823.6,55.3,30.0,85.3,5.3,809.5,1.79,96.0,0.0,0,1,"time.struct_time(tm_year=2022, tm_mon=1, tm_mday=3, tm_hour=18, tm_min=26, tm_sec=55, tm_wday=0, tm_yday=3, tm_isdst=-1)",2022-01-03,2022,1,3,3,26
2022-01-03 18:31:30,40.765465,-111.909431,1290.7,-9999.0,-9999.0,-9999.0,13.34,5.31,2.91,33.23,25.0,2.0,4.72,28.0,877.6,0.0,11.8,2.0,20.3,823.5,70.3,29.8,100.1,5.7,809.3,1.82,96.7,0.0,0,1,"time.struct_time(tm_year=2022, tm_mon=1, tm_mday=3, tm_hour=18, tm_min=31, tm_sec=30, tm_wday=0, tm_yday=3, tm_isdst=-1)",2022-01-03,2022,1,3,3,31
2022-01-03 18:34:00,40.765465,-111.909431,1290.4,-9999.0,-9999.0,-9999.0,13.35,5.51,2.64,34.08,15.0,2.0,4.89,27.0,877.6,0.0,12.0,2.02,20.5,824.3,39.6,27.9,67.5,5.9,809.2,1.82,96.3,0.0,0,1,"time.struct_time(tm_year=2022, tm_mon=1, tm_mday=3, tm_hour=18, tm_min=34, tm_sec=0, tm_wday=0, tm_yday=3, tm_isdst=-1)",2022-01-03,2022,1,3,3,34
2022-01-03 18:37:35,40.765465,-111.909439,1290.2,-9999.0,-9999.0,-9999.0,13.34,5.76,2.57,34.42,46.0,2.0,5.22,27.0,877.5,0.0,14.2,2.02,20.7,823.6,106.6,34.6,141.2,6.2,809.2,1.79,96.0,0.0,0,1,"time.struct_time(tm_year=2022, tm_mon=1, tm_mday=3, tm_hour=18, tm_min=37, tm_sec=35, tm_wday=0, tm_yday=3, tm_isdst=-1)",2022-01-03,2022,1,3,3,37
2022-01-03 18:40:05,40.765469,-111.909431,1289.3,-9999.0,-9999.0,-9999.0,13.33,5.94,2.84,34.15,20.0,2.0,5.39,27.0,877.7,0.0,11.4,2.01,20.9,824.3,43.1,22.7,65.8,6.4,809.1,1.79,95.8,0.0,0,1,"time.struct_time(tm_year=2022, tm_mon=1, tm_mday=3, tm_hour=18, tm_min=40, tm_sec=5, tm_wday=0, tm_yday=3, tm_isdst=-1)",2022-01-03,2022,1,3,3,40
2022-01-03 18:42:35,40.76545,-111.909439,1287.3,-9999.0,-9999.0,-9999.0,13.33,6.11,3.31,33.3,37.0,2.0,5.61,27.0,877.4,0.0,11.3,2.01,21.1,823.8,108.6,27.0,135.6,6.6,809.0,1.79,96.1,0.0,0,1,"time.struct_time(tm_year=2022, tm_mon=1, tm_mday=3, tm_hour=18, tm_min=42, tm_sec=35, tm_wday=0, tm_yday=3, tm_isdst=-1)",2022-01-03,2022,1,3,3,42
2022-01-03 18:45:05,40.765434,-111.909431,1286.5,-9999.0,-9999.0,-9999.0,13.3,6.29,3.65,31.84,11.0,2.0,5.78,26.0,877.3,0.0,14.2,2.03,21.3,824.2,32.5,18.1,50.6,6.8,808.9,1.79,96.2,0.0,0,1,"time.struct_time(tm_year=2022, tm_mon=1, tm_mday=3, tm_hour=18, tm_min=45, tm_sec=5, tm_wday=0, tm_yday=3, tm_isdst=-1)",2022-01-03,2022,1,3,3,45
2022-01-03 18:47:35,40.765434,-111.909424,1285.4,-9999.0,-9999.0,-9999.0,13.32,6.46,4.33,30.62,10.0,2.0,5.89,26.0,877.4,0.0,18.2,2.03,21.5,823.5,43.3,16.6,59.9,7.0,808.8,1.79,96.1,0.0,0,1,"time.struct_time(tm_year=2022, tm_mon=1, tm_mday=3, tm_hour=18, tm_min=47, tm_sec=35, tm_wday=0, tm_yday=3, tm_isdst=-1)",2022-01-03,2022,1,3,3,47
2022-01-03 18:50:05,40.765442,-111.909386,1275.5,-9999.0,-9999.0,-9999.0,13.32,6.61,4.67,29.67,24.0,2.0,6.11,26.0,877.1,0.0,14.2,2.02,21.7,824.0,50.8,19.6,70.4,7.2,808.6,1.79,96.1,0.0,0,1,"time.struct_time(tm_year=2022, tm_mon=1, tm_mday=3, tm_hour=18, tm_min=50, tm_sec=5, tm_wday=0, tm_yday=3, tm_isdst=-1)",2022-01-03,2022,1,3,3,50
2022-01-03 18:52:35,40.76545,-111.909424,1279.3,-9999.0,-9999.0,-9999.0,13.32,6.79,5.35,28.85,12.0,2.0,6.22,25.0,877.2,0.0,13.2,2.03,21.9,823.5,67.0,27.7,94.7,7.4,808.5,1.79,96.1,0.0,0,1,"time.struct_time(tm_year=2022, tm_mon=1, tm_mday=3, tm_hour=18, tm_min=52, tm_sec=35, tm_wday=0, tm_yday=3, tm_isdst=-1)",2022-01-03,2022,1,3,3,52
2022-01-03 18:55:05,40.765381,-111.908607,1292.4,-9999.0,-9999.0,-9999.0,13.32,6.96,5.35,28.11,14.0,2.0,6.28,25.0,877.1,0.0,11.2,2.03,22.0,823.9,70.9,29.2,100.1,7.6,808.3,1.8,96.7,0.0,0,1,"time.struct_time(tm_year=2022, tm_mon=1, tm_mday=3, tm_hour=18, tm_min=55, tm_sec=5, tm_wday=0, tm_yday=3, tm_isdst=-1)",2022-01-03,2022,1,3,3,55
2022-01-03 18:57:35,40.765385,-111.90892,1289.8,-9999.0,-9999.0,-9999.0,13.3,7.14,6.06,40.8,49.0,2.0,6.28,28.0,876.9,0.0,0.8,2.03,22.2,823.1,3891.0,681.3,4572.3,7.8,807.9,1.79,96.6,0.0,0,1,"time.struct_time(tm_year=2022, tm_mon=1, tm_mday=3, tm_hour=18, tm_min=57, tm_sec=35, tm_wday=0, tm_yday=3, tm_isdst=-1)",2022-01-03,2022,1,3,3,57
2022-01-03 19:00:05,40.765411,-111.908943,1289.6,-9999.0,-9999.0,-9999.0,13.27,7.36,7.28,38.15,52.0,2.0,6.78,30.0,876.7,0.0,-1.2,2.02,22.4,823.4,3587.2,769.8,4357.0,8.0,807.8,1.79,96.5,0.0,0,1,"time.struct_time(tm_year=2022, tm_mon=1, tm_mday=3, tm_hour=19, tm_min=0, tm_sec=5, tm_wday=0, tm_yday=3, tm_isdst=-1)",2022-01-03,2022,1,3,3,0
2022-01-03 19:05:40,40.765293,-111.908829,1290.9,-9999.0,-9999.0,-9999.0,13.26,8.06,10.09,31.6,45.0,2.0,8.39,31.0,876.5,0.0,1.7,2.04,22.9,823.1,3728.8,776.9,4505.7,8.4,807.6,1.79,97.0,0.0,0,1,"time.struct_time(tm_year=2022, tm_mon=1, tm_mday=3, tm_hour=19, tm_min=5, tm_sec=40, tm_wday=0, tm_yday=3, tm_isdst=-1)",2022-01-03,2022,1,3,3,5
2022-01-03 19:08:10,40.765362,-111.908859,1290.6,-9999.0,-9999.0,-9999.0,13.17,8.44,11.35,29.22,44.0,2.0,9.22,32.0,876.7,0.0,4.0,2.04,23.1,822.9,3655.6,731.7,4387.3,8.6,807.7,1.78,96.5,0.0,0,1,"time.struct_time(tm_year=2022, tm_mon=1, tm_mday=3, tm_hour=19, tm_min=8, tm_sec=10, tm_wday=0, tm_yday=3, tm_isdst=-1)",2022-01-03,2022,1,3,3,8
2022-01-03 19:10:40,40.76532,-111.908798,1291.0,-9999.0,-9999.0,-9999.0,13.24,8.86,12.46,27.76,44.0,2.0,10.0,32.0,876.4,0.0,-1.1,2.04,23.3,822.9,3783.3,733.2,4516.5,8.8,807.6,1.78,96.7,0.0,0,1,"time.struct_time(tm_year=2022, tm_mon=1, tm_mday=3, tm_hour=19, tm_min=10, tm_sec=40, tm_wday=0, tm_yday=3, tm_isdst=-1)",2022-01-03,2022,1,3,3,10
2022-01-03 19:13:10,40.765385,-111.908897,1291.4,-9999.0,-9999.0,-9999.0,13.2,9.28,13.41,26.26,44.0,2.0,10.72,32.0,876.3,0.0,0.5,2.04,23.6,822.7,3964.2,749.3,4713.5,9.0,807.4,1.78,96.7,0.0,0,1,"time.struct_time(tm_year=2022, tm_mon=1, tm_mday=3, tm_hour=19, tm_min=13, tm_sec=10, tm_wday=0, tm_yday=3, tm_isdst=-1)",2022-01-03,2022,1,3,3,13
2022-01-03 19:15:40,40.765251,-111.908928,1292.0,-9999.0,-9999.0,-9999.0,13.21,9.73,14.36,25.31,53.0,2.0,11.39,32.0,876.3,0.0,-0.7,2.05,23.9,822.5,4258.7,810.2,5068.9,9.2,807.1,1.78,96.7,0.0,0,1,"time.struct_time(tm_year=2022, tm_mon=1, tm_mday=3, tm_hour=19, tm_min=15, tm_sec=40, tm_wday=0, tm_yday=3, tm_isdst=-1)",2022-01-03,2022,1,3,3,15
2022-01-03 19:18:10,40.765251,-111.908867,1292.4,-9999.0,-9999.0,-9999.0,13.2,10.16,15.24,23.96,55.0,2.0,12.11,32.0,876.1,0.0,0.2,2.05,24.2,822.4,4308.0,815.6,5123.6,9.5,807.1,1.78,96.5,0.0,0,1,"time.struct_time(tm_year=2022, tm_mon=1, tm_mday=3, tm_hour=19, tm_min=18, tm_sec=10, tm_wday=0, tm_yday=3, tm_isdst=-1)",2022-01-03,2022,1,3,3,18
2022-01-03 19:20:40,40.765331,-111.908875,1292.3,-9999.0,-9999.0,-9999.0,13.19,10.63,15.92,23.24,52.0,2.0,12.78,31.0,876.3,0.0,-0.5,2.05,24.5,822.5,4436.1,837.5,5273.6,9.7,807.0,1.78,96.7,0.0,0,1,"time.struct_time(tm_year=2022, tm_mon=1, tm_mday=3, tm_hour=19, tm_min=20, tm_sec=40, tm_wday=0, tm_yday=3, tm_isdst=-1)",2022-01-03,2022,1,3,3,20
2022-01-03 19:24:15,40.765339,-111.90892,1292.4,-9999.0,-9999.0,-9999.0,13.16,11.29,16.73,22.32,60.0,2.0,13.72,31.0,876.0,0.0,-1.1,2.06,25.0,822.4,4733.9,886.4,5620.3,10.0,806.9,1.81,97.0,0.0,0,1,"time.struct_time(tm_year=2022, tm_mon=1, tm_mday=3, tm_hour=19, tm_min=24, tm_sec=15, tm_wday=0, tm_yday=3, tm_isdst=-1)",2022-01-03,2022,1,3,3,24
2022-01-03 19:26:45,40.765251,-111.908951,1293.3,-9999.0,-9999.0,-9999.0,13.14,11.75,17.2,22.12,66.0,2.0,14.28,31.0,876.0,0.0,2.0,2.06,25.4,822.3,5013.2,923.0,5936.2,10.3,806.7,1.81,97.2,0.0,0,1,"time.struct_time(tm_year=2022, tm_mon=1, tm_mday=3, tm_hour=19, tm_min=26, tm_sec=45, tm_wday=0, tm_yday=3, tm_isdst=-1)",2022-01-03,2022,1,3,3,26
2022-01-03 19:29:15,40.765289,-111.908867,1294.9,-9999.0,-9999.0,-9999.0,13.1,12.21,17.67,21.88,65.0,2.0,14.89,31.0,875.9,0.0,0.5,2.06,25.7,822.4,5117.5,934.4,6051.9,10.5,806.6,1.81,97.2,0.0,0,1,"time.struct_time(tm_year=2022, tm_mon=1, tm_mday=3, tm_hour=19, tm_min=29, tm_sec=15, tm_wday=0, tm_yday=3, tm_isdst=-1)",2022-01-03,2022,1,3,3,29
2022-01-03 19:31:45,40.765305,-111.908844,1295.2,-9999.0,-9999.0,-9999.0,13.11,12.7,18.11,21.17,61.0,2.0,15.39,30.0,876.1,0.0,1.7,2.08,26.1,822.2,5267.0,949.9,6216.9,10.8,806.4,1.81,97.2,0.0,0,1,"time.struct_time(tm_year=2022, tm_mon=1, tm_mday=3, tm_hour=19, tm_min=31, tm_sec=45, tm_wday=0, tm_yday=3, tm_isdst=-1)",2022-01-03,2022,1,3,3,31
2022-01-03 19:34:15,40.765308,-111.908852,1295.3,-9999.0,-9999.0,-9999.0,13.11,13.14,18.58,20.66,59.0,2.0,15.89,30.0,875.8,0.0,5.2,2.08,26.5,822.2,5539.2,980.7,6519.9,11.0,806.3,1.81,97.4,0.0,0,1,"time.struct_time(tm_year=2022, tm_mon=1, tm_mday=3, tm_hour=19, tm_min=34, tm_sec=15, tm_wday=0, tm_yday=3, tm_isdst=-1)",2022-01-03,2022,1,3,3,34
2022-01-03 19:36:45,40.765312,-111.908859,1295.0,-9999.0,-9999.0,-9999.0,13.11,13.61,18.89,20.01,59.0,2.0,16.39,30.0,875.7,0.0,-0.4,2.08,26.9,822.0,5474.5,968.2,6442.7,11.3,806.2,1.81,97.3,0.0,0,1,"time.struct_time(tm_year=2022, tm_mon=1, tm_mday=3, tm_hour=19, tm_min=36, tm_sec=45, tm_wday=0, tm_yday=3, tm_isdst=-1)",2022-01-03,2022,1,3,3,36
2022-01-03 19:40:20,40.765308,-111.908867,1295.6,-9999.0,-9999.0,-9999.0,13.1,14.28,19.36,19.6,58.0,2.0,17.0,29.0,875.5,0.0,0.2,2.08,27.4,821.7,5026.3,899.0,5925.3,11.7,806.0,1.78,96.4,0.0,0,1,"time.struct_time(tm_year=2022, tm_mon=1, tm_mday=3, tm_hour=19, tm_min=40, tm_sec=20, tm_wday=0, tm_yday=3, tm_isdst=-1)",2022-01-03,2022,1,3,3,40
2022-01-03 19:42:50,40.765308,-111.908867,1295.8,-9999.0,-9999.0,-9999.0,13.09,14.73,19.62,18.92,61.0,2.0,17.39,29.0,875.6,0.0,1.6,2.09,27.8,821.8,4799.3,866.3,5665.6,12.0,805.8,1.79,96.6,0.0,0,1,"time.struct_time(tm_year=2022, tm_mon=1, tm_mday=3, tm_hour=19, tm_min=42, tm_sec=50, tm_wday=0, tm_yday=3, tm_isdst=-1)",2022-01-03,2022,1,3,3,42
2022-01-03 19:45:20,40.765312,-111.908867,1296.4,-9999.0,-9999.0,-9999.0,13.08,15.17,19.82,18.45,60.0,2.0,17.78,29.0,875.3,0.0,2.8,2.1,28.2,821.5,4656.9,848.7,5505.6,12.3,805.7,1.78,96.7,0.0,0,1,"time.struct_time(tm_year=2022, tm_mon=1, tm_mday=3, tm_hour=19, tm_min=45, tm_sec=20, tm_wday=0, tm_yday=3, tm_isdst=-1)",2022-01-03,2022,1,3,3,45
2022-01-03 19:47:50,40.765316,-111.908867,1295.7,-9999.0,-9999.0,-9999.0,13.07,15.58,19.95,17.97,57.0,2.0,18.11,28.0,875.4,0.0,1.0,2.09,28.6,821.7,4687.0,855.7,5542.7,12.5,805.5,1.78,96.7,0.0,0,1,"time.struct_time(tm_year=2022, tm_mon=1, tm_mday=3, tm_hour=19, tm_min=47, tm_sec=50, tm_wday=0, tm_yday=3, tm_isdst=-1)",2022-01-03,2022,1,3,3,47
2022-01-03 19:50:20,40.765312,-111.908852,1294.7,-9999.0,-9999.0,-9999.0,13.06,16.0,20.19,17.87,54.0,2.0,18.28,28.0,875.3,0.0,0.3,2.1,29.0,821.3,4466.2,839.9,5306.1,12.8,805.3,1.78,96.8,0.0,0,1,"time.struct_time(tm_year=2022, tm_mon=1, tm_mday=3, tm_hour=19, tm_min=50, tm_sec=20, tm_wday=0, tm_yday=3, tm_isdst=-1)",2022-01-03,2022,1,3,3,50
2022-01-03 19:52:50,40.765308,-111.908852,1294.2,-9999.0,-9999.0,-9999.0,13.06,16.41,20.22,17.43,50.0,2.0,18.5,27.0,875.4,0.0,2.4,2.12,29.4,821.5,4392.6,846.8,5239.4,13.1,805.3,1.78,96.9,0.0,0,1,"time.struct_time(tm_year=2022, tm_mon=1, tm_mday=3, tm_hour=19, tm_min=52, tm_sec=50, tm_wday=0, tm_yday=3, tm_isdst=-1)",2022-01-03,2022,1,3,3,52
2022-01-03 19:55:20,40.765305,-111.908852,1293.9,-9999.0,-9999.0,-9999.0,13.02,16.79,20.29,17.43,48.0,2.0,18.72,26.0,875.1,0.0,2.3,2.11,29.8,821.2,4318.4,869.1,5187.5,13.4,805.1,1.78,96.9,0.0,0,1,"time.struct_time(tm_year=2022, tm_mon=1, tm_mday=3, tm_hour=19, tm_min=55, tm_sec=20, tm_wday=0, tm_yday=3, tm_isdst=-1)",2022-01-03,2022,1,3,3,55
2022-01-03 19:57:50,40.765312,-111.908852,1293.6,-9999.0,-9999.0,-9999.0,13.05,17.14,20.24,17.43,49.0,2.0,18.78,26.0,875.1,0.0,0.1,2.12,30.1,821.3,4196.0,828.3,5024.3,13.7,804.9,1.78,97.2,0.0,0,1,"time.struct_time(tm_year=2022, tm_mon=1, tm_mday=3, tm_hour=19, tm_min=57, tm_sec=50, tm_wday=0, tm_yday=3, tm_isdst=-1)",2022-01-03,2022,1,3,3,57
2022-01-03 20:00:20,40.765312,-111.908859,1293.4,-9999.0,-9999.0,-9999.0,13.05,17.46,20.27,17.29,48.0,2.0,18.89,25.0,875.2,0.0,1.1,2.1,30.5,821.1,3991.1,795.2,4786.3,14.0,804.8,1.78,96.8,0.0,0,1,"time.struct_time(tm_year=2022, tm_mon=1, tm_mday=3, tm_hour=20, tm_min=0, tm_sec=20, tm_wday=0, tm_yday=3, tm_isdst=-1)",2022-01-03,2022,1,3,3,0
2022-01-03 20:02:50,40.76532,-111.908867,1292.4,-9999.0,-9999.0,-9999.0,13.04,17.79,20.27,17.05,43.0,2.0,19.11,25.0,875.2,0.0,2.1,2.12,30.8,821.2,3678.6,752.4,4431.0,14.3,804.7,1.78,97.0,0.0,0,1,"time.struct_time(tm_year=2022, tm_mon=1, tm_mday=3, tm_hour=20, tm_min=2, tm_sec=50, tm_wday=0, tm_yday=3, tm_isdst=-1)",2022-01-03,2022,1,3,3,2
2022-01-03 20:05:20,40.765324,-111.908867,1292.0,-9999.0,-9999.0,-9999.0,13.04,18.1,20.14,16.0,38.0,2.0,19.22,24.0,874.7,0.0,4.1,2.12,31.2,820.8,3282.9,651.3,3934.2,14.5,804.4,1.79,97.3,0.0,0,1,"time.struct_time(tm_year=2022, tm_mon=1, tm_mday=3, tm_hour=20, tm_min=5, tm_sec=20, tm_wday=0, tm_yday=3, tm_isdst=-1)",2022-01-03,2022,1,3,3,5
2022-01-03 20:07:50,40.765331,-111.908852,1292.8,-9999.0,-9999.0,-9999.0,13.04,18.38,20.0,15.66,31.0,2.0,19.28,23.0,875.0,0.0,-0.9,2.11,31.5,821.1,2669.3,534.8,3204.1,14.8,804.4,1.79,97.6,0.0,0,1,"time.struct_time(tm_year=2022, tm_mon=1, tm_mday=3, tm_hour=20, tm_min=7, tm_sec=50, tm_wday=0, tm_yday=3, tm_isdst=-1)",2022-01-03,2022,1,3,3,7
2022-01-03 20:10:20,40.765339,-111.908859,1292.9,-9999.0,-9999.0,-9999.0,13.03,18.66,19.93,16.14,34.0,2.0,19.39,23.0,874.8,0.0,-2.0,2.13,31.8,820.7,2929.6,606.6,3536.2,15.1,804.3,1.79,97.5,0.0,0,1,"time.struct_time(tm_year=2022, tm_mon=1, tm_mday=3, tm_hour=20, tm_min=10, tm_sec=20, tm_wday=0, tm_yday=3, tm_isdst=-1)",2022-01-03,2022,1,3,3,10
2022-01-03 20:26:55,40.765388,-111.908936,1301.0,-9999.0,-9999.0,-9999.0,13.06,20.05,19.44,15.25,21.0,2.0,20.61,21.0,874.5,0.0,-0.5,2.09,29.1,820.3,-9999.0,-9999.0,-9999.0,-9999.0,-9999.0,-9999.0,-9999.0,0.0,0,1,"time.struct_time(tm_year=2022, tm_mon=1, tm_mday=3, tm_hour=20, tm_min=26, tm_sec=55, tm_wday=0, tm_yday=3, tm_isdst=-1)",2022-01-03,2022,1,3,3,26
2022-01-03 20:29:25,40.765293,-111.908836,1299.3,-9999.0,-9999.0,-9999.0,13.04,20.26,19.64,15.38,21.0,2.0,21.0,21.0,874.3,0.0,2.3,2.1,29.9,820.5,2100.0,261.8,2361.8,17.0,803.6,1.78,97.9,0.0,0,1,"time.struct_time(tm_year=2022, tm_mon=1, tm_mday=3, tm_hour=20, tm_min=29, tm_sec=25, tm_wday=0, tm_yday=3, tm_isdst=-1)",2022-01-03,2022,1,3,3,29
2022-01-03 20:39:45,40.765381,-111.908669,1296.9,-9999.0,-9999.0,-9999.0,13.02,21.12,13.34,16.6,8.0,2.0,21.11,17.0,874.1,0.0,7.9,2.12,31.6,820.4,204.2,38.4,242.6,17.9,803.6,1.82,98.6,0.0,0,1,"time.struct_time(tm_year=2022, tm_mon=1, tm_mday=3, tm_hour=20, tm_min=39, tm_sec=45, tm_wday=0, tm_yday=3, tm_isdst=-1)",2022-01-03,2022,1,3,3,39
2022-01-03 20:42:15,40.765381,-111.908669,1297.1,-9999.0,-9999.0,-9999.0,13.02,21.21,12.12,19.11,11.0,2.0,20.61,16.0,874.3,0.0,8.1,2.12,32.1,820.4,145.5,31.6,177.1,18.2,803.6,1.81,98.8,0.0,0,1,"time.struct_time(tm_year=2022, tm_mon=1, tm_mday=3, tm_hour=20, tm_min=42, tm_sec=15, tm_wday=0, tm_yday=3, tm_isdst=-1)",2022-01-03,2022,1,3,3,42
2022-01-03 20:44:45,40.765381,-111.908669,1297.0,-9999.0,-9999.0,-9999.0,13.02,21.26,10.72,20.4,12.0,2.0,20.11,15.0,874.2,0.0,7.1,2.12,32.6,820.5,165.6,39.8,205.4,18.4,803.4,1.82,99.1,0.0,0,1,"time.struct_time(tm_year=2022, tm_mon=1, tm_mday=3, tm_hour=20, tm_min=44, tm_sec=45, tm_wday=0, tm_yday=3, tm_isdst=-1)",2022-01-03,2022,1,3,3,44
2022-01-03 20:47:15,40.765381,-111.908669,1297.1,-9999.0,-9999.0,-9999.0,13.01,21.23,9.53,21.85,8.0,2.0,19.72,15.0,874.2,0.0,10.2,2.13,32.9,820.4,66.8,34.4,101.2,18.6,803.3,1.82,98.7,0.0,0,1,"time.struct_time(tm_year=2022, tm_mon=1, tm_mday=3, tm_hour=20, tm_min=47, tm_sec=15, tm_wday=0, tm_yday=3, tm_isdst=-1)",2022-01-03,2022,1,3,3,47
2022-01-03 20:49:45,40.765381,-111.908669,1297.3,-9999.0,-9999.0,-9999.0,13.02,21.21,8.38,24.53,11.0,2.0,19.11,15.0,874.0,0.0,8.1,2.14,33.3,820.4,71.7,30.8,102.5,18.8,803.4,1.82,98.9,0.0,0,1,"time.struct_time(tm_year=2022, tm_mon=1, tm_mday=3, tm_hour=20, tm_min=49, tm_sec=45, tm_wday=0, tm_yday=3, tm_isdst=-1)",2022-01-03,2022,1,3,3,49
2022-01-03 20:52:15,40.765388,-111.908661,1299.6,-9999.0,-9999.0,-9999.0,13.0,21.12,7.56,28.25,28.0,2.0,18.61,15.0,874.0,0.0,9.2,2.14,33.5,820.3,190.4,41.6,232.0,19.0,803.2,1.82,99.0,0.0,0,1,"time.struct_time(tm_year=2022, tm_mon=1, tm_mday=3, tm_hour=20, tm_min=52, tm_sec=15, tm_wday=0, tm_yday=3, tm_isdst=-1)",2022-01-03,2022,1,3,3,52
2022-01-03 20:54:45,40.765388,-111.908646,1304.1,-9999.0,-9999.0,-9999.0,13.03,21.04,7.7,25.54,15.0,2.0,18.22,14.0,873.9,0.0,4.1,2.13,33.7,820.2,73.5,34.3,107.8,19.2,803.0,1.82,99.3,0.0,0,1,"time.struct_time(tm_year=2022, tm_mon=1, tm_mday=3, tm_hour=20, tm_min=54, tm_sec=45, tm_wday=0, tm_yday=3, tm_isdst=-1)",2022-01-03,2022,1,3,3,54
2022-01-03 20:57:15,40.765392,-111.908653,1300.5,-9999.0,-9999.0,-9999.0,13.03,20.93,7.97,25.54,18.0,2.0,17.61,14.0,873.8,0.0,7.5,2.13,33.9,820.1,80.6,36.1,116.7,19.3,803.0,1.82,99.0,0.0,0,1,"time.struct_time(tm_year=2022, tm_mon=1, tm_mday=3, tm_hour=20, tm_min=57, tm_sec=15, tm_wday=0, tm_yday=3, tm_isdst=-1)",2022-01-03,2022,1,3,3,57
2022-01-03 20:59:45,40.765396,-111.90863,1298.0,-9999.0,-9999.0,-9999.0,13.04,20.83,8.31,25.61,26.0,2.0,17.0,15.0,873.7,0.0,4.9,2.13,34.0,820.2,67.5,29.6,97.1,19.5,803.0,1.83,99.3,0.0,0,1,"time.struct_time(tm_year=2022, tm_mon=1, tm_mday=3, tm_hour=20, tm_min=59, tm_sec=45, tm_wday=0, tm_yday=3, tm_isdst=-1)",2022-01-03,2022,1,3,3,59
2022-01-03 21:02:15,40.765381,-111.908661,1293.3,-9999.0,-9999.0,-9999.0,13.05,20.72,8.75,24.53,13.0,2.0,16.5,14.0,873.9,0.0,6.1,2.13,34.0,820.1,50.2,36.4,86.6,19.6,803.0,1.83,99.4,0.0,0,1,"time.struct_time(tm_year=2022, tm_mon=1, tm_mday=3, tm_hour=21, tm_min=2, tm_sec=15, tm_wday=0, tm_yday=3, tm_isdst=-1)",2022-01-03,2022,1,3,3,2
2022-01-03 21:04:45,40.765381,-111.908661,1293.3,-9999.0,-9999.0,-9999.0,13.05,20.58,8.71,23.78,47.0,2.0,16.11,14.0,873.8,0.0,6.7,2.14,34.1,820.1,198.5,48.8,247.3,19.8,803.0,1.83,99.3,0.0,0,1,"time.struct_time(tm_year=2022, tm_mon=1, tm_mday=3, tm_hour=21, tm_min=4, tm_sec=45, tm_wday=0, tm_yday=3, tm_isdst=-1)",2022-01-03,2022,1,3,3,4
2022-01-03 21:07:15,40.765385,-111.908707,1291.3,-9999.0,-9999.0,-9999.0,13.04,20.48,8.1,26.96,79.0,2.0,15.72,14.0,873.6,0.0,5.7,2.13,34.1,820.0,101.7,30.8,132.5,19.9,802.9,1.83,99.8,0.0,0,1,"time.struct_time(tm_year=2022, tm_mon=1, tm_mday=3, tm_hour=21, tm_min=7, tm_sec=15, tm_wday=0, tm_yday=3, tm_isdst=-1)",2022-01-03,2022,1,3,3,7
2022-01-03 21:09:45,40.765335,-111.908714,1294.5,-9999.0,-9999.0,-9999.0,13.06,20.34,7.63,24.46,10.0,2.0,15.5,13.0,873.8,0.0,16.4,2.14,34.1,820.0,53.4,31.6,85.0,20.1,802.8,1.83,99.5,0.0,0,1,"time.struct_time(tm_year=2022, tm_mon=1, tm_mday=3, tm_hour=21, tm_min=9, tm_sec=45, tm_wday=0, tm_yday=3, tm_isdst=-1)",2022-01-03,2022,1,3,3,9
2022-01-03 21:12:15,40.765305,-111.908676,1300.1,-9999.0,-9999.0,-9999.0,13.05,20.24,6.14,27.0,11.0,2.0,15.22,13.0,873.7,0.0,15.4,2.14,34.0,820.0,40.6,33.3,73.9,20.2,802.8,1.83,99.9,0.0,0,1,"time.struct_time(tm_year=2022, tm_mon=1, tm_mday=3, tm_hour=21, tm_min=12, tm_sec=15, tm_wday=0, tm_yday=3, tm_isdst=-1)",2022-01-03,2022,1,3,3,12
2022-01-03 21:14:45,40.765312,-111.908684,1298.3,-9999.0,-9999.0,-9999.0,13.06,20.1,5.53,30.32,13.0,2.0,15.0,14.0,873.8,0.0,12.3,2.13,34.0,820.0,45.3,33.3,78.6,20.3,802.8,1.84,100.1,0.0,0,1,"time.struct_time(tm_year=2022, tm_mon=1, tm_mday=3, tm_hour=21, tm_min=14, tm_sec=45, tm_wday=0, tm_yday=3, tm_isdst=-1)",2022-01-03,2022,1,3,3,14
2022-01-03 21:17:15,40.765347,-111.908707,1287.7,-9999.0,-9999.0,-9999.0,13.08,19.94,5.53,30.42,17.0,2.0,14.72,14.0,873.8,0.0,13.0,2.14,33.9,820.1,37.5,35.2,72.7,20.4,802.7,1.84,100.1,0.0,0,1,"time.struct_time(tm_year=2022, tm_mon=1, tm_mday=3, tm_hour=21, tm_min=17, tm_sec=15, tm_wday=0, tm_yday=3, tm_isdst=-1)",2022-01-03,2022,1,3,3,17
2022-01-03 21:19:45,40.765667,-111.90995,1288.6,-9999.0,-9999.0,-9999.0,13.09,19.76,5.67,29.34,8.0,2.0,14.5,13.0,873.6,0.0,11.4,2.13,33.8,820.1,173.9,-129.8,44.1,20.5,802.8,1.84,100.0,0.0,0,1,"time.struct_time(tm_year=2022, tm_mon=1, tm_mday=3, tm_hour=21, tm_min=19, tm_sec=45, tm_wday=0, tm_yday=3, tm_isdst=-1)",2022-01-03,2022,1,3,3,19
2022-01-03 21:22:15,40.765652,-111.909843,1288.5,-9999.0,-9999.0,-9999.0,13.09,19.57,6.11,28.19,22.0,2.0,14.28,13.0,873.6,0.0,6.6,2.14,33.7,820.0,42.6,32.8,75.4,20.6,802.5,1.84,100.3,0.0,0,1,"time.struct_time(tm_year=2022, tm_mon=1, tm_mday=3, tm_hour=21, tm_min=22, tm_sec=15, tm_wday=0, tm_yday=3, tm_isdst=-1)",2022-01-03,2022,1,3,3,22
2022-01-03 21:24:45,40.765656,-111.909836,1288.4,-9999.0,-9999.0,-9999.0,13.1,19.39,6.01,28.39,12.0,2.0,14.11,14.0,873.5,0.0,8.5,2.13,33.7,819.9,31.7,25.9,57.6,20.6,802.4,1.84,100.1,0.0,0,1,"time.struct_time(tm_year=2022, tm_mon=1, tm_mday=3, tm_hour=21, tm_min=24, tm_sec=45, tm_wday=0, tm_yday=3, tm_isdst=-1)",2022-01-03,2022,1,3,3,24
2022-01-03 21:27:15,40.765667,-111.909821,1287.1,-9999.0,-9999.0,-9999.0,13.1,19.21,6.15,27.79,8.0,2.0,14.0,14.0,873.5,0.0,7.4,2.14,33.6,819.9,18.2,25.5,43.7,20.7,802.5,1.84,100.4,0.0,0,1,"time.struct_time(tm_year=2022, tm_mon=1, tm_mday=3, tm_hour=21, tm_min=27, tm_sec=15, tm_wday=0, tm_yday=3, tm_isdst=-1)",2022-01-03,2022,1,3,3,27
2022-01-03 21:29:45,40.765686,-111.909805,1286.4,-9999.0,-9999.0,-9999.0,13.11,19.02,6.22,28.33,8.0,2.0,13.89,14.0,873.3,0.0,8.1,2.14,33.4,819.8,15.2,24.4,39.6,20.8,802.4,1.85,100.4,0.0,0,1,"time.struct_time(tm_year=2022, tm_mon=1, tm_mday=3, tm_hour=21, tm_min=29, tm_sec=45, tm_wday=0, tm_yday=3, tm_isdst=-1)",2022-01-03,2022,1,3,3,29
2022-01-03 21:32:15,40.765697,-111.909805,1286.1,-9999.0,-9999.0,-9999.0,13.1,18.87,6.59,28.26,9.0,2.0,13.78,14.0,873.5,0.0,6.4,2.13,33.3,819.7,14.0,28.0,42.0,20.8,802.3,1.84,100.6,0.0,0,1,"time.struct_time(tm_year=2022, tm_mon=1, tm_mday=3, tm_hour=21, tm_min=32, tm_sec=15, tm_wday=0, tm_yday=3, tm_isdst=-1)",2022-01-03,2022,1,3,3,32
2022-01-03 21:35:50,40.765705,-111.90979,1286.3,-9999.0,-9999.0,-9999.0,13.11,18.61,7.04,27.35,10.0,2.0,13.72,14.0,873.1,0.0,0.7,2.15,33.2,819.6,16.3,33.0,49.3,20.9,802.1,1.82,99.7,0.0,0,1,"time.struct_time(tm_year=2022, tm_mon=1, tm_mday=3, tm_hour=21, tm_min=35, tm_sec=50, tm_wday=0, tm_yday=3, tm_isdst=-1)",2022-01-03,2022,1,3,3,35
2022-01-03 21:38:20,40.765713,-111.909775,1286.4,-9999.0,-9999.0,-9999.0,13.11,18.48,7.31,27.38,8.0,2.0,13.61,14.0,873.0,0.0,1.8,2.12,33.1,819.3,31.6,39.2,70.8,21.0,802.0,1.82,99.8,0.0,0,1,"time.struct_time(tm_year=2022, tm_mon=1, tm_mday=3, tm_hour=21, tm_min=38, tm_sec=20, tm_wday=0, tm_yday=3, tm_isdst=-1)",2022-01-03,2022,1,3,3,38
2022-01-03 21:40:50,40.765713,-111.909767,1285.9,-9999.0,-9999.0,-9999.0,13.11,18.35,7.24,27.45,8.0,2.0,13.61,14.0,873.0,0.0,-1.4,2.13,33.0,819.6,82.4,35.9,118.3,21.0,802.0,1.82,99.9,0.0,0,1,"time.struct_time(tm_year=2022, tm_mon=1, tm_mday=3, tm_hour=21, tm_min=40, tm_sec=50, tm_wday=0, tm_yday=3, tm_isdst=-1)",2022-01-03,2022,1,3,3,40
2022-01-03 21:43:20,40.765717,-111.90976,1285.5,-9999.0,-9999.0,-9999.0,13.12,18.23,7.1,26.77,8.0,2.0,13.5,14.0,873.1,0.0,5.5,2.12,32.9,819.3,49.0,44.9,93.9,21.0,802.1,1.82,99.9,0.0,0,1,"time.struct_time(tm_year=2022, tm_mon=1, tm_mday=3, tm_hour=21, tm_min=43, tm_sec=20, tm_wday=0, tm_yday=3, tm_isdst=-1)",2022-01-03,2022,1,3,3,43
2022-01-03 21:45:50,40.76572,-111.90976,1283.6,-9999.0,-9999.0,-9999.0,13.12,18.1,6.63,27.31,6.0,2.0,13.5,14.0,873.1,0.0,3.9,2.12,32.8,819.6,39.2,36.4,75.6,21.1,802.1,1.82,100.0,0.0,0,1,"time.struct_time(tm_year=2022, tm_mon=1, tm_mday=3, tm_hour=21, tm_min=45, tm_sec=50, tm_wday=0, tm_yday=3, tm_isdst=-1)",2022-01-03,2022,1,3,3,45
2022-01-03 21:48:20,40.765724,-111.90976,1283.2,-9999.0,-9999.0,-9999.0,13.12,17.95,5.78,29.35,8.0,2.0,13.39,14.0,873.0,0.0,6.7,2.12,32.7,819.4,23.9,29.5,53.4,21.1,802.1,1.82,100.1,0.0,0,1,"time.struct_time(tm_year=2022, tm_mon=1, tm_mday=3, tm_hour=21, tm_min=48, tm_sec=20, tm_wday=0, tm_yday=3, tm_isdst=-1)",2022-01-03,2022,1,3,3,48
2022-01-03 21:50:50,40.765728,-111.909752,1283.1,-9999.0,-9999.0,-9999.0,13.13,17.82,5.54,29.96,7.0,2.0,13.28,14.0,873.2,0.0,6.7,2.12,32.6,819.6,22.3,32.0,54.3,21.1,802.2,1.82,100.1,0.0,0,1,"time.struct_time(tm_year=2022, tm_mon=1, tm_mday=3, tm_hour=21, tm_min=50, tm_sec=50, tm_wday=0, tm_yday=3, tm_isdst=-1)",2022-01-03,2022,1,3,3,50
2022-01-03 21:53:20,40.765724,-111.909737,1283.7,-9999.0,-9999.0,-9999.0,13.13,17.66,5.27,30.23,8.0,2.0,13.28,14.0,873.1,0.0,4.2,2.12,32.5,819.4,24.5,36.4,60.9,21.1,802.1,1.82,100.2,0.0,0,1,"time.struct_time(tm_year=2022, tm_mon=1, tm_mday=3, tm_hour=21, tm_min=53, tm_sec=20, tm_wday=0, tm_yday=3, tm_isdst=-1)",2022-01-03,2022,1,3,3,53
2022-01-03 21:55:50,40.76572,-111.909721,1284.0,-9999.0,-9999.0,-9999.0,13.13,17.54,5.0,32.06,9.0,2.0,13.22,14.0,873.2,0.0,0.6,2.12,32.4,819.7,26.2,34.9,61.1,21.2,802.3,1.83,100.3,0.0,0,1,"time.struct_time(tm_year=2022, tm_mon=1, tm_mday=3, tm_hour=21, tm_min=55, tm_sec=50, tm_wday=0, tm_yday=3, tm_isdst=-1)",2022-01-03,2022,1,3,3,55
2022-01-03 21:58:20,40.765724,-111.909721,1283.1,-9999.0,-9999.0,-9999.0,13.14,17.39,4.53,34.7,9.0,2.0,13.11,14.0,873.1,0.0,3.1,2.12,32.3,819.4,24.2,43.9,68.1,21.2,802.2,1.82,100.3,0.0,0,1,"time.struct_time(tm_year=2022, tm_mon=1, tm_mday=3, tm_hour=21, tm_min=58, tm_sec=20, tm_wday=0, tm_yday=3, tm_isdst=-1)",2022-01-03,2022,1,3,3,58
2022-01-03 22:00:50,40.765717,-111.909729,1283.4,-9999.0,-9999.0,-9999.0,13.14,17.26,4.39,37.62,11.0,2.0,12.89,15.0,873.2,0.0,3.2,2.11,32.2,819.6,44.8,35.3,80.1,21.2,802.2,1.83,99.9,0.0,0,1,"time.struct_time(tm_year=2022, tm_mon=1, tm_mday=3, tm_hour=22, tm_min=0, tm_sec=50, tm_wday=0, tm_yday=3, tm_isdst=-1)",2022-01-03,2022,1,3,3,0
2022-01-03 22:03:20,40.765724,-111.909721,1283.3,-9999.0,-9999.0,-9999.0,13.14,17.11,3.99,39.79,10.0,2.0,12.78,15.0,873.0,0.0,0.1,2.11,32.1,819.4,94.2,39.0,133.2,21.2,802.1,1.83,100.1,0.0,0,1,"time.struct_time(tm_year=2022, tm_mon=1, tm_mday=3, tm_hour=22, tm_min=3, tm_sec=20, tm_wday=0, tm_yday=3, tm_isdst=-1)",2022-01-03,2022,1,3,3,3
2022-01-03 22:05:50,40.765724,-111.909714,1284.3,-9999.0,-9999.0,-9999.0,13.15,16.98,3.65,41.21,12.0,2.0,12.61,15.0,873.3,0.0,0.9,2.12,32.0,819.7,62.1,42.9,105.0,21.2,802.2,1.82,100.3,0.0,0,1,"time.struct_time(tm_year=2022, tm_mon=1, tm_mday=3, tm_hour=22, tm_min=5, tm_sec=50, tm_wday=0, tm_yday=3, tm_isdst=-1)",2022-01-03,2022,1,3,3,5
2022-01-03 22:08:20,40.76572,-111.909714,1284.5,-9999.0,-9999.0,-9999.0,13.16,16.84,3.48,42.47,13.0,2.0,12.5,16.0,873.1,0.0,0.7,2.11,31.9,819.5,53.2,33.8,87.0,21.2,802.2,1.83,100.0,0.0,0,1,"time.struct_time(tm_year=2022, tm_mon=1, tm_mday=3, tm_hour=22, tm_min=8, tm_sec=20, tm_wday=0, tm_yday=3, tm_isdst=-1)",2022-01-03,2022,1,3,3,8
2022-01-03 22:10:50,40.765717,-111.909698,1284.5,-9999.0,-9999.0,-9999.0,13.15,16.69,3.25,43.25,11.0,2.0,12.39,16.0,873.3,0.0,0.9,2.11,31.8,819.7,47.9,40.3,88.2,21.2,802.1,1.83,100.4,0.0,0,1,"time.struct_time(tm_year=2022, tm_mon=1, tm_mday=3, tm_hour=22, tm_min=10, tm_sec=50, tm_wday=0, tm_yday=3, tm_isdst=-1)",2022-01-03,2022,1,3,3,10
2022-01-03 22:13:20,40.76572,-111.909706,1284.4,-9999.0,-9999.0,-9999.0,13.16,16.56,3.25,44.03,11.0,2.0,12.22,16.0,873.0,0.0,2.5,2.12,31.7,819.5,38.1,36.2,74.3,21.2,802.1,1.83,100.3,0.0,0,1,"time.struct_time(tm_year=2022, tm_mon=1, tm_mday=3, tm_hour=22, tm_min=13, tm_sec=20, tm_wday=0, tm_yday=3, tm_isdst=-1)",2022-01-03,2022,1,3,3,13
2022-01-03 22:15:50,40.76572,-111.909691,1284.1,-9999.0,-9999.0,-9999.0,13.17,16.41,3.22,43.19,11.0,2.0,12.11,16.0,873.0,0.0,0.6,2.12,31.6,819.7,39.1,45.0,84.1,21.2,802.1,1.83,100.4,0.0,0,1,"time.struct_time(tm_year=2022, tm_mon=1, tm_mday=3, tm_hour=22, tm_min=15, tm_sec=50, tm_wday=0, tm_yday=3, tm_isdst=-1)",2022-01-03,2022,1,3,3,15
2022-01-03 22:18:20,40.765717,-111.909691,1284.2,-9999.0,-9999.0,-9999.0,13.17,16.29,3.32,43.19,10.0,2.0,12.0,16.0,873.3,0.0,3.8,2.12,31.5,819.5,33.8,48.0,81.8,21.2,802.1,1.83,100.5,0.0,0,1,"time.struct_time(tm_year=2022, tm_mon=1, tm_mday=3, tm_hour=22, tm_min=18, tm_sec=20, tm_wday=0, tm_yday=3, tm_isdst=-1)",2022-01-03,2022,1,3,3,18
2022-01-03 22:20:50,40.765732,-111.909691,1283.7,-9999.0,-9999.0,-9999.0,13.17,16.17,3.12,43.19,12.0,2.0,11.89,16.0,873.0,0.0,-0.5,2.11,31.3,819.7,30.5,49.8,80.3,21.2,802.1,1.83,100.7,0.0,0,1,"time.struct_time(tm_year=2022, tm_mon=1, tm_mday=3, tm_hour=22, tm_min=20, tm_sec=50, tm_wday=0, tm_yday=3, tm_isdst=-1)",2022-01-03,2022,1,3,3,20
2022-01-03 22:23:20,40.765732,-111.909676,1283.9,-9999.0,-9999.0,-9999.0,13.18,16.04,3.32,43.32,11.0,2.0,11.78,16.0,873.1,0.0,-0.9,2.11,31.2,819.6,45.2,40.2,85.4,21.2,802.2,1.83,100.4,0.0,0,1,"time.struct_time(tm_year=2022, tm_mon=1, tm_mday=3, tm_hour=22, tm_min=23, tm_sec=20, tm_wday=0, tm_yday=3, tm_isdst=-1)",2022-01-03,2022,1,3,3,23
2022-01-03 22:25:50,40.765728,-111.909676,1283.6,-9999.0,-9999.0,-9999.0,13.18,15.92,3.42,42.24,10.0,2.0,11.72,16.0,872.8,0.0,-0.7,2.12,31.1,819.6,42.2,34.9,77.1,21.1,802.0,1.83,100.5,0.0,0,1,"time.struct_time(tm_year=2022, tm_mon=1, tm_mday=3, tm_hour=22, tm_min=25, tm_sec=50, tm_wday=0, tm_yday=3, tm_isdst=-1)",2022-01-03,2022,1,3,3,25
2022-01-03 22:28:20,40.765732,-111.909683,1283.5,-9999.0,-9999.0,-9999.0,13.18,15.8,3.73,41.15,11.0,2.0,11.61,16.0,872.9,0.0,-0.4,2.12,31.0,819.5,78.6,41.6,120.2,21.1,802.1,1.83,100.3,0.0,0,1,"time.struct_time(tm_year=2022, tm_mon=1, tm_mday=3, tm_hour=22, tm_min=28, tm_sec=20, tm_wday=0, tm_yday=3, tm_isdst=-1)",2022-01-03,2022,1,3,3,28
2022-01-03 22:30:50,40.765717,-111.909683,1282.9,-9999.0,-9999.0,-9999.0,13.18,15.7,3.66,41.19,11.0,2.0,11.5,16.0,872.9,0.0,-3.8,2.12,30.9,819.7,349.6,152.0,501.6,21.1,802.1,1.83,100.3,0.0,0,1,"time.struct_time(tm_year=2022, tm_mon=1, tm_mday=3, tm_hour=22, tm_min=30, tm_sec=50, tm_wday=0, tm_yday=3, tm_isdst=-1)",2022-01-03,2022,1,3,3,30
2022-01-03 22:33:20,40.765705,-111.909683,1282.3,-9999.0,-9999.0,-9999.0,13.18,15.58,3.46,41.22,10.0,2.0,11.39,16.0,872.9,0.0,-1.1,2.12,30.8,819.4,52.5,42.6,95.1,21.1,802.2,1.83,100.2,0.0,0,1,"time.struct_time(tm_year=2022, tm_mon=1, tm_mday=3, tm_hour=22, tm_min=33, tm_sec=20, tm_wday=0, tm_yday=3, tm_isdst=-1)",2022-01-03,2022,1,3,3,33
2022-01-03 22:36:55,40.765694,-111.909676,1281.1,-9999.0,-9999.0,-9999.0,13.18,15.41,3.39,42.1,10.0,2.0,11.22,16.0,873.0,0.0,-1.1,2.1,30.6,819.5,48.9,41.1,90.0,21.0,802.2,1.83,100.9,0.0,0,1,"time.struct_time(tm_year=2022, tm_mon=1, tm_mday=3, tm_hour=22, tm_min=36, tm_sec=55, tm_wday=0, tm_yday=3, tm_isdst=-1)",2022-01-03,2022,1,3,3,36
2022-01-03 22:39:25,40.765694,-111.909668,1280.9,-9999.0,-9999.0,-9999.0,13.18,15.31,3.12,42.51,9.0,2.0,11.0,17.0,873.2,0.0,2.4,2.12,30.5,819.8,38.8,36.7,75.5,21.0,802.3,1.83,100.8,0.0,0,1,"time.struct_time(tm_year=2022, tm_mon=1, tm_mday=3, tm_hour=22, tm_min=39, tm_sec=25, tm_wday=0, tm_yday=3, tm_isdst=-1)",2022-01-03,2022,1,3,3,39
2022-01-03 22:41:55,40.76569,-111.90966,1280.5,-9999.0,-9999.0,-9999.0,13.19,15.19,2.98,43.25,9.0,2.0,10.89,17.0,872.9,0.0,4.3,2.1,30.4,819.5,20.0,39.2,59.2,21.0,802.2,1.83,100.8,0.0,0,1,"time.struct_time(tm_year=2022, tm_mon=1, tm_mday=3, tm_hour=22, tm_min=41, tm_sec=55, tm_wday=0, tm_yday=3, tm_isdst=-1)",2022-01-03,2022,1,3,3,41
2022-01-03 22:44:25,40.765697,-111.909653,1280.2,-9999.0,-9999.0,-9999.0,13.19,15.07,2.78,44.34,8.0,2.0,10.78,17.0,873.0,0.0,0.6,2.1,30.3,819.8,29.7,35.8,65.5,20.9,802.3,1.83,100.9,0.0,0,1,"time.struct_time(tm_year=2022, tm_mon=1, tm_mday=3, tm_hour=22, tm_min=44, tm_sec=25, tm_wday=0, tm_yday=3, tm_isdst=-1)",2022-01-03,2022,1,3,3,44
2022-01-03 22:46:55,40.765697,-111.909645,1280.2,-9999.0,-9999.0,-9999.0,13.2,14.95,2.64,45.02,9.0,2.0,10.72,17.0,873.0,0.0,0.3,2.1,30.2,819.4,31.3,29.6,60.9,20.9,802.1,1.83,100.9,0.0,0,1,"time.struct_time(tm_year=2022, tm_mon=1, tm_mday=3, tm_hour=22, tm_min=46, tm_sec=55, tm_wday=0, tm_yday=3, tm_isdst=-1)",2022-01-03,2022,1,3,3,46
2022-01-03 22:49:25,40.765697,-111.909637,1280.2,-9999.0,-9999.0,-9999.0,13.2,14.85,2.51,46.03,9.0,2.0,10.61,17.0,872.9,0.0,1.0,2.09,30.1,819.5,23.1,44.3,67.4,20.8,802.1,1.83,100.6,0.0,0,1,"time.struct_time(tm_year=2022, tm_mon=1, tm_mday=3, tm_hour=22, tm_min=49, tm_sec=25, tm_wday=0, tm_yday=3, tm_isdst=-1)",2022-01-03,2022,1,3,3,49
2022-01-03 22:51:55,40.765701,-111.90963,1280.9,-9999.0,-9999.0,-9999.0,13.21,14.73,2.85,45.32,9.0,2.0,10.61,17.0,872.6,0.0,1.7,2.09,29.9,819.2,84.9,64.5,149.4,20.8,802.0,1.83,100.7,0.0,0,1,"time.struct_time(tm_year=2022, tm_mon=1, tm_mday=3, tm_hour=22, tm_min=51, tm_sec=55, tm_wday=0, tm_yday=3, tm_isdst=-1)",2022-01-03,2022,1,3,3,51
2022-01-03 22:54:25,40.765701,-111.90963,1280.7,-9999.0,-9999.0,-9999.0,13.2,14.64,3.09,44.14,10.0,2.0,10.5,17.0,872.4,0.0,-0.7,2.11,29.8,819.2,98.0,44.6,142.6,20.8,801.7,1.83,100.8,0.0,0,1,"time.struct_time(tm_year=2022, tm_mon=1, tm_mday=3, tm_hour=22, tm_min=54, tm_sec=25, tm_wday=0, tm_yday=3, tm_isdst=-1)",2022-01-03,2022,1,3,3,54
2022-01-03 22:56:55,40.765713,-111.909645,1279.5,-9999.0,-9999.0,-9999.0,13.21,14.54,3.26,44.0,10.0,2.0,10.5,17.0,872.6,0.0,-3.0,2.1,29.7,819.2,160.7,45.8,206.5,20.7,802.0,1.83,100.8,0.0,0,1,"time.struct_time(tm_year=2022, tm_mon=1, tm_mday=3, tm_hour=22, tm_min=56, tm_sec=55, tm_wday=0, tm_yday=3, tm_isdst=-1)",2022-01-03,2022,1,3,3,56
2022-01-03 22:59:25,40.765717,-111.909645,1278.8,-9999.0,-9999.0,-9999.0,13.21,14.44,3.19,44.89,11.0,2.0,10.39,18.0,872.6,0.0,3.1,2.1,29.6,819.3,50.2,39.2,89.4,20.7,801.9,1.83,101.0,0.0,0,1,"time.struct_time(tm_year=2022, tm_mon=1, tm_mday=3, tm_hour=22, tm_min=59, tm_sec=25, tm_wday=0, tm_yday=3, tm_isdst=-1)",2022-01-03,2022,1,3,3,59
2022-01-03 23:01:55,40.76572,-111.909645,1277.4,-9999.0,-9999.0,-9999.0,13.21,14.35,3.19,44.92,10.0,2.0,10.28,18.0,872.7,0.0,-0.1,2.1,29.5,819.3,92.7,46.7,139.4,20.6,801.9,1.83,100.9,0.0,0,1,"time.struct_time(tm_year=2022, tm_mon=1, tm_mday=3, tm_hour=23, tm_min=1, tm_sec=55, tm_wday=0, tm_yday=3, tm_isdst=-1)",2022-01-03,2022,1,3,3,1
2022-01-03 23:04:25,40.765728,-111.909645,1276.7,-9999.0,-9999.0,-9999.0,13.21,14.25,3.13,44.89,12.0,2.0,10.22,18.0,873.0,0.0,2.5,2.09,29.4,819.7,34.7,42.2,76.9,20.6,802.1,1.83,100.8,0.0,0,1,"time.struct_time(tm_year=2022, tm_mon=1, tm_mday=3, tm_hour=23, tm_min=4, tm_sec=25, tm_wday=0, tm_yday=3, tm_isdst=-1)",2022-01-03,2022,1,3,3,4
2022-01-03 23:06:55,40.765728,-111.90966,1276.8,-9999.0,-9999.0,-9999.0,13.22,14.16,2.79,45.61,10.0,2.0,10.22,18.0,873.1,0.0,0.9,2.1,29.3,819.5,54.3,37.1,91.4,20.5,802.3,1.83,101.0,0.0,0,1,"time.struct_time(tm_year=2022, tm_mon=1, tm_mday=3, tm_hour=23, tm_min=6, tm_sec=55, tm_wday=0, tm_yday=3, tm_isdst=-1)",2022-01-03,2022,1,3,3,6
2022-01-03 23:09:25,40.765717,-111.909668,1276.0,-9999.0,-9999.0,-9999.0,13.21,14.06,2.59,46.52,8.0,2.0,10.11,18.0,872.8,0.0,0.3,2.1,29.2,819.6,26.8,37.2,64.0,20.5,802.3,1.83,100.8,0.0,0,1,"time.struct_time(tm_year=2022, tm_mon=1, tm_mday=3, tm_hour=23, tm_min=9, tm_sec=25, tm_wday=0, tm_yday=3, tm_isdst=-1)",2022-01-03,2022,1,3,3,9
2022-01-03 23:11:55,40.765705,-111.90966,1275.6,-9999.0,-9999.0,-9999.0,13.21,13.97,2.59,46.69,9.0,2.0,10.0,18.0,873.0,0.0,0.1,2.1,29.1,819.4,41.0,38.7,79.7,20.4,802.2,1.83,100.7,0.0,0,1,"time.struct_time(tm_year=2022, tm_mon=1, tm_mday=3, tm_hour=23, tm_min=11, tm_sec=55, tm_wday=0, tm_yday=3, tm_isdst=-1)",2022-01-03,2022,1,3,3,11
2022-01-03 23:14:25,40.765705,-111.90966,1276.2,-9999.0,-9999.0,-9999.0,13.22,13.87,2.42,47.58,9.0,2.0,9.89,18.0,872.8,0.0,2.6,2.1,29.1,819.6,27.1,34.5,61.6,20.4,802.3,1.83,100.6,0.0,0,1,"time.struct_time(tm_year=2022, tm_mon=1, tm_mday=3, tm_hour=23, tm_min=14, tm_sec=25, tm_wday=0, tm_yday=3, tm_isdst=-1)",2022-01-03,2022,1,3,3,14
2022-01-03 23:16:55,40.765717,-111.909645,1276.3,-9999.0,-9999.0,-9999.0,13.23,13.78,2.39,48.22,10.0,2.0,9.89,18.0,872.9,0.0,0.1,2.1,29.0,819.4,28.5,31.0,59.5,20.3,802.3,1.83,100.8,0.0,0,1,"time.struct_time(tm_year=2022, tm_mon=1, tm_mday=3, tm_hour=23, tm_min=16, tm_sec=55, tm_wday=0, tm_yday=3, tm_isdst=-1)",2022-01-03,2022,1,3,3,16
2022-01-03 23:19:25,40.765717,-111.909637,1276.1,-9999.0,-9999.0,-9999.0,13.22,13.68,2.46,48.15,8.0,2.0,9.78,18.0,872.8,0.0,1.0,2.1,28.9,819.6,11.5,36.8,48.3,20.3,802.2,1.83,100.7,0.0,0,1,"time.struct_time(tm_year=2022, tm_mon=1, tm_mday=3, tm_hour=23, tm_min=19, tm_sec=25, tm_wday=0, tm_yday=3, tm_isdst=-1)",2022-01-03,2022,1,3,3,19
2022-01-03 23:21:55,40.765713,-111.90963,1276.1,-9999.0,-9999.0,-9999.0,13.23,13.59,2.32,48.32,9.0,2.0,9.61,18.0,872.7,0.0,2.3,2.09,28.8,819.4,20.3,37.0,57.3,20.2,802.2,1.83,100.8,0.0,0,1,"time.struct_time(tm_year=2022, tm_mon=1, tm_mday=3, tm_hour=23, tm_min=21, tm_sec=55, tm_wday=0, tm_yday=3, tm_isdst=-1)",2022-01-03,2022,1,3,3,21
2022-01-03 23:24:25,40.765713,-111.90963,1275.5,-9999.0,-9999.0,-9999.0,13.23,13.49,2.25,48.02,9.0,2.0,9.61,18.0,872.6,0.0,2.0,2.09,28.7,819.5,29.3,41.3,70.6,20.2,802.2,1.83,100.7,0.0,0,1,"time.struct_time(tm_year=2022, tm_mon=1, tm_mday=3, tm_hour=23, tm_min=24, tm_sec=25, tm_wday=0, tm_yday=3, tm_isdst=-1)",2022-01-03,2022,1,3,3,24
2022-01-03 23:26:55,40.765717,-111.90963,1276.1,-9999.0,-9999.0,-9999.0,13.23,13.38,2.12,48.29,9.0,2.0,9.5,18.0,872.8,0.0,4.3,2.09,28.6,819.5,32.7,29.6,62.3,20.1,802.3,1.83,100.5,0.0,0,1,"time.struct_time(tm_year=2022, tm_mon=1, tm_mday=3, tm_hour=23, tm_min=26, tm_sec=55, tm_wday=0, tm_yday=3, tm_isdst=-1)",2022-01-03,2022,1,3,3,26
2022-01-03 23:29:25,40.765728,-111.90963,1276.3,-9999.0,-9999.0,-9999.0,13.23,13.28,1.78,49.44,10.0,2.0,9.39,18.0,872.9,0.0,5.0,2.09,28.5,819.8,113.4,40.6,154.0,20.0,802.5,1.84,100.8,0.0,0,1,"time.struct_time(tm_year=2022, tm_mon=1, tm_mday=3, tm_hour=23, tm_min=29, tm_sec=25, tm_wday=0, tm_yday=3, tm_isdst=-1)",2022-01-03,2022,1,3,3,29
2022-01-03 23:31:55,40.765736,-111.909622,1276.6,-9999.0,-9999.0,-9999.0,13.24,13.16,1.1,52.36,9.0,2.0,9.28,19.0,872.7,0.0,4.8,2.09,28.4,819.4,20.6,31.5,52.1,20.0,802.3,1.83,100.4,0.0,0,1,"time.struct_time(tm_year=2022, tm_mon=1, tm_mday=3, tm_hour=23, tm_min=31, tm_sec=55, tm_wday=0, tm_yday=3, tm_isdst=-1)",2022-01-03,2022,1,3,3,31
2022-01-03 23:34:25,40.765732,-111.909622,1276.7,-9999.0,-9999.0,-9999.0,13.24,13.07,1.13,53.75,8.0,2.0,9.22,19.0,872.9,0.0,4.6,2.09,28.3,819.6,22.5,20.7,43.2,19.9,802.3,1.83,100.5,0.0,0,1,"time.struct_time(tm_year=2022, tm_mon=1, tm_mday=3, tm_hour=23, tm_min=34, tm_sec=25, tm_wday=0, tm_yday=3, tm_isdst=-1)",2022-01-03,2022,1,3,3,34
2022-01-03 23:38:00,40.765732,-111.909615,1276.7,-9999.0,-9999.0,-9999.0,13.24,12.91,1.03,54.05,10.0,2.0,9.0,19.0,872.8,0.0,1.4,2.08,28.2,819.3,18.6,31.6,50.2,19.8,802.3,1.86,100.6,0.0,0,1,"time.struct_time(tm_year=2022, tm_mon=1, tm_mday=3, tm_hour=23, tm_min=38, tm_sec=0, tm_wday=0, tm_yday=3, tm_isdst=-1)",2022-01-03,2022,1,3,3,38
2022-01-03 23:40:30,40.765739,-111.909615,1276.9,-9999.0,-9999.0,-9999.0,13.25,12.81,1.03,53.92,10.0,2.0,8.78,19.0,872.7,0.0,2.8,2.09,28.1,819.5,21.1,34.4,55.5,19.8,802.3,1.86,100.8,0.0,0,1,"time.struct_time(tm_year=2022, tm_mon=1, tm_mday=3, tm_hour=23, tm_min=40, tm_sec=30, tm_wday=0, tm_yday=3, tm_isdst=-1)",2022-01-03,2022,1,3,3,40
2022-01-03 23:43:00,40.765732,-111.90963,1277.3,-9999.0,-9999.0,-9999.0,13.25,12.72,0.96,54.26,9.0,2.0,8.72,19.0,872.6,0.0,2.4,2.08,28.0,819.2,21.0,29.4,50.4,19.7,802.3,1.86,100.7,0.0,0,1,"time.struct_time(tm_year=2022, tm_mon=1, tm_mday=3, tm_hour=23, tm_min=43, tm_sec=0, tm_wday=0, tm_yday=3, tm_isdst=-1)",2022-01-03,2022,1,3,3,43
2022-01-03 23:45:30,40.765728,-111.909622,1277.2,-9999.0,-9999.0,-9999.0,13.26,12.6,0.79,55.1,8.0,2.0,8.61,19.0,872.5,0.0,3.5,2.09,27.9,819.3,15.3,28.1,43.4,19.6,802.3,1.86,100.7,0.0,0,1,"time.struct_time(tm_year=2022, tm_mon=1, tm_mday=3, tm_hour=23, tm_min=45, tm_sec=30, tm_wday=0, tm_yday=3, tm_isdst=-1)",2022-01-03,2022,1,3,3,45
2022-01-03 23:48:00,40.765724,-111.90963,1276.1,-9999.0,-9999.0,-9999.0,13.26,12.51,0.96,54.8,8.0,2.0,8.5,19.0,872.4,0.0,3.2,2.1,27.8,819.1,17.0,25.3,42.3,19.6,802.2,1.86,100.7,0.0,0,1,"time.struct_time(tm_year=2022, tm_mon=1, tm_mday=3, tm_hour=23, tm_min=48, tm_sec=0, tm_wday=0, tm_yday=3, tm_isdst=-1)",2022-01-03,2022,1,3,3,48
2022-01-03 23:50:30,40.765724,-111.909637,1275.7,-9999.0,-9999.0,-9999.0,13.26,12.42,1.03,53.92,7.0,2.0,8.5,19.0,872.4,0.0,8.6,2.08,27.7,819.4,4.0,17.9,21.9,19.5,802.2,1.86,100.7,0.0,0,1,"time.struct_time(tm_year=2022, tm_mon=1, tm_mday=3, tm_hour=23, tm_min=50, tm_sec=30, tm_wday=0, tm_yday=3, tm_isdst=-1)",2022-01-03,2022,1,3,3,50
2022-01-03 23:53:00,40.765724,-111.909637,1276.1,-9999.0,-9999.0,-9999.0,13.25,12.33,1.03,53.07,7.0,2.0,8.39,19.0,872.2,0.0,4.2,2.07,27.6,819.1,4.8,23.6,28.4,19.4,802.2,1.86,100.6,0.0,0,1,"time.struct_time(tm_year=2022, tm_mon=1, tm_mday=3, tm_hour=23, tm_min=53, tm_sec=0, tm_wday=0, tm_yday=3, tm_isdst=-1)",2022-01-03,2022,1,3,3,53
2022-01-03 23:55:30,40.765736,-111.909645,1276.7,-9999.0,-9999.0,-9999.0,13.26,12.26,0.96,53.88,7.0,2.0,8.39,20.0,872.7,0.0,3.6,2.08,27.5,819.3,13.5,24.6,38.1,19.4,802.3,1.86,100.4,0.0,0,1,"time.struct_time(tm_year=2022, tm_mon=1, tm_mday=3, tm_hour=23, tm_min=55, tm_sec=30, tm_wday=0, tm_yday=3, tm_isdst=-1)",2022-01-03,2022,1,3,3,55
2022-01-03 23:58:00,40.765762,-111.909645,1277.1,-9999.0,-9999.0,-9999.0,13.26,12.16,0.9,53.85,9.0,2.0,8.28,20.0,872.5,0.0,0.7,2.08,27.4,819.2,10.0,31.3,41.3,19.3,802.3,1.86,100.4,0.0,0,1,"time.struct_time(tm_year=2022, tm_mon=1, tm_mday=3, tm_hour=23, tm_min=58, tm_sec=0, tm_wday=0, tm_yday=3, tm_isdst=-1)",2022-01-03,2022,1,3,3,58
2022-01-04 00:00:30,40.765762,-111.909645,1278.0,-9999.0,-9999.0,-9999.0,13.26,12.07,0.69,54.73,9.0,2.0,8.22,20.0,872.7,0.0,6.1,2.07,27.3,819.6,7.8,23.8,31.6,19.2,802.6,1.86,100.7,0.0,0,1,"time.struct_time(tm_year=2022, tm_mon=1, tm_mday=4, tm_hour=0, tm_min=0, tm_sec=30, tm_wday=1, tm_yday=4, tm_isdst=-1)",2022-01-04,2022,1,4,4,0
2022-01-04 00:03:00,40.765762,-111.909653,1277.6,-9999.0,-9999.0,-9999.0,13.27,11.98,0.39,55.62,8.0,2.0,8.11,20.0,872.7,0.0,8.0,2.08,27.3,819.4,12.6,29.0,41.6,19.2,802.6,1.86,100.6,0.0,0,1,"time.struct_time(tm_year=2022, tm_mon=1, tm_mday=4, tm_hour=0, tm_min=3, tm_sec=0, tm_wday=1, tm_yday=4, tm_isdst=-1)",2022-01-04,2022,1,4,4,3
2022-01-04 00:05:30,40.765766,-111.909653,1277.4,-9999.0,-9999.0,-9999.0,13.27,11.91,0.15,56.16,8.0,2.0,8.0,20.0,872.7,0.0,6.8,2.07,27.2,819.6,19.6,30.5,50.1,19.1,802.6,1.86,100.5,0.0,0,1,"time.struct_time(tm_year=2022, tm_mon=1, tm_mday=4, tm_hour=0, tm_min=5, tm_sec=30, tm_wday=1, tm_yday=4, tm_isdst=-1)",2022-01-04,2022,1,4,4,5
2022-01-04 00:08:00,40.765766,-111.90966,1279.3,-9999.0,-9999.0,-9999.0,13.27,11.79,-0.05,56.74,8.0,2.0,7.89,20.0,873.0,0.0,5.4,2.08,27.1,819.6,13.3,22.8,36.1,19.0,802.7,1.86,100.6,0.0,0,1,"time.struct_time(tm_year=2022, tm_mon=1, tm_mday=4, tm_hour=0, tm_min=8, tm_sec=0, tm_wday=1, tm_yday=4, tm_isdst=-1)",2022-01-04,2022,1,4,4,8
2022-01-04 00:10:30,40.765766,-111.90966,1280.6,-9999.0,-9999.0,-9999.0,13.27,11.7,-0.04,57.05,9.0,2.0,7.78,20.0,872.7,0.0,4.8,2.07,27.0,819.7,24.7,25.5,50.2,19.0,802.7,1.86,100.3,0.0,0,1,"time.struct_time(tm_year=2022, tm_mon=1, tm_mday=4, tm_hour=0, tm_min=10, tm_sec=30, tm_wday=1, tm_yday=4, tm_isdst=-1)",2022-01-04,2022,1,4,4,10
2022-01-04 00:13:00,40.765766,-111.90966,1281.0,-9999.0,-9999.0,-9999.0,13.29,11.59,-0.11,56.24,9.0,2.0,7.78,20.0,872.5,0.0,3.8,2.08,26.9,819.3,5.0,26.6,31.6,18.9,802.5,1.86,100.4,0.0,0,1,"time.struct_time(tm_year=2022, tm_mon=1, tm_mday=4, tm_hour=0, tm_min=13, tm_sec=0, tm_wday=1, tm_yday=4, tm_isdst=-1)",2022-01-04,2022,1,4,4,13
2022-01-04 00:15:30,40.76577,-111.90966,1283.9,-9999.0,-9999.0,-9999.0,13.25,11.52,-0.01,53.39,8.0,2.0,7.72,20.0,872.6,0.0,3.9,2.08,26.8,819.4,1.9,27.2,29.1,18.8,802.6,1.86,100.5,0.0,0,1,"time.struct_time(tm_year=2022, tm_mon=1, tm_mday=4, tm_hour=0, tm_min=15, tm_sec=30, tm_wday=1, tm_yday=4, tm_isdst=-1)",2022-01-04,2022,1,4,4,15
2022-01-04 00:18:00,40.765778,-111.90966,1284.5,-9999.0,-9999.0,-9999.0,13.29,11.43,-0.04,52.37,8.0,2.0,7.61,19.0,872.6,0.0,6.0,2.07,26.7,819.3,2.1,16.2,18.3,18.8,802.6,1.86,100.3,0.0,0,1,"time.struct_time(tm_year=2022, tm_mon=1, tm_mday=4, tm_hour=0, tm_min=18, tm_sec=0, tm_wday=1, tm_yday=4, tm_isdst=-1)",2022-01-04,2022,1,4,4,18
2022-01-04 00:20:30,40.765785,-111.909676,1284.5,-9999.0,-9999.0,-9999.0,13.29,11.36,0.06,52.1,8.0,2.0,7.61,19.0,872.5,0.0,8.5,2.09,26.6,819.4,3.4,17.8,21.2,18.7,802.6,1.86,100.1,0.0,0,1,"time.struct_time(tm_year=2022, tm_mon=1, tm_mday=4, tm_hour=0, tm_min=20, tm_sec=30, tm_wday=1, tm_yday=4, tm_isdst=-1)",2022-01-04,2022,1,4,4,20
2022-01-04 00:23:00,40.765785,-111.909676,1285.4,-9999.0,-9999.0,-9999.0,13.29,11.27,0.23,51.42,8.0,2.0,7.39,19.0,872.7,0.0,5.3,2.07,26.5,819.4,9.0,20.2,29.2,18.6,802.7,1.86,100.5,0.0,0,1,"time.struct_time(tm_year=2022, tm_mon=1, tm_mday=4, tm_hour=0, tm_min=23, tm_sec=0, tm_wday=1, tm_yday=4, tm_isdst=-1)",2022-01-04,2022,1,4,4,23
2022-01-04 00:25:30,40.765785,-111.909691,1286.5,-9999.0,-9999.0,-9999.0,13.3,11.18,-0.11,52.82,7.0,2.0,7.28,19.0,872.7,0.0,4.0,2.08,26.4,819.6,30.2,36.9,67.1,18.5,802.9,1.86,100.5,0.0,0,1,"time.struct_time(tm_year=2022, tm_mon=1, tm_mday=4, tm_hour=0, tm_min=25, tm_sec=30, tm_wday=1, tm_yday=4, tm_isdst=-1)",2022-01-04,2022,1,4,4,25
2022-01-04 00:28:00,40.765778,-111.909691,1286.6,-9999.0,-9999.0,-9999.0,13.29,11.06,-0.04,52.48,8.0,2.0,7.28,19.0,872.9,0.0,3.5,2.08,26.3,819.5,14.1,29.1,43.2,18.5,802.9,1.85,100.1,0.0,0,1,"time.struct_time(tm_year=2022, tm_mon=1, tm_mday=4, tm_hour=0, tm_min=28, tm_sec=0, tm_wday=1, tm_yday=4, tm_isdst=-1)",2022-01-04,2022,1,4,4,28
2022-01-04 00:30:30,40.765781,-111.909683,1287.0,-9999.0,-9999.0,-9999.0,13.3,10.99,-0.18,52.71,7.0,2.0,7.22,20.0,872.7,0.0,1.2,2.07,26.2,819.5,22.9,26.5,49.4,18.4,802.8,1.86,100.1,0.0,0,1,"time.struct_time(tm_year=2022, tm_mon=1, tm_mday=4, tm_hour=0, tm_min=30, tm_sec=30, tm_wday=1, tm_yday=4, tm_isdst=-1)",2022-01-04,2022,1,4,4,30
2022-01-04 00:33:00,40.765785,-111.909691,1286.9,-9999.0,-9999.0,-9999.0,13.3,10.9,-0.04,53.19,7.0,2.0,7.11,20.0,872.6,0.0,3.6,2.08,26.1,819.3,10.7,20.1,30.8,18.3,802.6,1.86,100.3,0.0,0,1,"time.struct_time(tm_year=2022, tm_mon=1, tm_mday=4, tm_hour=0, tm_min=33, tm_sec=0, tm_wday=1, tm_yday=4, tm_isdst=-1)",2022-01-04,2022,1,4,4,33
2022-01-04 00:35:30,40.765789,-111.909691,1287.9,-9999.0,-9999.0,-9999.0,13.3,10.83,0.16,51.63,7.0,2.0,7.0,20.0,872.6,0.0,4.6,2.07,26.1,819.4,3.3,21.4,24.7,18.3,802.7,1.86,100.3,0.0,0,1,"time.struct_time(tm_year=2022, tm_mon=1, tm_mday=4, tm_hour=0, tm_min=35, tm_sec=30, tm_wday=1, tm_yday=4, tm_isdst=-1)",2022-01-04,2022,1,4,4,35
2022-01-04 00:39:05,40.765785,-111.909698,1286.9,-9999.0,-9999.0,-9999.0,13.3,10.72,-0.04,52.04,8.0,2.0,6.89,20.0,872.7,0.0,2.3,2.07,25.9,819.3,2.8,25.4,28.2,18.2,802.6,1.83,99.7,0.0,0,1,"time.struct_time(tm_year=2022, tm_mon=1, tm_mday=4, tm_hour=0, tm_min=39, tm_sec=5, tm_wday=1, tm_yday=4, tm_isdst=-1)",2022-01-04,2022,1,4,4,39
2022-01-04 00:41:35,40.765785,-111.909706,1285.8,-9999.0,-9999.0,-9999.0,13.3,10.67,0.2,52.1,9.0,2.0,6.89,20.0,872.7,0.0,5.7,2.07,25.9,819.4,6.7,30.2,36.9,18.1,802.8,1.83,99.4,0.0,0,1,"time.struct_time(tm_year=2022, tm_mon=1, tm_mday=4, tm_hour=0, tm_min=41, tm_sec=35, tm_wday=1, tm_yday=4, tm_isdst=-1)",2022-01-04,2022,1,4,4,41
2022-01-04 00:44:05,40.765789,-111.909706,1285.7,-9999.0,-9999.0,-9999.0,13.3,10.61,0.16,51.9,8.0,2.0,6.89,20.0,872.5,0.0,2.3,2.07,25.8,819.3,7.5,21.8,29.3,18.0,802.8,1.83,99.2,0.0,0,1,"time.struct_time(tm_year=2022, tm_mon=1, tm_mday=4, tm_hour=0, tm_min=44, tm_sec=5, tm_wday=1, tm_yday=4, tm_isdst=-1)",2022-01-04,2022,1,4,4,44
2022-01-04 00:46:35,40.765793,-111.909706,1286.2,-9999.0,-9999.0,-9999.0,13.31,10.54,0.2,52.24,7.0,2.0,6.78,20.0,872.8,0.0,1.2,2.07,25.7,819.5,2.3,28.1,30.4,17.9,802.9,1.83,99.3,0.0,0,1,"time.struct_time(tm_year=2022, tm_mon=1, tm_mday=4, tm_hour=0, tm_min=46, tm_sec=35, tm_wday=1, tm_yday=4, tm_isdst=-1)",2022-01-04,2022,1,4,4,46
2022-01-04 00:49:05,40.765797,-111.909706,1286.1,-9999.0,-9999.0,-9999.0,13.3,10.49,0.37,51.97,9.0,2.0,6.78,20.0,872.5,0.0,3.3,2.06,25.6,819.3,10.4,32.2,42.6,17.9,802.6,1.84,99.6,0.0,0,1,"time.struct_time(tm_year=2022, tm_mon=1, tm_mday=4, tm_hour=0, tm_min=49, tm_sec=5, tm_wday=1, tm_yday=4, tm_isdst=-1)",2022-01-04,2022,1,4,4,49
2022-01-04 00:51:35,40.765778,-111.909698,1285.3,-9999.0,-9999.0,-9999.0,13.3,10.43,0.1,52.04,8.0,2.0,6.78,20.0,872.4,0.0,3.5,2.07,25.6,819.2,7.6,27.3,34.9,17.8,802.7,1.83,99.5,0.0,0,1,"time.struct_time(tm_year=2022, tm_mon=1, tm_mday=4, tm_hour=0, tm_min=51, tm_sec=35, tm_wday=1, tm_yday=4, tm_isdst=-1)",2022-01-04,2022,1,4,4,51
2022-01-04 00:54:05,40.765774,-111.909706,1286.2,-9999.0,-9999.0,-9999.0,13.3,10.36,0.23,51.42,8.0,2.0,6.72,20.0,872.5,0.0,4.3,2.06,25.5,819.1,-1.7,20.7,19.0,17.7,802.6,1.83,99.4,0.0,0,1,"time.struct_time(tm_year=2022, tm_mon=1, tm_mday=4, tm_hour=0, tm_min=54, tm_sec=5, tm_wday=1, tm_yday=4, tm_isdst=-1)",2022-01-04,2022,1,4,4,54
2022-01-04 00:56:35,40.765766,-111.909706,1285.6,-9999.0,-9999.0,-9999.0,13.31,10.31,0.43,51.02,8.0,2.0,6.61,20.0,872.4,0.0,2.6,2.07,25.5,819.1,12.9,24.0,36.9,17.7,802.5,1.83,99.3,0.0,0,1,"time.struct_time(tm_year=2022, tm_mon=1, tm_mday=4, tm_hour=0, tm_min=56, tm_sec=35, tm_wday=1, tm_yday=4, tm_isdst=-1)",2022-01-04,2022,1,4,4,56
2022-01-04 00:59:05,40.765774,-111.909721,1286.2,-9999.0,-9999.0,-9999.0,13.3,10.25,0.5,50.88,9.0,2.0,6.61,20.0,872.2,0.0,-2.3,2.07,25.4,818.7,3.9,27.3,31.2,17.6,802.4,1.83,99.4,0.0,0,1,"time.struct_time(tm_year=2022, tm_mon=1, tm_mday=4, tm_hour=0, tm_min=59, tm_sec=5, tm_wday=1, tm_yday=4, tm_isdst=-1)",2022-01-04,2022,1,4,4,59
2022-01-04 01:01:35,40.765766,-111.909721,1286.4,-9999.0,-9999.0,-9999.0,13.3,10.2,0.5,51.15,9.0,2.0,6.5,20.0,872.1,0.0,1.1,2.08,25.3,818.9,9.7,30.7,40.4,17.5,802.5,1.83,99.1,0.0,0,1,"time.struct_time(tm_year=2022, tm_mon=1, tm_mday=4, tm_hour=1, tm_min=1, tm_sec=35, tm_wday=1, tm_yday=4, tm_isdst=-1)",2022-01-04,2022,1,4,4,1
2022-01-04 01:04:05,40.765759,-111.909706,1286.8,-9999.0,-9999.0,-9999.0,13.3,10.16,0.37,51.63,8.0,2.0,6.5,21.0,872.3,0.0,-0.3,2.07,25.3,818.9,1.8,32.8,34.6,17.5,802.4,1.83,99.1,0.0,0,1,"time.struct_time(tm_year=2022, tm_mon=1, tm_mday=4, tm_hour=1, tm_min=4, tm_sec=5, tm_wday=1, tm_yday=4, tm_isdst=-1)",2022-01-04,2022,1,4,4,4
2022-01-04 01:06:35,40.765747,-111.909698,1286.2,-9999.0,-9999.0,-9999.0,13.31,10.11,0.37,51.49,9.0,2.0,6.5,21.0,872.2,0.0,-0.8,2.07,25.2,818.9,186.6,35.8,222.4,17.4,802.4,1.83,98.9,0.0,0,1,"time.struct_time(tm_year=2022, tm_mon=1, tm_mday=4, tm_hour=1, tm_min=6, tm_sec=35, tm_wday=1, tm_yday=4, tm_isdst=-1)",2022-01-04,2022,1,4,4,6
2022-01-04 01:09:05,40.765743,-111.909714,1285.6,-9999.0,-9999.0,-9999.0,13.27,10.06,0.5,51.29,8.0,2.0,6.5,21.0,872.1,0.0,-3.1,2.07,25.2,818.9,104.6,34.9,139.5,17.3,802.4,1.83,99.6,0.0,0,1,"time.struct_time(tm_year=2022, tm_mon=1, tm_mday=4, tm_hour=1, tm_min=9, tm_sec=5, tm_wday=1, tm_yday=4, tm_isdst=-1)",2022-01-04,2022,1,4,4,9
2022-01-04 01:11:35,40.765751,-111.909721,1284.5,-9999.0,-9999.0,-9999.0,13.31,10.02,0.64,50.75,8.0,2.0,6.5,21.0,872.4,0.0,-1.1,2.07,25.2,819.0,29.4,39.6,69.0,17.3,802.3,1.84,99.4,0.0,0,1,"time.struct_time(tm_year=2022, tm_mon=1, tm_mday=4, tm_hour=1, tm_min=11, tm_sec=35, tm_wday=1, tm_yday=4, tm_isdst=-1)",2022-01-04,2022,1,4,4,11
2022-01-04 01:14:05,40.765751,-111.909721,1284.3,-9999.0,-9999.0,-9999.0,13.3,9.97,0.64,50.37,9.0,2.0,6.5,21.0,871.9,0.0,-1.0,2.05,25.1,818.8,65.4,32.7,98.1,17.2,802.1,1.84,99.4,0.0,0,1,"time.struct_time(tm_year=2022, tm_mon=1, tm_mday=4, tm_hour=1, tm_min=14, tm_sec=5, tm_wday=1, tm_yday=4, tm_isdst=-1)",2022-01-04,2022,1,4,4,14
2022-01-04 01:16:35,40.765755,-111.909729,1284.1,-9999.0,-9999.0,-9999.0,13.31,9.93,0.57,50.88,9.0,2.0,6.39,21.0,872.4,0.0,1.2,2.07,25.1,819.2,32.0,35.9,67.9,17.2,802.5,1.83,99.8,0.0,0,1,"time.struct_time(tm_year=2022, tm_mon=1, tm_mday=4, tm_hour=1, tm_min=16, tm_sec=35, tm_wday=1, tm_yday=4, tm_isdst=-1)",2022-01-04,2022,1,4,4,16
2022-01-04 01:19:05,40.765755,-111.909729,1284.0,-9999.0,-9999.0,-9999.0,13.31,9.88,0.43,51.05,9.0,2.0,6.39,21.0,872.3,0.0,1.7,2.06,25.0,819.1,25.5,33.2,58.7,17.1,802.5,1.84,99.4,0.0,0,1,"time.struct_time(tm_year=2022, tm_mon=1, tm_mday=4, tm_hour=1, tm_min=19, tm_sec=5, tm_wday=1, tm_yday=4, tm_isdst=-1)",2022-01-04,2022,1,4,4,19
2022-01-04 01:21:35,40.765751,-111.909729,1284.2,-9999.0,-9999.0,-9999.0,13.31,9.84,0.23,52.1,9.0,2.0,6.28,21.0,872.4,0.0,1.8,2.07,25.0,819.1,29.1,31.7,60.8,17.0,802.4,1.84,99.6,0.0,0,1,"time.struct_time(tm_year=2022, tm_mon=1, tm_mday=4, tm_hour=1, tm_min=21, tm_sec=35, tm_wday=1, tm_yday=4, tm_isdst=-1)",2022-01-04,2022,1,4,4,21
2022-01-04 01:24:05,40.765747,-111.909737,1284.8,-9999.0,-9999.0,-9999.0,13.31,9.75,-0.11,53.6,8.0,2.0,6.22,21.0,872.4,0.0,7.7,2.06,25.0,819.1,8.0,27.4,35.4,17.0,802.5,1.83,99.5,0.0,0,1,"time.struct_time(tm_year=2022, tm_mon=1, tm_mday=4, tm_hour=1, tm_min=24, tm_sec=5, tm_wday=1, tm_yday=4, tm_isdst=-1)",2022-01-04,2022,1,4,4,24
2022-01-04 01:26:35,40.765743,-111.909752,1285.6,-9999.0,-9999.0,-9999.0,13.32,9.68,-0.11,53.97,8.0,2.0,6.11,21.0,872.4,0.0,1.4,2.06,24.9,819.2,7.0,25.0,32.0,16.9,802.5,1.84,99.4,0.0,0,1,"time.struct_time(tm_year=2022, tm_mon=1, tm_mday=4, tm_hour=1, tm_min=26, tm_sec=35, tm_wday=1, tm_yday=4, tm_isdst=-1)",2022-01-04,2022,1,4,4,26
2022-01-04 01:29:05,40.765743,-111.909767,1285.7,-9999.0,-9999.0,-9999.0,13.31,9.64,-0.04,53.8,7.0,2.0,6.0,21.0,872.3,0.0,0.2,2.07,24.9,819.0,9.9,24.2,34.1,16.9,802.5,1.84,99.5,0.0,0,1,"time.struct_time(tm_year=2022, tm_mon=1, tm_mday=4, tm_hour=1, tm_min=29, tm_sec=5, tm_wday=1, tm_yday=4, tm_isdst=-1)",2022-01-04,2022,1,4,4,29
2022-01-04 01:31:35,40.765743,-111.909775,1284.7,-9999.0,-9999.0,-9999.0,13.32,9.57,-0.18,54.55,8.0,2.0,6.0,21.0,872.4,0.0,0.8,2.06,24.8,819.1,176.9,41.7,218.6,16.8,802.7,1.84,99.3,0.0,0,1,"time.struct_time(tm_year=2022, tm_mon=1, tm_mday=4, tm_hour=1, tm_min=31, tm_sec=35, tm_wday=1, tm_yday=4, tm_isdst=-1)",2022-01-04,2022,1,4,4,31
2022-01-04 01:34:05,40.765739,-111.909775,1284.6,-9999.0,-9999.0,-9999.0,13.32,9.5,-0.45,56.35,8.0,2.0,5.89,22.0,872.6,0.0,-0.7,2.06,24.8,819.2,277.6,41.2,318.8,16.7,802.6,1.83,99.5,0.0,0,1,"time.struct_time(tm_year=2022, tm_mon=1, tm_mday=4, tm_hour=1, tm_min=34, tm_sec=5, tm_wday=1, tm_yday=4, tm_isdst=-1)",2022-01-04,2022,1,4,4,34
2022-01-04 01:36:35,40.765739,-111.909767,1283.1,-9999.0,-9999.0,-9999.0,13.33,9.46,-0.55,56.89,8.0,2.0,5.89,22.0,872.4,0.0,3.5,2.04,24.7,819.2,24.7,18.4,43.1,16.7,802.6,1.83,99.6,0.0,0,1,"time.struct_time(tm_year=2022, tm_mon=1, tm_mday=4, tm_hour=1, tm_min=36, tm_sec=35, tm_wday=1, tm_yday=4, tm_isdst=-1)",2022-01-04,2022,1,4,4,36
2022-01-04 01:41:10,40.765739,-111.909767,1282.0,-9999.0,-9999.0,-9999.0,13.33,9.35,-0.44,57.34,8.0,2.0,5.72,22.0,872.6,0.0,1.2,2.06,24.6,819.2,20.3,28.3,48.6,16.6,802.7,1.84,100.0,0.0,0,1,"time.struct_time(tm_year=2022, tm_mon=1, tm_mday=4, tm_hour=1, tm_min=41, tm_sec=10, tm_wday=1, tm_yday=4, tm_isdst=-1)",2022-01-04,2022,1,4,4,41
2022-01-04 01:43:40,40.765739,-111.909767,1281.6,-9999.0,-9999.0,-9999.0,13.29,9.3,-0.71,58.02,7.0,2.0,5.61,22.0,872.6,0.0,1.6,2.06,24.6,819.4,22.8,25.5,48.3,16.5,802.8,1.83,100.0,0.0,0,1,"time.struct_time(tm_year=2022, tm_mon=1, tm_mday=4, tm_hour=1, tm_min=43, tm_sec=40, tm_wday=1, tm_yday=4, tm_isdst=-1)",2022-01-04,2022,1,4,4,43
2022-01-04 01:46:10,40.765751,-111.90976,1282.3,-9999.0,-9999.0,-9999.0,13.33,9.24,-0.54,58.08,8.0,2.0,5.61,22.0,872.5,0.0,2.6,2.07,24.5,819.2,23.2,32.9,56.1,16.5,802.7,1.83,100.0,0.0,0,1,"time.struct_time(tm_year=2022, tm_mon=1, tm_mday=4, tm_hour=1, tm_min=46, tm_sec=10, tm_wday=1, tm_yday=4, tm_isdst=-1)",2022-01-04,2022,1,4,4,46
2022-01-04 01:48:40,40.765755,-111.90976,1282.9,-9999.0,-9999.0,-9999.0,13.29,9.19,-0.64,57.47,8.0,2.0,5.5,22.0,872.6,0.0,6.4,2.06,24.5,819.4,6.3,15.8,22.1,16.4,802.9,1.83,99.7,0.0,0,1,"time.struct_time(tm_year=2022, tm_mon=1, tm_mday=4, tm_hour=1, tm_min=48, tm_sec=40, tm_wday=1, tm_yday=4, tm_isdst=-1)",2022-01-04,2022,1,4,4,48
2022-01-04 01:51:10,40.765759,-111.909752,1283.4,-9999.0,-9999.0,-9999.0,13.34,9.12,-0.78,58.08,7.0,2.0,5.5,22.0,872.9,0.0,5.5,2.05,24.4,819.4,6.4,22.1,28.5,16.3,802.9,1.83,99.6,0.0,0,1,"time.struct_time(tm_year=2022, tm_mon=1, tm_mday=4, tm_hour=1, tm_min=51, tm_sec=10, tm_wday=1, tm_yday=4, tm_isdst=-1)",2022-01-04,2022,1,4,4,51
2022-01-04 01:53:40,40.765755,-111.909752,1283.5,-9999.0,-9999.0,-9999.0,13.29,9.08,-0.57,57.95,9.0,2.0,5.39,22.0,872.5,0.0,1.7,2.06,24.4,819.3,67.4,29.6,97.0,16.3,802.8,1.83,99.8,0.0,0,1,"time.struct_time(tm_year=2022, tm_mon=1, tm_mday=4, tm_hour=1, tm_min=53, tm_sec=40, tm_wday=1, tm_yday=4, tm_isdst=-1)",2022-01-04,2022,1,4,4,53
2022-01-04 01:56:10,40.765755,-111.909752,1283.2,-9999.0,-9999.0,-9999.0,13.33,9.03,-0.64,58.05,8.0,2.0,5.39,22.0,872.7,0.0,7.9,2.07,24.3,819.2,9.1,15.8,24.9,16.2,802.9,1.83,99.8,0.0,0,1,"time.struct_time(tm_year=2022, tm_mon=1, tm_mday=4, tm_hour=1, tm_min=56, tm_sec=10, tm_wday=1, tm_yday=4, tm_isdst=-1)",2022-01-04,2022,1,4,4,56
2022-01-04 01:58:40,40.765747,-111.909744,1283.5,-9999.0,-9999.0,-9999.0,13.3,8.97,-0.78,58.77,8.0,2.0,5.28,23.0,872.7,0.0,6.8,2.06,24.3,819.4,12.7,17.5,30.2,16.2,803.0,1.83,99.6,0.0,0,1,"time.struct_time(tm_year=2022, tm_mon=1, tm_mday=4, tm_hour=1, tm_min=58, tm_sec=40, tm_wday=1, tm_yday=4, tm_isdst=-1)",2022-01-04,2022,1,4,4,58
2022-01-04 02:01:10,40.765743,-111.909737,1284.5,-9999.0,-9999.0,-9999.0,13.34,8.92,-1.01,59.85,8.0,2.0,5.28,23.0,872.7,0.0,4.1,2.05,24.2,819.1,12.3,32.9,45.2,16.1,803.0,1.83,99.3,0.0,0,1,"time.struct_time(tm_year=2022, tm_mon=1, tm_mday=4, tm_hour=2, tm_min=1, tm_sec=10, tm_wday=1, tm_yday=4, tm_isdst=-1)",2022-01-04,2022,1,4,4,1
2022-01-04 02:03:40,40.765743,-111.909729,1284.4,-9999.0,-9999.0,-9999.0,13.31,8.88,-1.12,60.53,7.0,2.0,5.28,23.0,872.2,0.0,5.9,2.05,24.1,819.2,8.7,22.6,31.3,16.1,802.8,1.83,99.6,0.0,0,1,"time.struct_time(tm_year=2022, tm_mon=1, tm_mday=4, tm_hour=2, tm_min=3, tm_sec=40, tm_wday=1, tm_yday=4, tm_isdst=-1)",2022-01-04,2022,1,4,4,3
2022-01-04 02:06:10,40.765747,-111.909721,1285.8,-9999.0,-9999.0,-9999.0,13.35,8.81,-1.05,60.67,8.0,2.0,5.22,23.0,872.2,0.0,4.5,2.05,24.1,818.7,4.6,21.6,26.2,16.0,802.6,1.83,99.3,0.0,0,1,"time.struct_time(tm_year=2022, tm_mon=1, tm_mday=4, tm_hour=2, tm_min=6, tm_sec=10, tm_wday=1, tm_yday=4, tm_isdst=-1)",2022-01-04,2022,1,4,4,6
2022-01-04 02:08:40,40.765743,-111.909714,1286.4,-9999.0,-9999.0,-9999.0,13.31,8.77,-0.84,60.23,7.0,2.0,5.22,23.0,872.1,0.0,5.0,2.06,24.0,819.0,18.7,23.3,42.0,15.9,802.6,1.83,99.2,0.0,0,1,"time.struct_time(tm_year=2022, tm_mon=1, tm_mday=4, tm_hour=2, tm_min=8, tm_sec=40, tm_wday=1, tm_yday=4, tm_isdst=-1)",2022-01-04,2022,1,4,4,8
2022-01-04 02:11:10,40.765739,-111.909714,1286.3,-9999.0,-9999.0,-9999.0,13.34,8.75,-0.84,59.72,7.0,2.0,5.22,23.0,872.2,0.0,1.7,2.06,24.0,818.9,30.5,25.7,56.2,15.9,802.7,1.83,99.2,0.0,0,1,"time.struct_time(tm_year=2022, tm_mon=1, tm_mday=4, tm_hour=2, tm_min=11, tm_sec=10, tm_wday=1, tm_yday=4, tm_isdst=-1)",2022-01-04,2022,1,4,4,11
2022-01-04 02:13:40,40.765739,-111.909706,1286.4,-9999.0,-9999.0,-9999.0,13.31,8.7,-0.74,59.72,9.0,2.0,5.22,23.0,872.2,0.0,-1.4,2.05,23.9,819.0,42.7,25.7,68.4,15.8,802.8,1.83,99.5,0.0,0,1,"time.struct_time(tm_year=2022, tm_mon=1, tm_mday=4, tm_hour=2, tm_min=13, tm_sec=40, tm_wday=1, tm_yday=4, tm_isdst=-1)",2022-01-04,2022,1,4,4,13
2022-01-04 02:16:10,40.765732,-111.909691,1286.7,-9999.0,-9999.0,-9999.0,13.35,8.66,-0.71,59.48,7.0,2.0,5.22,23.0,872.4,0.0,0.6,2.06,23.9,818.9,1098.4,111.9,1210.3,15.8,802.9,1.83,99.4,0.0,0,1,"time.struct_time(tm_year=2022, tm_mon=1, tm_mday=4, tm_hour=2, tm_min=16, tm_sec=10, tm_wday=1, tm_yday=4, tm_isdst=-1)",2022-01-04,2022,1,4,4,16
2022-01-04 02:18:40,40.765732,-111.909676,1286.6,-9999.0,-9999.0,-9999.0,13.31,8.63,-0.57,59.31,11.0,2.0,5.11,23.0,872.3,0.0,-0.4,2.06,23.8,819.0,318.8,53.2,372.0,15.7,802.8,1.83,99.4,0.0,0,1,"time.struct_time(tm_year=2022, tm_mon=1, tm_mday=4, tm_hour=2, tm_min=18, tm_sec=40, tm_wday=1, tm_yday=4, tm_isdst=-1)",2022-01-04,2022,1,4,4,18
2022-01-04 02:21:10,40.765724,-111.909668,1286.8,-9999.0,-9999.0,-9999.0,13.35,8.59,-0.43,58.84,10.0,2.0,5.11,23.0,872.2,0.0,-3.9,2.05,23.8,818.7,131.2,37.8,169.0,15.7,802.6,1.83,99.6,0.0,0,1,"time.struct_time(tm_year=2022, tm_mon=1, tm_mday=4, tm_hour=2, tm_min=21, tm_sec=10, tm_wday=1, tm_yday=4, tm_isdst=-1)",2022-01-04,2022,1,4,4,21
2022-01-04 02:23:40,40.765724,-111.90966,1286.9,-9999.0,-9999.0,-9999.0,13.3,8.57,-0.37,58.36,9.0,2.0,5.11,24.0,872.2,0.0,2.8,2.05,23.7,819.1,70.6,38.6,109.2,15.6,802.7,1.83,99.4,0.0,0,1,"time.struct_time(tm_year=2022, tm_mon=1, tm_mday=4, tm_hour=2, tm_min=23, tm_sec=40, tm_wday=1, tm_yday=4, tm_isdst=-1)",2022-01-04,2022,1,4,4,23
2022-01-04 02:28:15,40.765724,-111.90963,1286.9,-9999.0,-9999.0,-9999.0,13.35,8.5,-0.3,57.69,9.0,2.0,5.11,24.0,872.5,0.0,1.8,2.06,23.7,819.0,20.3,28.9,49.2,15.5,802.8,1.86,99.8,0.0,0,1,"time.struct_time(tm_year=2022, tm_mon=1, tm_mday=4, tm_hour=2, tm_min=28, tm_sec=15, tm_wday=1, tm_yday=4, tm_isdst=-1)",2022-01-04,2022,1,4,4,28
2022-01-04 02:30:45,40.765713,-111.909615,1286.7,-9999.0,-9999.0,-9999.0,13.35,8.48,-0.5,58.43,9.0,2.0,5.11,24.0,872.4,0.0,2.3,2.05,23.6,818.7,12.0,31.6,43.6,15.5,802.7,1.86,99.7,0.0,0,1,"time.struct_time(tm_year=2022, tm_mon=1, tm_mday=4, tm_hour=2, tm_min=30, tm_sec=45, tm_wday=1, tm_yday=4, tm_isdst=-1)",2022-01-04,2022,1,4,4,30
2022-01-04 02:33:15,40.765705,-111.909615,1287.2,-9999.0,-9999.0,-9999.0,13.32,8.46,-0.57,58.84,8.0,2.0,5.11,24.0,872.2,0.0,3.3,2.05,23.6,819.0,17.1,18.0,35.1,15.4,802.7,1.86,99.9,0.0,0,1,"time.struct_time(tm_year=2022, tm_mon=1, tm_mday=4, tm_hour=2, tm_min=33, tm_sec=15, tm_wday=1, tm_yday=4, tm_isdst=-1)",2022-01-04,2022,1,4,4,33
2022-01-04 02:35:45,40.765694,-111.909607,1287.3,-9999.0,-9999.0,-9999.0,13.35,8.41,-0.81,59.99,9.0,2.0,5.11,24.0,872.3,0.0,1.2,2.05,23.6,818.8,9.4,23.8,33.2,15.4,802.7,1.86,99.6,0.0,0,1,"time.struct_time(tm_year=2022, tm_mon=1, tm_mday=4, tm_hour=2, tm_min=35, tm_sec=45, tm_wday=1, tm_yday=4, tm_isdst=-1)",2022-01-04,2022,1,4,4,35
2022-01-04 02:38:15,40.765701,-111.909599,1287.6,-9999.0,-9999.0,-9999.0,13.35,8.39,-0.77,60.4,9.0,2.0,5.0,24.0,872.4,0.0,4.4,2.04,23.5,819.0,8.1,30.3,38.4,15.3,802.7,1.86,99.9,0.0,0,1,"time.struct_time(tm_year=2022, tm_mon=1, tm_mday=4, tm_hour=2, tm_min=38, tm_sec=15, tm_wday=1, tm_yday=4, tm_isdst=-1)",2022-01-04,2022,1,4,4,38
2022-01-04 02:41:50,40.765717,-111.909599,1286.6,-9999.0,-9999.0,-9999.0,13.35,8.37,-0.57,60.06,19.0,2.0,5.0,24.0,872.1,0.0,-2.3,2.05,23.5,818.6,117.0,43.0,160.0,15.3,802.7,1.83,98.4,0.0,0,1,"time.struct_time(tm_year=2022, tm_mon=1, tm_mday=4, tm_hour=2, tm_min=41, tm_sec=50, tm_wday=1, tm_yday=4, tm_isdst=-1)",2022-01-04,2022,1,4,4,41
2022-01-04 02:44:20,40.765724,-111.909607,1286.5,-9999.0,-9999.0,-9999.0,13.35,8.35,-0.57,59.72,10.0,2.0,5.0,24.0,872.3,0.0,4.7,2.05,23.5,819.1,18.3,36.9,55.2,15.2,802.8,1.83,98.7,0.0,0,1,"time.struct_time(tm_year=2022, tm_mon=1, tm_mday=4, tm_hour=2, tm_min=44, tm_sec=20, tm_wday=1, tm_yday=4, tm_isdst=-1)",2022-01-04,2022,1,4,4,44
2022-01-04 02:46:50,40.765736,-111.909615,1287.0,-9999.0,-9999.0,-9999.0,13.32,8.3,-0.43,59.79,12.0,2.0,5.0,24.0,872.3,0.0,0.2,2.06,23.4,818.8,49.3,35.7,85.0,15.2,802.8,1.83,98.8,0.0,0,1,"time.struct_time(tm_year=2022, tm_mon=1, tm_mday=4, tm_hour=2, tm_min=46, tm_sec=50, tm_wday=1, tm_yday=4, tm_isdst=-1)",2022-01-04,2022,1,4,4,46
2022-01-04 02:49:20,40.765743,-111.90963,1287.3,-9999.0,-9999.0,-9999.0,13.35,8.3,-0.37,59.55,10.0,2.0,5.0,24.0,872.2,0.0,0.5,2.05,23.4,819.1,23.3,22.4,45.7,15.1,802.8,1.83,98.8,0.0,0,1,"time.struct_time(tm_year=2022, tm_mon=1, tm_mday=4, tm_hour=2, tm_min=49, tm_sec=20, tm_wday=1, tm_yday=4, tm_isdst=-1)",2022-01-04,2022,1,4,4,49
2022-01-04 02:51:50,40.765743,-111.909645,1288.1,-9999.0,-9999.0,-9999.0,13.36,8.28,-0.47,59.59,8.0,2.0,5.0,24.0,872.2,0.0,-0.5,2.05,23.4,818.7,13.4,22.6,36.0,15.1,802.7,1.83,98.8,0.0,0,1,"time.struct_time(tm_year=2022, tm_mon=1, tm_mday=4, tm_hour=2, tm_min=51, tm_sec=50, tm_wday=1, tm_yday=4, tm_isdst=-1)",2022-01-04,2022,1,4,4,51
2022-01-04 02:54:20,40.765732,-111.90966,1287.2,-9999.0,-9999.0,-9999.0,13.35,8.28,-0.5,59.99,10.0,2.0,5.0,25.0,872.2,0.0,-0.5,2.04,23.4,819.0,96.0,30.3,126.3,15.1,802.8,1.83,99.0,0.0,0,1,"time.struct_time(tm_year=2022, tm_mon=1, tm_mday=4, tm_hour=2, tm_min=54, tm_sec=20, tm_wday=1, tm_yday=4, tm_isdst=-1)",2022-01-04,2022,1,4,4,54
2022-01-04 02:56:50,40.765732,-111.909676,1287.4,-9999.0,-9999.0,-9999.0,13.35,8.26,-0.57,60.33,11.0,2.0,5.0,25.0,872.3,0.0,0.9,2.06,23.3,818.6,265.0,60.1,325.1,15.0,802.9,1.83,98.9,0.0,0,1,"time.struct_time(tm_year=2022, tm_mon=1, tm_mday=4, tm_hour=2, tm_min=56, tm_sec=50, tm_wday=1, tm_yday=4, tm_isdst=-1)",2022-01-04,2022,1,4,4,56
2022-01-04 02:59:20,40.765724,-111.909691,1286.5,-9999.0,-9999.0,-9999.0,13.35,8.23,-0.54,60.81,9.0,2.0,5.0,25.0,872.4,0.0,-2.2,2.05,23.3,819.1,82.6,29.6,112.2,15.0,802.9,1.83,98.7,0.0,0,1,"time.struct_time(tm_year=2022, tm_mon=1, tm_mday=4, tm_hour=2, tm_min=59, tm_sec=20, tm_wday=1, tm_yday=4, tm_isdst=-1)",2022-01-04,2022,1,4,4,59
2022-01-04 03:01:50,40.765709,-111.909706,1286.7,-9999.0,-9999.0,-9999.0,13.36,8.21,-0.43,60.54,13.0,2.0,5.0,25.0,872.2,0.0,-2.1,2.05,23.3,818.5,484.9,86.0,570.9,14.9,802.6,1.83,98.8,0.0,0,1,"time.struct_time(tm_year=2022, tm_mon=1, tm_mday=4, tm_hour=3, tm_min=1, tm_sec=50, tm_wday=1, tm_yday=4, tm_isdst=-1)",2022-01-04,2022,1,4,4,1
2022-01-04 03:04:20,40.765701,-111.909721,1285.9,-9999.0,-9999.0,-9999.0,13.35,8.19,-0.3,59.99,10.0,2.0,5.0,25.0,872.3,0.0,-3.0,2.05,23.3,818.9,209.0,52.1,261.1,14.9,802.8,1.83,98.8,0.0,0,1,"time.struct_time(tm_year=2022, tm_mon=1, tm_mday=4, tm_hour=3, tm_min=4, tm_sec=20, tm_wday=1, tm_yday=4, tm_isdst=-1)",2022-01-04,2022,1,4,4,4
2022-01-04 03:06:50,40.765709,-111.909714,1285.5,-9999.0,-9999.0,-9999.0,13.33,8.19,-0.3,59.99,10.0,2.0,5.11,25.0,872.2,0.0,0.6,2.05,23.3,818.7,169.9,41.8,211.7,14.9,802.7,1.83,98.9,0.0,0,1,"time.struct_time(tm_year=2022, tm_mon=1, tm_mday=4, tm_hour=3, tm_min=6, tm_sec=50, tm_wday=1, tm_yday=4, tm_isdst=-1)",2022-01-04,2022,1,4,4,6
2022-01-04 03:09:20,40.765709,-111.909698,1285.3,-9999.0,-9999.0,-9999.0,13.35,8.19,-0.23,59.42,8.0,2.0,5.0,25.0,872.0,0.0,1.7,2.04,23.3,818.9,56.0,27.3,83.3,14.8,802.7,1.83,98.6,0.0,0,1,"time.struct_time(tm_year=2022, tm_mon=1, tm_mday=4, tm_hour=3, tm_min=9, tm_sec=20, tm_wday=1, tm_yday=4, tm_isdst=-1)",2022-01-04,2022,1,4,4,9
2022-01-04 03:11:50,40.76572,-111.909706,1285.7,-9999.0,-9999.0,-9999.0,13.36,8.17,-0.1,59.11,10.0,2.0,5.0,25.0,872.0,0.0,-0.9,2.04,23.2,818.5,45.6,35.3,80.9,14.8,802.6,1.83,98.9,0.0,0,1,"time.struct_time(tm_year=2022, tm_mon=1, tm_mday=4, tm_hour=3, tm_min=11, tm_sec=50, tm_wday=1, tm_yday=4, tm_isdst=-1)",2022-01-04,2022,1,4,4,11
2022-01-04 03:14:20,40.765732,-111.909706,1284.9,-9999.0,-9999.0,-9999.0,13.35,8.17,-0.03,58.98,10.0,2.0,5.0,25.0,872.1,0.0,0.9,2.06,23.2,818.8,93.8,40.5,134.3,14.8,802.6,1.83,98.7,0.0,0,1,"time.struct_time(tm_year=2022, tm_mon=1, tm_mday=4, tm_hour=3, tm_min=14, tm_sec=20, tm_wday=1, tm_yday=4, tm_isdst=-1)",2022-01-04,2022,1,4,4,14
2022-01-04 03:16:50,40.765736,-111.909698,1284.0,-9999.0,-9999.0,-9999.0,13.35,8.15,-0.03,58.67,8.0,2.0,5.0,25.0,872.1,0.0,0.5,2.04,23.2,818.4,47.7,32.6,80.3,14.7,802.7,1.83,98.8,0.0,0,1,"time.struct_time(tm_year=2022, tm_mon=1, tm_mday=4, tm_hour=3, tm_min=16, tm_sec=50, tm_wday=1, tm_yday=4, tm_isdst=-1)",2022-01-04,2022,1,4,4,16
2022-01-04 03:19:20,40.765739,-111.909698,1284.3,-9999.0,-9999.0,-9999.0,13.35,8.15,-0.03,58.36,11.0,2.0,5.0,25.0,872.4,0.0,0.5,2.04,23.2,818.9,95.9,44.9,140.8,14.7,802.8,1.83,98.8,0.0,0,1,"time.struct_time(tm_year=2022, tm_mon=1, tm_mday=4, tm_hour=3, tm_min=19, tm_sec=20, tm_wday=1, tm_yday=4, tm_isdst=-1)",2022-01-04,2022,1,4,4,19
2022-01-04 03:21:50,40.765743,-111.909691,1284.5,-9999.0,-9999.0,-9999.0,13.35,8.15,0.04,58.64,10.0,2.0,5.0,25.0,872.2,0.0,1.2,2.05,23.2,818.5,51.8,37.1,88.9,14.7,802.7,1.83,98.7,0.0,0,1,"time.struct_time(tm_year=2022, tm_mon=1, tm_mday=4, tm_hour=3, tm_min=21, tm_sec=50, tm_wday=1, tm_yday=4, tm_isdst=-1)",2022-01-04,2022,1,4,4,21
2022-01-04 03:24:20,40.765747,-111.909698,1285.0,-9999.0,-9999.0,-9999.0,13.35,8.15,-0.13,58.77,9.0,2.0,5.0,25.0,872.1,0.0,2.0,2.04,23.2,818.9,53.3,32.9,86.2,14.6,802.7,1.83,98.8,0.0,0,1,"time.struct_time(tm_year=2022, tm_mon=1, tm_mday=4, tm_hour=3, tm_min=24, tm_sec=20, tm_wday=1, tm_yday=4, tm_isdst=-1)",2022-01-04,2022,1,4,4,24
2022-01-04 03:26:50,40.765728,-111.909691,1285.5,-9999.0,-9999.0,-9999.0,13.35,8.15,-0.23,59.52,9.0,2.0,5.0,25.0,872.2,0.0,-0.9,2.04,23.2,818.6,39.1,25.2,64.3,14.6,802.7,1.83,98.6,0.0,0,1,"time.struct_time(tm_year=2022, tm_mon=1, tm_mday=4, tm_hour=3, tm_min=26, tm_sec=50, tm_wday=1, tm_yday=4, tm_isdst=-1)",2022-01-04,2022,1,4,4,26
2022-01-04 03:29:20,40.765736,-111.909676,1285.4,-9999.0,-9999.0,-9999.0,13.35,8.13,-0.16,59.76,11.0,2.0,5.0,25.0,872.2,0.0,-1.7,2.04,23.2,818.8,133.6,90.4,224.0,14.6,802.5,1.83,98.7,0.0,0,1,"time.struct_time(tm_year=2022, tm_mon=1, tm_mday=4, tm_hour=3, tm_min=29, tm_sec=20, tm_wday=1, tm_yday=4, tm_isdst=-1)",2022-01-04,2022,1,4,4,29
2022-01-04 03:31:50,40.765736,-111.90966,1284.8,-9999.0,-9999.0,-9999.0,13.35,8.13,-0.3,60.5,10.0,2.0,5.0,26.0,872.0,0.0,-0.0,2.06,23.2,818.4,197.8,51.5,249.3,14.6,802.6,1.83,98.7,0.0,0,1,"time.struct_time(tm_year=2022, tm_mon=1, tm_mday=4, tm_hour=3, tm_min=31, tm_sec=50, tm_wday=1, tm_yday=4, tm_isdst=-1)",2022-01-04,2022,1,4,4,31
2022-01-04 03:34:20,40.765728,-111.909653,1283.2,-9999.0,-9999.0,-9999.0,13.35,8.1,-0.23,60.33,10.0,2.0,5.0,26.0,872.1,0.0,-1.6,2.06,23.2,818.7,67.0,38.5,105.5,14.5,802.5,1.83,98.6,0.0,0,1,"time.struct_time(tm_year=2022, tm_mon=1, tm_mday=4, tm_hour=3, tm_min=34, tm_sec=20, tm_wday=1, tm_yday=4, tm_isdst=-1)",2022-01-04,2022,1,4,4,34
2022-01-04 03:36:50,40.765728,-111.909645,1284.3,-9999.0,-9999.0,-9999.0,13.35,8.1,-0.23,59.79,9.0,2.0,4.89,26.0,871.9,0.0,-1.9,2.04,23.2,818.2,25.5,36.7,62.2,14.5,802.3,1.83,98.6,0.0,0,1,"time.struct_time(tm_year=2022, tm_mon=1, tm_mday=4, tm_hour=3, tm_min=36, tm_sec=50, tm_wday=1, tm_yday=4, tm_isdst=-1)",2022-01-04,2022,1,4,4,36
2022-01-04 03:39:20,40.765717,-111.90963,1285.7,-9999.0,-9999.0,-9999.0,13.35,8.08,-0.3,59.86,10.0,2.0,4.78,26.0,871.7,0.0,-0.7,2.04,23.2,818.5,64.1,39.8,103.9,14.5,802.3,1.83,98.6,0.0,0,1,"time.struct_time(tm_year=2022, tm_mon=1, tm_mday=4, tm_hour=3, tm_min=39, tm_sec=20, tm_wday=1, tm_yday=4, tm_isdst=-1)",2022-01-04,2022,1,4,4,39
2022-01-04 03:42:55,40.765701,-111.909622,1286.0,-9999.0,-9999.0,-9999.0,13.32,8.06,-0.3,59.93,8.0,2.0,4.78,26.0,871.8,0.0,-1.4,2.06,23.1,818.5,23.0,28.9,51.9,14.4,802.4,1.83,99.1,0.0,0,1,"time.struct_time(tm_year=2022, tm_mon=1, tm_mday=4, tm_hour=3, tm_min=42, tm_sec=55, tm_wday=1, tm_yday=4, tm_isdst=-1)",2022-01-04,2022,1,4,4,42
2022-01-04 03:45:25,40.765709,-111.909607,1286.6,-9999.0,-9999.0,-9999.0,13.36,8.06,-0.37,59.99,9.0,2.0,4.72,26.0,871.5,0.0,0.9,2.05,23.1,818.0,53.4,28.1,81.5,14.4,802.2,1.83,98.9,0.0,0,1,"time.struct_time(tm_year=2022, tm_mon=1, tm_mday=4, tm_hour=3, tm_min=45, tm_sec=25, tm_wday=1, tm_yday=4, tm_isdst=-1)",2022-01-04,2022,1,4,4,45
2022-01-04 03:47:55,40.765717,-111.909615,1286.6,-9999.0,-9999.0,-9999.0,13.35,8.04,-0.23,60.16,10.0,2.0,4.72,26.0,871.4,0.0,1.6,2.05,23.1,818.4,173.6,52.7,226.3,14.4,802.3,1.83,99.0,0.0,0,1,"time.struct_time(tm_year=2022, tm_mon=1, tm_mday=4, tm_hour=3, tm_min=47, tm_sec=55, tm_wday=1, tm_yday=4, tm_isdst=-1)",2022-01-04,2022,1,4,4,47
2022-01-04 03:50:25,40.76572,-111.90963,1286.0,-9999.0,-9999.0,-9999.0,13.36,8.04,-0.03,59.82,11.0,2.0,4.72,26.0,871.4,0.0,1.7,2.05,23.1,818.1,153.3,50.7,204.0,14.4,802.2,1.83,98.9,0.0,0,1,"time.struct_time(tm_year=2022, tm_mon=1, tm_mday=4, tm_hour=3, tm_min=50, tm_sec=25, tm_wday=1, tm_yday=4, tm_isdst=-1)",2022-01-04,2022,1,4,4,50
2022-01-04 03:52:55,40.765724,-111.909622,1285.3,-9999.0,-9999.0,-9999.0,13.36,8.02,-0.16,59.59,10.0,2.0,4.72,26.0,871.5,0.0,-1.2,2.05,23.1,818.2,34.7,37.2,71.9,14.3,802.2,1.83,98.9,0.0,0,1,"time.struct_time(tm_year=2022, tm_mon=1, tm_mday=4, tm_hour=3, tm_min=52, tm_sec=55, tm_wday=1, tm_yday=4, tm_isdst=-1)",2022-01-04,2022,1,4,4,52
2022-01-04 03:55:25,40.765728,-111.909615,1285.4,-9999.0,-9999.0,-9999.0,13.35,7.99,-0.1,59.35,11.0,2.0,4.61,26.0,871.4,0.0,-5.2,2.04,23.1,817.9,60.8,40.8,101.6,14.3,802.0,1.83,99.0,0.0,0,1,"time.struct_time(tm_year=2022, tm_mon=1, tm_mday=4, tm_hour=3, tm_min=55, tm_sec=25, tm_wday=1, tm_yday=4, tm_isdst=-1)",2022-01-04,2022,1,4,4,55
2022-01-04 03:57:55,40.76572,-111.909615,1285.6,-9999.0,-9999.0,-9999.0,13.32,7.99,-0.03,59.69,13.0,2.0,4.61,26.0,871.4,0.0,0.3,2.05,23.1,818.1,290.4,76.4,366.8,14.3,802.0,1.83,99.1,0.0,0,1,"time.struct_time(tm_year=2022, tm_mon=1, tm_mday=4, tm_hour=3, tm_min=57, tm_sec=55, tm_wday=1, tm_yday=4, tm_isdst=-1)",2022-01-04,2022,1,4,4,57
2022-01-04 04:00:25,40.765717,-111.909599,1284.7,-9999.0,-9999.0,-9999.0,13.36,7.99,-0.03,59.72,14.0,2.0,4.72,26.0,871.3,0.0,-2.5,2.04,23.1,817.8,365.3,73.9,439.2,14.3,802.0,1.83,99.1,0.0,0,1,"time.struct_time(tm_year=2022, tm_mon=1, tm_mday=4, tm_hour=4, tm_min=0, tm_sec=25, tm_wday=1, tm_yday=4, tm_isdst=-1)",2022-01-04,2022,1,4,4,0
2022-01-04 04:02:55,40.765717,-111.909599,1284.8,-9999.0,-9999.0,-9999.0,13.36,7.97,-0.06,59.93,20.0,2.0,4.72,26.0,871.2,0.0,-2.7,2.05,23.1,818.1,589.9,128.9,718.8,14.2,801.9,1.83,99.0,0.0,0,1,"time.struct_time(tm_year=2022, tm_mon=1, tm_mday=4, tm_hour=4, tm_min=2, tm_sec=55, tm_wday=1, tm_yday=4, tm_isdst=-1)",2022-01-04,2022,1,4,4,2
2022-01-04 04:05:25,40.76572,-111.909615,1284.8,-9999.0,-9999.0,-9999.0,13.35,7.97,-0.03,59.86,16.0,2.0,4.72,26.0,871.1,0.0,-1.1,2.04,23.1,817.6,376.2,88.7,464.9,14.2,801.8,1.83,99.0,0.0,0,1,"time.struct_time(tm_year=2022, tm_mon=1, tm_mday=4, tm_hour=4, tm_min=5, tm_sec=25, tm_wday=1, tm_yday=4, tm_isdst=-1)",2022-01-04,2022,1,4,4,5
2022-01-04 04:07:55,40.765717,-111.909637,1284.0,-9999.0,-9999.0,-9999.0,13.33,7.97,0.04,59.59,15.0,2.0,4.78,26.0,870.8,0.0,-3.1,2.04,23.1,817.7,306.3,73.3,379.6,14.2,801.5,1.83,99.2,0.0,0,1,"time.struct_time(tm_year=2022, tm_mon=1, tm_mday=4, tm_hour=4, tm_min=7, tm_sec=55, tm_wday=1, tm_yday=4, tm_isdst=-1)",2022-01-04,2022,1,4,4,7
2022-01-04 04:10:25,40.765728,-111.909637,1283.7,-9999.0,-9999.0,-9999.0,13.36,7.97,-0.03,59.86,16.0,2.0,4.89,26.0,870.7,0.0,-0.5,2.04,23.1,817.3,253.1,71.8,324.9,14.2,801.4,1.83,99.0,0.0,0,1,"time.struct_time(tm_year=2022, tm_mon=1, tm_mday=4, tm_hour=4, tm_min=10, tm_sec=25, tm_wday=1, tm_yday=4, tm_isdst=-1)",2022-01-04,2022,1,4,4,10
2022-01-04 04:12:55,40.765732,-111.909645,1284.7,-9999.0,-9999.0,-9999.0,13.36,7.99,0.04,59.99,14.0,2.0,4.89,26.0,870.8,0.0,0.2,2.05,23.1,817.6,305.6,66.8,372.4,14.2,801.4,1.83,98.8,0.0,0,1,"time.struct_time(tm_year=2022, tm_mon=1, tm_mday=4, tm_hour=4, tm_min=12, tm_sec=55, tm_wday=1, tm_yday=4, tm_isdst=-1)",2022-01-04,2022,1,4,4,12
2022-01-04 04:15:25,40.765739,-111.90963,1283.8,-9999.0,-9999.0,-9999.0,13.35,7.99,0.21,59.38,12.0,2.0,4.89,26.0,870.7,0.0,-0.4,2.04,23.1,817.1,218.8,52.3,271.1,14.1,801.4,1.83,99.0,0.0,0,1,"time.struct_time(tm_year=2022, tm_mon=1, tm_mday=4, tm_hour=4, tm_min=15, tm_sec=25, tm_wday=1, tm_yday=4, tm_isdst=-1)",2022-01-04,2022,1,4,4,15
2022-01-04 04:17:55,40.765751,-111.909645,1282.6,-9999.0,-9999.0,-9999.0,13.35,7.99,0.11,58.98,17.0,2.0,4.89,26.0,870.7,0.0,1.0,2.05,23.1,817.6,318.0,77.2,395.2,14.1,801.4,1.83,99.1,0.0,0,1,"time.struct_time(tm_year=2022, tm_mon=1, tm_mday=4, tm_hour=4, tm_min=17, tm_sec=55, tm_wday=1, tm_yday=4, tm_isdst=-1)",2022-01-04,2022,1,4,4,17
2022-01-04 04:20:25,40.76572,-111.909615,1258.5,-9999.0,-9999.0,-9999.0,13.35,7.99,0.24,59.31,19.0,2.0,5.0,26.0,870.6,0.0,-3.1,2.06,23.1,817.2,567.1,92.8,659.9,14.1,801.3,1.83,99.0,0.0,0,1,"time.struct_time(tm_year=2022, tm_mon=1, tm_mday=4, tm_hour=4, tm_min=20, tm_sec=25, tm_wday=1, tm_yday=4, tm_isdst=-1)",2022-01-04,2022,1,4,4,20
2022-01-04 04:22:55,40.765804,-111.909607,1262.6,-9999.0,-9999.0,-9999.0,13.35,7.99,0.35,58.84,17.0,2.0,5.0,26.0,870.9,0.0,-0.7,2.05,23.1,817.5,423.5,86.2,509.7,14.1,801.4,1.83,99.0,0.0,0,1,"time.struct_time(tm_year=2022, tm_mon=1, tm_mday=4, tm_hour=4, tm_min=22, tm_sec=55, tm_wday=1, tm_yday=4, tm_isdst=-1)",2022-01-04,2022,1,4,4,22
2022-01-04 04:25:25,40.765789,-111.909615,1264.2,-9999.0,-9999.0,-9999.0,13.35,8.02,0.41,58.91,33.0,2.0,5.0,26.0,870.7,0.0,-0.8,2.06,23.1,817.1,1318.8,203.0,1521.8,14.1,801.4,1.82,98.7,0.0,0,1,"time.struct_time(tm_year=2022, tm_mon=1, tm_mday=4, tm_hour=4, tm_min=25, tm_sec=25, tm_wday=1, tm_yday=4, tm_isdst=-1)",2022-01-04,2022,1,4,4,25
2022-01-04 04:27:55,40.765774,-111.909615,1265.0,-9999.0,-9999.0,-9999.0,13.35,8.02,0.45,58.23,14.0,2.0,5.0,26.0,870.7,0.0,0.4,2.05,23.1,817.4,454.9,104.5,559.4,14.1,801.3,1.83,98.9,0.0,0,1,"time.struct_time(tm_year=2022, tm_mon=1, tm_mday=4, tm_hour=4, tm_min=27, tm_sec=55, tm_wday=1, tm_yday=4, tm_isdst=-1)",2022-01-04,2022,1,4,4,27
2022-01-04 04:30:25,40.76577,-111.909615,1265.4,-9999.0,-9999.0,-9999.0,13.36,8.02,0.58,58.03,15.0,2.0,5.0,26.0,870.5,0.0,-0.6,2.05,23.1,817.2,432.6,89.7,522.3,14.0,801.3,1.83,98.9,0.0,0,1,"time.struct_time(tm_year=2022, tm_mon=1, tm_mday=4, tm_hour=4, tm_min=30, tm_sec=25, tm_wday=1, tm_yday=4, tm_isdst=-1)",2022-01-04,2022,1,4,4,30
2022-01-04 04:32:55,40.765766,-111.909615,1264.8,-9999.0,-9999.0,-9999.0,13.36,8.02,0.58,57.69,20.0,2.0,5.0,26.0,870.7,0.0,2.2,2.03,23.1,817.4,721.2,161.3,882.5,14.0,801.3,1.83,98.9,0.0,0,1,"time.struct_time(tm_year=2022, tm_mon=1, tm_mday=4, tm_hour=4, tm_min=32, tm_sec=55, tm_wday=1, tm_yday=4, tm_isdst=-1)",2022-01-04,2022,1,4,4,32
2022-01-04 04:35:25,40.765755,-111.909615,1264.2,-9999.0,-9999.0,-9999.0,13.35,8.02,0.72,57.14,13.0,2.0,5.0,26.0,870.1,0.0,-1.9,2.05,23.1,816.8,321.3,68.1,389.4,14.0,801.0,1.83,98.9,0.0,0,1,"time.struct_time(tm_year=2022, tm_mon=1, tm_mday=4, tm_hour=4, tm_min=35, tm_sec=25, tm_wday=1, tm_yday=4, tm_isdst=-1)",2022-01-04,2022,1,4,4,35
2022-01-04 04:37:55,40.765762,-111.909607,1265.3,-9999.0,-9999.0,-9999.0,13.28,8.04,0.72,56.77,12.0,2.0,5.0,26.0,870.5,0.0,-0.3,2.05,23.1,817.4,120.1,49.5,169.6,14.0,801.2,1.83,99.1,0.0,0,1,"time.struct_time(tm_year=2022, tm_mon=1, tm_mday=4, tm_hour=4, tm_min=37, tm_sec=55, tm_wday=1, tm_yday=4, tm_isdst=-1)",2022-01-04,2022,1,4,4,37
2022-01-04 04:40:25,40.765759,-111.909615,1265.6,-9999.0,-9999.0,-9999.0,13.32,8.04,0.65,55.21,9.0,2.0,5.0,26.0,870.3,0.0,2.7,2.03,23.1,816.9,73.9,37.4,111.3,14.0,801.0,1.83,98.9,0.0,0,1,"time.struct_time(tm_year=2022, tm_mon=1, tm_mday=4, tm_hour=4, tm_min=40, tm_sec=25, tm_wday=1, tm_yday=4, tm_isdst=-1)",2022-01-04,2022,1,4,4,40
