Timestamp_UTC,Latitude_ddeg,Longitude_ddeg,Elevation_m,GPS_Speed_m/s,GPS_Direction_deg,GPS_RMC_Valid_binary,Battery_Voltage_volts,Bus_Box_Temperature_degC,Bus_Top_Temperature_degC,Bus_Top_Relative_Humidity_%,ES642_PM2.5_Concentration_ug/m3,ES642_Air_Flow_Rate_L/min,ES642_Internal_Air_Temperature_degC,ES642_Internal_Relative_Humidity_%,ES642_Internal_Air_Pressure_hpa,ES642_Error_Code_code,2B_Ozone_Concentration_ppbv,2B_Air_Flow_Rate_L/min,2B_Internal_Air_Temperature_degC,2B_Internal_Air_Pressure_hpa,2B405_NO_Concentration_ppbv,2B405_NO2_Concentration_ppbv,2B405_NOX_Concentration_ppbv,2B405_Internal_Air_Temperature_degC,2B405_Internal_Air_Pressure_hpa,2B405_Air_Flow_Rate_L/min,2B405_Cell_O3_Flow_Rate_mL/min,PM2.5_Data_Flagged_binary,Ozone_Data_Flagged_binary,GPS_Data_Flagged_binary,Time_Tuple,Date,Year,Month,Day_of_Year,Day_of_Month,Minute,Hour,Transit_ID
2023-02-01 00:00:00,40.765202,-111.909683,1289.7,-9999.0,-9999.0,-9999.0,14.09,2.24,-4.37,40.63,6.0,2.0,1.11,18.0,883.1,0.0,18.4,2.17,18.3,672.6,-9999.0,-9999.0,-9999.0,-9999.0,-9999.0,-9999.0,-9999.0,0.0,0,1,"time.struct_time(tm_year=2023, tm_mon=2, tm_mday=1, tm_hour=0, tm_min=0, tm_sec=0, tm_wday=2, tm_yday=32, tm_isdst=-1)",2023-02-01,2023,2,32,1,0,0,BUS03
2023-02-01 00:02:30,40.765205,-111.909683,1289.4,-9999.0,-9999.0,-9999.0,14.09,2.16,-4.23,40.98,6.0,2.0,1.11,18.0,882.9,0.0,20.1,2.19,18.2,672.5,-9999.0,-9999.0,-9999.0,-9999.0,-9999.0,-9999.0,-9999.0,0.0,0,1,"time.struct_time(tm_year=2023, tm_mon=2, tm_mday=1, tm_hour=0, tm_min=2, tm_sec=30, tm_wday=2, tm_yday=32, tm_isdst=-1)",2023-02-01,2023,2,32,1,2,0,BUS03
2023-02-01 00:05:00,40.765205,-111.909683,1289.0,-9999.0,-9999.0,-9999.0,14.09,2.07,-4.22,40.65,6.0,2.0,1.0,18.0,882.9,0.0,25.3,2.18,18.1,672.7,-9999.0,-9999.0,-9999.0,-9999.0,-9999.0,-9999.0,-9999.0,0.0,0,0,"time.struct_time(tm_year=2023, tm_mon=2, tm_mday=1, tm_hour=0, tm_min=5, tm_sec=0, tm_wday=2, tm_yday=32, tm_isdst=-1)",2023-02-01,2023,2,32,1,5,0,BUS03
2023-02-01 00:07:35,40.765209,-111.909683,1288.8,-9999.0,-9999.0,-9999.0,14.09,1.97,-4.45,41.43,6.0,2.0,0.89,18.0,883.2,0.0,21.2,2.18,18.0,672.6,-9999.0,-9999.0,-9999.0,-9999.0,-9999.0,-9999.0,-9999.0,0.0,0,0,"time.struct_time(tm_year=2023, tm_mon=2, tm_mday=1, tm_hour=0, tm_min=7, tm_sec=35, tm_wday=2, tm_yday=32, tm_isdst=-1)",2023-02-01,2023,2,32,1,7,0,BUS03
2023-02-01 00:10:05,40.765209,-111.909683,1288.7,-9999.0,-9999.0,-9999.0,14.09,1.88,-4.49,41.71,5.0,2.0,0.78,18.0,883.0,0.0,21.3,2.18,17.9,672.7,-9999.0,-9999.0,-9999.0,-9999.0,-9999.0,-9999.0,-9999.0,0.0,0,0,"time.struct_time(tm_year=2023, tm_mon=2, tm_mday=1, tm_hour=0, tm_min=10, tm_sec=5, tm_wday=2, tm_yday=32, tm_isdst=-1)",2023-02-01,2023,2,32,1,10,0,BUS03
2023-02-01 00:12:35,40.765209,-111.909691,1288.4,-9999.0,-9999.0,-9999.0,14.09,1.79,-4.71,42.85,5.0,2.0,0.72,18.0,882.9,0.0,21.3,2.17,17.8,672.6,-9999.0,-9999.0,-9999.0,-9999.0,-9999.0,-9999.0,-9999.0,0.0,0,0,"time.struct_time(tm_year=2023, tm_mon=2, tm_mday=1, tm_hour=0, tm_min=12, tm_sec=35, tm_wday=2, tm_yday=32, tm_isdst=-1)",2023-02-01,2023,2,32,1,12,0,BUS03
2023-02-01 00:15:05,40.765209,-111.909691,1288.2,-9999.0,-9999.0,-9999.0,14.08,1.71,-4.76,43.01,6.0,2.0,0.61,18.0,883.1,0.0,22.6,2.18,17.7,672.7,-9999.0,-9999.0,-9999.0,-9999.0,-9999.0,-9999.0,-9999.0,0.0,0,0,"time.struct_time(tm_year=2023, tm_mon=2, tm_mday=1, tm_hour=0, tm_min=15, tm_sec=5, tm_wday=2, tm_yday=32, tm_isdst=-1)",2023-02-01,2023,2,32,1,15,0,BUS03
2023-02-01 00:20:50,40.765205,-111.909691,1287.8,-9999.0,-9999.0,-9999.0,14.09,1.52,-4.92,43.34,5.0,2.0,0.39,19.0,882.9,0.0,15.7,2.17,17.5,672.7,-9999.0,-9999.0,-9999.0,-9999.0,-9999.0,-9999.0,-9999.0,0.0,0,0,"time.struct_time(tm_year=2023, tm_mon=2, tm_mday=1, tm_hour=0, tm_min=20, tm_sec=50, tm_wday=2, tm_yday=32, tm_isdst=-1)",2023-02-01,2023,2,32,1,20,0,BUS03
2023-02-01 00:23:20,40.765205,-111.909691,1287.5,-9999.0,-9999.0,-9999.0,14.09,1.42,-4.98,43.52,6.0,2.0,0.28,19.0,883.2,0.0,16.7,2.17,17.4,672.9,-9999.0,-9999.0,-9999.0,-9999.0,-9999.0,-9999.0,-9999.0,0.0,0,0,"time.struct_time(tm_year=2023, tm_mon=2, tm_mday=1, tm_hour=0, tm_min=23, tm_sec=20, tm_wday=2, tm_yday=32, tm_isdst=-1)",2023-02-01,2023,2,32,1,23,0,BUS03
2023-02-01 00:26:00,40.765198,-111.909698,1287.2,-9999.0,-9999.0,-9999.0,14.09,1.31,-5.16,44.78,5.0,2.0,0.22,19.0,883.1,0.0,24.1,2.18,17.3,672.9,-9999.0,-9999.0,-9999.0,-9999.0,-9999.0,-9999.0,-9999.0,0.0,0,0,"time.struct_time(tm_year=2023, tm_mon=2, tm_mday=1, tm_hour=0, tm_min=26, tm_sec=0, tm_wday=2, tm_yday=32, tm_isdst=-1)",2023-02-01,2023,2,32,1,26,0,BUS03
2023-02-01 00:28:30,40.765194,-111.909698,1287.1,-9999.0,-9999.0,-9999.0,14.13,1.21,-5.42,45.45,6.0,2.0,0.11,19.0,883.3,0.0,9.7,2.17,17.2,672.9,-9999.0,-9999.0,-9999.0,-9999.0,-9999.0,-9999.0,-9999.0,0.0,0,0,"time.struct_time(tm_year=2023, tm_mon=2, tm_mday=1, tm_hour=0, tm_min=28, tm_sec=30, tm_wday=2, tm_yday=32, tm_isdst=-1)",2023-02-01,2023,2,32,1,28,0,BUS03
2023-02-01 00:31:00,40.765186,-111.909698,1286.9,-9999.0,-9999.0,-9999.0,14.13,1.09,-5.76,46.32,5.0,2.0,0.0,19.0,883.2,0.0,26.1,2.18,17.1,673.0,-9999.0,-9999.0,-9999.0,-9999.0,-9999.0,-9999.0,-9999.0,0.0,0,0,"time.struct_time(tm_year=2023, tm_mon=2, tm_mday=1, tm_hour=0, tm_min=31, tm_sec=0, tm_wday=2, tm_yday=32, tm_isdst=-1)",2023-02-01,2023,2,32,1,31,0,BUS03
2023-02-01 00:33:40,40.765182,-111.909698,1286.6,-9999.0,-9999.0,-9999.0,14.12,0.95,-6.07,47.91,6.0,2.0,-0.11,19.0,883.1,0.0,26.1,2.16,17.0,673.0,-9999.0,-9999.0,-9999.0,-9999.0,-9999.0,-9999.0,-9999.0,0.0,0,0,"time.struct_time(tm_year=2023, tm_mon=2, tm_mday=1, tm_hour=0, tm_min=33, tm_sec=40, tm_wday=2, tm_yday=32, tm_isdst=-1)",2023-02-01,2023,2,32,1,33,0,BUS03
2023-02-01 00:36:10,40.765179,-111.909698,1286.3,-9999.0,-9999.0,-9999.0,14.13,0.82,-6.15,48.03,5.0,2.0,-0.28,19.0,883.1,0.0,23.9,2.16,16.9,673.0,-9999.0,-9999.0,-9999.0,-9999.0,-9999.0,-9999.0,-9999.0,0.0,0,0,"time.struct_time(tm_year=2023, tm_mon=2, tm_mday=1, tm_hour=0, tm_min=36, tm_sec=10, tm_wday=2, tm_yday=32, tm_isdst=-1)",2023-02-01,2023,2,32,1,36,0,BUS03
2023-02-01 00:38:40,40.765179,-111.909691,1286.4,-9999.0,-9999.0,-9999.0,14.12,0.69,-6.27,48.49,4.0,2.0,-0.39,19.0,883.3,0.0,24.3,2.16,16.8,673.0,-9999.0,-9999.0,-9999.0,-9999.0,-9999.0,-9999.0,-9999.0,0.0,0,0,"time.struct_time(tm_year=2023, tm_mon=2, tm_mday=1, tm_hour=0, tm_min=38, tm_sec=40, tm_wday=2, tm_yday=32, tm_isdst=-1)",2023-02-01,2023,2,32,1,38,0,BUS03
2023-02-01 00:42:20,40.765179,-111.909683,1286.3,-9999.0,-9999.0,-9999.0,14.13,0.51,-6.51,50.1,5.0,2.0,-0.5,20.0,883.1,0.0,25.5,2.17,16.7,673.1,-9999.0,-9999.0,-9999.0,-9999.0,-9999.0,-9999.0,-9999.0,0.0,0,0,"time.struct_time(tm_year=2023, tm_mon=2, tm_mday=1, tm_hour=0, tm_min=42, tm_sec=20, tm_wday=2, tm_yday=32, tm_isdst=-1)",2023-02-01,2023,2,32,1,42,0,BUS03
2023-02-01 00:44:50,40.765179,-111.909676,1286.2,-9999.0,-9999.0,-9999.0,14.13,0.38,-6.63,50.77,5.0,2.0,-0.61,20.0,883.0,0.0,20.8,2.17,16.6,673.0,-9999.0,-9999.0,-9999.0,-9999.0,-9999.0,-9999.0,-9999.0,0.0,0,0,"time.struct_time(tm_year=2023, tm_mon=2, tm_mday=1, tm_hour=0, tm_min=44, tm_sec=50, tm_wday=2, tm_yday=32, tm_isdst=-1)",2023-02-01,2023,2,32,1,44,0,BUS03
2023-02-01 00:47:20,40.765179,-111.909676,1286.1,-9999.0,-9999.0,-9999.0,14.13,0.26,-6.75,51.55,4.0,2.0,-0.78,20.0,883.1,0.0,25.1,2.17,16.5,673.2,-9999.0,-9999.0,-9999.0,-9999.0,-9999.0,-9999.0,-9999.0,0.0,0,0,"time.struct_time(tm_year=2023, tm_mon=2, tm_mday=1, tm_hour=0, tm_min=47, tm_sec=20, tm_wday=2, tm_yday=32, tm_isdst=-1)",2023-02-01,2023,2,32,1,47,0,BUS03
2023-02-01 00:50:00,40.765182,-111.909668,1285.7,-9999.0,-9999.0,-9999.0,14.12,0.15,-6.8,52.11,6.0,2.0,-0.89,20.0,883.1,0.0,23.3,2.16,16.4,673.2,-9999.0,-9999.0,-9999.0,-9999.0,-9999.0,-9999.0,-9999.0,0.0,0,0,"time.struct_time(tm_year=2023, tm_mon=2, tm_mday=1, tm_hour=0, tm_min=50, tm_sec=0, tm_wday=2, tm_yday=32, tm_isdst=-1)",2023-02-01,2023,2,32,1,50,0,BUS03
2023-02-01 00:52:30,40.765186,-111.90966,1285.3,-9999.0,-9999.0,-9999.0,14.12,0.05,-6.84,52.21,5.0,2.0,-1.0,20.0,883.4,0.0,23.8,2.14,16.3,673.2,-9999.0,-9999.0,-9999.0,-9999.0,-9999.0,-9999.0,-9999.0,0.0,0,0,"time.struct_time(tm_year=2023, tm_mon=2, tm_mday=1, tm_hour=0, tm_min=52, tm_sec=30, tm_wday=2, tm_yday=32, tm_isdst=-1)",2023-02-01,2023,2,32,1,52,0,BUS03
2023-02-01 00:55:00,40.76519,-111.90966,1285.0,-9999.0,-9999.0,-9999.0,14.12,-0.04,-6.88,52.19,6.0,2.0,-1.11,21.0,883.2,0.0,18.4,2.17,16.2,673.2,-9999.0,-9999.0,-9999.0,-9999.0,-9999.0,-9999.0,-9999.0,0.0,0,0,"time.struct_time(tm_year=2023, tm_mon=2, tm_mday=1, tm_hour=0, tm_min=55, tm_sec=0, tm_wday=2, tm_yday=32, tm_isdst=-1)",2023-02-01,2023,2,32,1,55,0,BUS03
2023-02-01 00:57:30,40.76519,-111.90966,1285.0,-9999.0,-9999.0,-9999.0,14.13,-0.14,-6.92,52.13,5.0,2.0,-1.22,21.0,883.4,0.0,24.8,2.15,16.1,673.3,-9999.0,-9999.0,-9999.0,-9999.0,-9999.0,-9999.0,-9999.0,0.0,0,0,"time.struct_time(tm_year=2023, tm_mon=2, tm_mday=1, tm_hour=0, tm_min=57, tm_sec=30, tm_wday=2, tm_yday=32, tm_isdst=-1)",2023-02-01,2023,2,32,1,57,0,BUS03
2023-02-01 01:02:15,40.765194,-111.909668,1285.0,-9999.0,-9999.0,-9999.0,14.13,-0.34,-6.98,52.68,6.0,2.0,-1.39,21.0,883.0,0.0,19.7,2.15,15.9,673.3,-9999.0,-9999.0,-9999.0,-9999.0,-9999.0,-9999.0,-9999.0,0.0,0,0,"time.struct_time(tm_year=2023, tm_mon=2, tm_mday=1, tm_hour=1, tm_min=2, tm_sec=15, tm_wday=2, tm_yday=32, tm_isdst=-1)",2023-02-01,2023,2,32,1,2,1,BUS03
2023-02-01 01:04:45,40.765194,-111.909668,1285.1,-9999.0,-9999.0,-9999.0,14.13,-0.43,-7.0,52.68,5.0,2.0,-1.5,21.0,883.3,0.0,17.9,2.13,15.8,673.4,-9999.0,-9999.0,-9999.0,-9999.0,-9999.0,-9999.0,-9999.0,0.0,0,0,"time.struct_time(tm_year=2023, tm_mon=2, tm_mday=1, tm_hour=1, tm_min=4, tm_sec=45, tm_wday=2, tm_yday=32, tm_isdst=-1)",2023-02-01,2023,2,32,1,4,1,BUS03
2023-02-01 01:07:20,40.765202,-111.909676,1285.2,-9999.0,-9999.0,-9999.0,14.12,-0.53,-7.02,53.03,6.0,2.0,-1.61,21.0,883.1,0.0,19.7,2.14,15.7,673.4,-9999.0,-9999.0,-9999.0,-9999.0,-9999.0,-9999.0,-9999.0,0.0,0,0,"time.struct_time(tm_year=2023, tm_mon=2, tm_mday=1, tm_hour=1, tm_min=7, tm_sec=20, tm_wday=2, tm_yday=32, tm_isdst=-1)",2023-02-01,2023,2,32,1,7,1,BUS03
2023-02-01 01:09:50,40.765202,-111.909683,1285.4,-9999.0,-9999.0,-9999.0,14.13,-0.61,-7.06,53.14,6.0,2.0,-1.72,21.0,883.0,0.0,19.7,2.14,15.6,673.4,-9999.0,-9999.0,-9999.0,-9999.0,-9999.0,-9999.0,-9999.0,0.0,0,0,"time.struct_time(tm_year=2023, tm_mon=2, tm_mday=1, tm_hour=1, tm_min=9, tm_sec=50, tm_wday=2, tm_yday=32, tm_isdst=-1)",2023-02-01,2023,2,32,1,9,1,BUS03
2023-02-01 01:12:20,40.765205,-111.909683,1285.9,-9999.0,-9999.0,-9999.0,14.12,-0.7,-7.16,53.68,6.0,2.0,-1.78,21.0,883.3,0.0,22.5,2.16,15.5,673.3,-9999.0,-9999.0,-9999.0,-9999.0,-9999.0,-9999.0,-9999.0,0.0,0,0,"time.struct_time(tm_year=2023, tm_mon=2, tm_mday=1, tm_hour=1, tm_min=12, tm_sec=20, tm_wday=2, tm_yday=32, tm_isdst=-1)",2023-02-01,2023,2,32,1,12,1,BUS03
2023-02-01 01:14:50,40.765209,-111.909683,1286.1,-9999.0,-9999.0,-9999.0,14.16,-0.8,-7.22,54.28,5.0,2.0,-1.89,22.0,883.0,0.0,17.1,2.14,15.5,673.4,-9999.0,-9999.0,-9999.0,-9999.0,-9999.0,-9999.0,-9999.0,0.0,0,0,"time.struct_time(tm_year=2023, tm_mon=2, tm_mday=1, tm_hour=1, tm_min=14, tm_sec=50, tm_wday=2, tm_yday=32, tm_isdst=-1)",2023-02-01,2023,2,32,1,14,1,BUS03
2023-02-01 01:17:30,40.765213,-111.909683,1286.2,-9999.0,-9999.0,-9999.0,14.16,-0.89,-7.28,54.27,4.0,2.0,-1.89,22.0,883.3,0.0,21.1,2.14,15.4,673.4,-9999.0,-9999.0,-9999.0,-9999.0,-9999.0,-9999.0,-9999.0,0.0,0,0,"time.struct_time(tm_year=2023, tm_mon=2, tm_mday=1, tm_hour=1, tm_min=17, tm_sec=30, tm_wday=2, tm_yday=32, tm_isdst=-1)",2023-02-01,2023,2,32,1,17,1,BUS03
2023-02-01 01:21:05,40.765217,-111.909683,1286.5,-9999.0,-9999.0,-9999.0,14.16,-1.01,-7.38,54.87,6.0,2.0,-2.0,22.0,883.3,0.0,19.4,2.14,15.2,673.4,-9999.0,-9999.0,-9999.0,-9999.0,-9999.0,-9999.0,-9999.0,0.0,0,0,"time.struct_time(tm_year=2023, tm_mon=2, tm_mday=1, tm_hour=1, tm_min=21, tm_sec=5, tm_wday=2, tm_yday=32, tm_isdst=-1)",2023-02-01,2023,2,32,1,21,1,BUS03
2023-02-01 01:23:35,40.765217,-111.909683,1286.4,-9999.0,-9999.0,-9999.0,14.16,-1.09,-7.4,55.55,5.0,2.0,-2.22,22.0,883.0,0.0,19.4,2.14,15.1,673.3,-9999.0,-9999.0,-9999.0,-9999.0,-9999.0,-9999.0,-9999.0,0.0,0,0,"time.struct_time(tm_year=2023, tm_mon=2, tm_mday=1, tm_hour=1, tm_min=23, tm_sec=35, tm_wday=2, tm_yday=32, tm_isdst=-1)",2023-02-01,2023,2,32,1,23,1,BUS03
2023-02-01 01:26:15,40.765213,-111.909683,1286.6,-9999.0,-9999.0,-9999.0,14.16,-1.18,-7.46,55.69,5.0,2.0,-2.22,22.0,883.3,0.0,18.1,2.13,15.0,673.4,-9999.0,-9999.0,-9999.0,-9999.0,-9999.0,-9999.0,-9999.0,0.0,0,0,"time.struct_time(tm_year=2023, tm_mon=2, tm_mday=1, tm_hour=1, tm_min=26, tm_sec=15, tm_wday=2, tm_yday=32, tm_isdst=-1)",2023-02-01,2023,2,32,1,26,1,BUS03
2023-02-01 01:28:45,40.765209,-111.909676,1286.3,-9999.0,-9999.0,-9999.0,14.16,-1.26,-7.44,55.53,6.0,2.0,-2.28,23.0,883.3,0.0,16.7,2.11,14.9,673.5,-9999.0,-9999.0,-9999.0,-9999.0,-9999.0,-9999.0,-9999.0,0.0,0,0,"time.struct_time(tm_year=2023, tm_mon=2, tm_mday=1, tm_hour=1, tm_min=28, tm_sec=45, tm_wday=2, tm_yday=32, tm_isdst=-1)",2023-02-01,2023,2,32,1,28,1,BUS03
2023-02-01 01:31:15,40.765209,-111.909676,1285.8,-9999.0,-9999.0,-9999.0,14.16,-1.33,-7.46,56.15,5.0,2.0,-2.39,23.0,883.2,0.0,14.5,2.13,14.9,673.4,-9999.0,-9999.0,-9999.0,-9999.0,-9999.0,-9999.0,-9999.0,0.0,0,0,"time.struct_time(tm_year=2023, tm_mon=2, tm_mday=1, tm_hour=1, tm_min=31, tm_sec=15, tm_wday=2, tm_yday=32, tm_isdst=-1)",2023-02-01,2023,2,32,1,31,1,BUS03
2023-02-01 01:33:55,40.765209,-111.909668,1285.9,-9999.0,-9999.0,-9999.0,14.16,-1.41,-7.43,56.32,5.0,2.0,-2.5,23.0,883.0,0.0,15.7,2.12,14.8,673.4,-9999.0,-9999.0,-9999.0,-9999.0,-9999.0,-9999.0,-9999.0,0.0,0,0,"time.struct_time(tm_year=2023, tm_mon=2, tm_mday=1, tm_hour=1, tm_min=33, tm_sec=55, tm_wday=2, tm_yday=32, tm_isdst=-1)",2023-02-01,2023,2,32,1,33,1,BUS03
2023-02-01 01:36:25,40.765209,-111.909668,1285.7,-9999.0,-9999.0,-9999.0,14.16,-1.47,-7.48,55.99,4.0,2.0,-2.5,23.0,883.3,0.0,14.7,2.13,14.7,673.4,-9999.0,-9999.0,-9999.0,-9999.0,-9999.0,-9999.0,-9999.0,0.0,0,0,"time.struct_time(tm_year=2023, tm_mon=2, tm_mday=1, tm_hour=1, tm_min=36, tm_sec=25, tm_wday=2, tm_yday=32, tm_isdst=-1)",2023-02-01,2023,2,32,1,36,1,BUS03
2023-02-01 01:38:55,40.765205,-111.909668,1285.9,-9999.0,-9999.0,-9999.0,14.16,-1.53,-7.5,55.9,5.0,2.0,-2.61,23.0,883.1,0.0,12.5,2.13,14.6,673.5,-9999.0,-9999.0,-9999.0,-9999.0,-9999.0,-9999.0,-9999.0,0.0,0,0,"time.struct_time(tm_year=2023, tm_mon=2, tm_mday=1, tm_hour=1, tm_min=38, tm_sec=55, tm_wday=2, tm_yday=32, tm_isdst=-1)",2023-02-01,2023,2,32,1,38,1,BUS03
2023-02-01 01:41:35,40.765205,-111.90966,1286.2,-9999.0,-9999.0,-9999.0,14.16,-1.61,-7.5,55.5,5.0,2.0,-2.61,23.0,883.1,0.0,19.2,2.11,14.5,673.6,-9999.0,-9999.0,-9999.0,-9999.0,-9999.0,-9999.0,-9999.0,0.0,0,0,"time.struct_time(tm_year=2023, tm_mon=2, tm_mday=1, tm_hour=1, tm_min=41, tm_sec=35, tm_wday=2, tm_yday=32, tm_isdst=-1)",2023-02-01,2023,2,32,1,41,1,BUS03
2023-02-01 01:45:15,40.765205,-111.90966,1286.4,-9999.0,-9999.0,-9999.0,14.16,-1.71,-7.56,56.07,5.0,2.0,-2.72,23.0,883.0,0.0,14.0,2.12,14.4,673.5,-9999.0,-9999.0,-9999.0,-9999.0,-9999.0,-9999.0,-9999.0,0.0,0,0,"time.struct_time(tm_year=2023, tm_mon=2, tm_mday=1, tm_hour=1, tm_min=45, tm_sec=15, tm_wday=2, tm_yday=32, tm_isdst=-1)",2023-02-01,2023,2,32,1,45,1,BUS03
2023-02-01 01:47:45,40.765202,-111.909668,1286.4,-9999.0,-9999.0,-9999.0,14.16,-1.76,-7.54,55.69,5.0,2.0,-2.78,23.0,883.3,0.0,16.7,2.12,14.3,673.5,-9999.0,-9999.0,-9999.0,-9999.0,-9999.0,-9999.0,-9999.0,0.0,0,0,"time.struct_time(tm_year=2023, tm_mon=2, tm_mday=1, tm_hour=1, tm_min=47, tm_sec=45, tm_wday=2, tm_yday=32, tm_isdst=-1)",2023-02-01,2023,2,32,1,47,1,BUS03
2023-02-01 01:59:00,40.76519,-111.909668,1286.3,-9999.0,-9999.0,-9999.0,14.16,-1.91,-7.4,54.13,6.0,2.0,-2.78,24.0,883.0,0.0,11.9,2.11,14.1,673.5,-9999.0,-9999.0,-9999.0,-9999.0,-9999.0,-9999.0,-9999.0,0.0,0,0,"time.struct_time(tm_year=2023, tm_mon=2, tm_mday=1, tm_hour=1, tm_min=59, tm_sec=0, tm_wday=2, tm_yday=32, tm_isdst=-1)",2023-02-01,2023,2,32,1,59,1,BUS03
2023-02-01 02:01:30,40.765186,-111.909668,1286.4,-9999.0,-9999.0,-9999.0,14.16,-1.93,-7.4,53.76,5.0,2.0,-2.72,24.0,883.0,0.0,20.9,2.11,14.0,673.5,-9999.0,-9999.0,-9999.0,-9999.0,-9999.0,-9999.0,-9999.0,0.0,0,0,"time.struct_time(tm_year=2023, tm_mon=2, tm_mday=1, tm_hour=2, tm_min=1, tm_sec=30, tm_wday=2, tm_yday=32, tm_isdst=-1)",2023-02-01,2023,2,32,1,1,2,BUS03
2023-02-01 02:04:00,40.765186,-111.909676,1286.5,-9999.0,-9999.0,-9999.0,14.16,-1.94,-7.38,53.32,5.0,2.0,-2.72,24.0,883.3,0.0,20.9,2.12,14.0,673.5,-9999.0,-9999.0,-9999.0,-9999.0,-9999.0,-9999.0,-9999.0,0.0,0,0,"time.struct_time(tm_year=2023, tm_mon=2, tm_mday=1, tm_hour=2, tm_min=4, tm_sec=0, tm_wday=2, tm_yday=32, tm_isdst=-1)",2023-02-01,2023,2,32,1,4,2,BUS03
2023-02-01 02:06:30,40.765186,-111.909676,1286.8,-9999.0,-9999.0,-9999.0,14.16,-1.95,-7.34,53.34,6.0,2.0,-2.72,24.0,883.2,0.0,14.4,2.12,13.9,673.5,-9999.0,-9999.0,-9999.0,-9999.0,-9999.0,-9999.0,-9999.0,0.0,0,0,"time.struct_time(tm_year=2023, tm_mon=2, tm_mday=1, tm_hour=2, tm_min=6, tm_sec=30, tm_wday=2, tm_yday=32, tm_isdst=-1)",2023-02-01,2023,2,32,1,6,2,BUS03
2023-02-01 02:09:10,40.765182,-111.909676,1286.9,-9999.0,-9999.0,-9999.0,14.16,-1.96,-7.3,53.14,7.0,2.0,-2.72,24.0,883.2,0.0,18.2,2.11,13.9,673.4,-9999.0,-9999.0,-9999.0,-9999.0,-9999.0,-9999.0,-9999.0,0.0,0,0,"time.struct_time(tm_year=2023, tm_mon=2, tm_mday=1, tm_hour=2, tm_min=9, tm_sec=10, tm_wday=2, tm_yday=32, tm_isdst=-1)",2023-02-01,2023,2,32,1,9,2,BUS03
2023-02-01 02:11:40,40.765182,-111.909676,1287.0,-9999.0,-9999.0,-9999.0,14.16,-1.96,-7.36,52.88,5.0,2.0,-2.72,24.0,882.9,0.0,16.6,2.1,13.9,673.4,-9999.0,-9999.0,-9999.0,-9999.0,-9999.0,-9999.0,-9999.0,0.0,0,0,"time.struct_time(tm_year=2023, tm_mon=2, tm_mday=1, tm_hour=2, tm_min=11, tm_sec=40, tm_wday=2, tm_yday=32, tm_isdst=-1)",2023-02-01,2023,2,32,1,11,2,BUS03
2023-02-01 02:14:10,40.765182,-111.909683,1287.4,-9999.0,-9999.0,-9999.0,14.16,-1.97,-7.38,53.61,6.0,2.0,-2.61,24.0,883.2,0.0,9.6,2.12,13.8,673.4,-9999.0,-9999.0,-9999.0,-9999.0,-9999.0,-9999.0,-9999.0,0.0,0,0,"time.struct_time(tm_year=2023, tm_mon=2, tm_mday=1, tm_hour=2, tm_min=14, tm_sec=10, tm_wday=2, tm_yday=32, tm_isdst=-1)",2023-02-01,2023,2,32,1,14,2,BUS03
2023-02-01 02:19:55,40.765186,-111.909691,1288.3,-9999.0,-9999.0,-9999.0,14.16,-1.97,-7.48,52.94,6.0,2.0,-2.61,24.0,882.9,0.0,15.0,2.12,13.8,673.5,-9999.0,-9999.0,-9999.0,-9999.0,-9999.0,-9999.0,-9999.0,0.0,0,0,"time.struct_time(tm_year=2023, tm_mon=2, tm_mday=1, tm_hour=2, tm_min=19, tm_sec=55, tm_wday=2, tm_yday=32, tm_isdst=-1)",2023-02-01,2023,2,32,1,19,2,BUS03
2023-02-01 02:22:25,40.76519,-111.909698,1288.7,-9999.0,-9999.0,-9999.0,14.16,-1.97,-7.42,53.02,6.0,2.0,-2.61,24.0,883.1,0.0,14.9,2.11,13.8,673.5,-9999.0,-9999.0,-9999.0,-9999.0,-9999.0,-9999.0,-9999.0,0.0,0,0,"time.struct_time(tm_year=2023, tm_mon=2, tm_mday=1, tm_hour=2, tm_min=22, tm_sec=25, tm_wday=2, tm_yday=32, tm_isdst=-1)",2023-02-01,2023,2,32,1,22,2,BUS03
2023-02-01 02:25:05,40.765194,-111.909698,1288.8,-9999.0,-9999.0,-9999.0,14.16,-1.97,-7.36,51.87,5.0,2.0,-2.61,24.0,883.4,0.0,19.4,2.11,13.7,673.4,-9999.0,-9999.0,-9999.0,-9999.0,-9999.0,-9999.0,-9999.0,0.0,0,0,"time.struct_time(tm_year=2023, tm_mon=2, tm_mday=1, tm_hour=2, tm_min=25, tm_sec=5, tm_wday=2, tm_yday=32, tm_isdst=-1)",2023-02-01,2023,2,32,1,25,2,BUS03
2023-02-01 02:27:35,40.765198,-111.909698,1288.7,-9999.0,-9999.0,-9999.0,14.16,-1.97,-7.24,52.01,6.0,2.0,-2.61,24.0,883.2,0.0,17.1,2.1,13.7,673.5,-9999.0,-9999.0,-9999.0,-9999.0,-9999.0,-9999.0,-9999.0,0.0,0,0,"time.struct_time(tm_year=2023, tm_mon=2, tm_mday=1, tm_hour=2, tm_min=27, tm_sec=35, tm_wday=2, tm_yday=32, tm_isdst=-1)",2023-02-01,2023,2,32,1,27,2,BUS03
2023-02-01 02:30:05,40.765198,-111.909698,1288.6,-9999.0,-9999.0,-9999.0,14.16,-1.96,-7.2,51.37,5.0,2.0,-2.5,24.0,883.1,0.0,19.4,2.12,13.7,673.5,-9999.0,-9999.0,-9999.0,-9999.0,-9999.0,-9999.0,-9999.0,0.0,0,0,"time.struct_time(tm_year=2023, tm_mon=2, tm_mday=1, tm_hour=2, tm_min=30, tm_sec=5, tm_wday=2, tm_yday=32, tm_isdst=-1)",2023-02-01,2023,2,32,1,30,2,BUS03
2023-02-01 02:32:45,40.765202,-111.909691,1288.6,-9999.0,-9999.0,-9999.0,14.16,-1.96,-7.07,51.17,6.0,2.0,-2.5,24.0,883.2,0.0,20.0,2.11,13.7,673.6,-9999.0,-9999.0,-9999.0,-9999.0,-9999.0,-9999.0,-9999.0,0.0,0,0,"time.struct_time(tm_year=2023, tm_mon=2, tm_mday=1, tm_hour=2, tm_min=32, tm_sec=45, tm_wday=2, tm_yday=32, tm_isdst=-1)",2023-02-01,2023,2,32,1,32,2,BUS03
2023-02-01 02:35:15,40.765202,-111.909698,1288.6,-9999.0,-9999.0,-9999.0,14.16,-1.96,-6.99,50.89,7.0,2.0,-2.5,24.0,883.2,0.0,15.7,2.1,13.7,673.5,-9999.0,-9999.0,-9999.0,-9999.0,-9999.0,-9999.0,-9999.0,0.0,0,0,"time.struct_time(tm_year=2023, tm_mon=2, tm_mday=1, tm_hour=2, tm_min=35, tm_sec=15, tm_wday=2, tm_yday=32, tm_isdst=-1)",2023-02-01,2023,2,32,1,35,2,BUS03
2023-02-01 02:37:45,40.765202,-111.909698,1288.8,-9999.0,-9999.0,-9999.0,14.16,-1.95,-6.91,50.14,5.0,2.0,-2.5,24.0,883.1,0.0,16.9,2.12,13.7,673.5,-9999.0,-9999.0,-9999.0,-9999.0,-9999.0,-9999.0,-9999.0,0.0,0,0,"time.struct_time(tm_year=2023, tm_mon=2, tm_mday=1, tm_hour=2, tm_min=37, tm_sec=45, tm_wday=2, tm_yday=32, tm_isdst=-1)",2023-02-01,2023,2,32,1,37,2,BUS03
2023-02-01 02:40:15,40.765202,-111.909691,1289.0,-9999.0,-9999.0,-9999.0,14.16,-1.94,-6.85,49.96,5.0,2.0,-2.5,24.0,883.1,0.0,19.7,2.11,13.7,673.5,-9999.0,-9999.0,-9999.0,-9999.0,-9999.0,-9999.0,-9999.0,0.0,0,0,"time.struct_time(tm_year=2023, tm_mon=2, tm_mday=1, tm_hour=2, tm_min=40, tm_sec=15, tm_wday=2, tm_yday=32, tm_isdst=-1)",2023-02-01,2023,2,32,1,40,2,BUS03
2023-02-01 02:42:55,40.765205,-111.909691,1289.0,-9999.0,-9999.0,-9999.0,14.16,-1.94,-6.83,49.72,6.0,2.0,-2.5,24.0,883.2,0.0,20.9,2.1,13.7,673.4,-9999.0,-9999.0,-9999.0,-9999.0,-9999.0,-9999.0,-9999.0,0.0,0,0,"time.struct_time(tm_year=2023, tm_mon=2, tm_mday=1, tm_hour=2, tm_min=42, tm_sec=55, tm_wday=2, tm_yday=32, tm_isdst=-1)",2023-02-01,2023,2,32,1,42,2,BUS03
2023-02-01 02:46:35,40.765205,-111.909691,1289.2,-9999.0,-9999.0,-9999.0,14.16,-1.92,-6.79,49.92,6.0,2.0,-2.5,24.0,883.3,0.0,16.5,2.12,13.7,673.5,-9999.0,-9999.0,-9999.0,-9999.0,-9999.0,-9999.0,-9999.0,0.0,0,0,"time.struct_time(tm_year=2023, tm_mon=2, tm_mday=1, tm_hour=2, tm_min=46, tm_sec=35, tm_wday=2, tm_yday=32, tm_isdst=-1)",2023-02-01,2023,2,32,1,46,2,BUS03
2023-02-01 02:49:05,40.765209,-111.909683,1289.4,-9999.0,-9999.0,-9999.0,14.16,-1.91,-6.69,49.44,6.0,2.0,-2.5,24.0,883.2,0.0,19.3,2.11,13.7,673.5,-9999.0,-9999.0,-9999.0,-9999.0,-9999.0,-9999.0,-9999.0,0.0,0,0,"time.struct_time(tm_year=2023, tm_mon=2, tm_mday=1, tm_hour=2, tm_min=49, tm_sec=5, tm_wday=2, tm_yday=32, tm_isdst=-1)",2023-02-01,2023,2,32,1,49,2,BUS03
2023-02-01 02:51:45,40.765209,-111.909683,1289.5,-9999.0,-9999.0,-9999.0,14.16,-1.9,-6.65,49.3,7.0,2.0,-2.5,24.0,883.1,0.0,20.6,2.11,13.7,673.5,-9999.0,-9999.0,-9999.0,-9999.0,-9999.0,-9999.0,-9999.0,0.0,0,0,"time.struct_time(tm_year=2023, tm_mon=2, tm_mday=1, tm_hour=2, tm_min=51, tm_sec=45, tm_wday=2, tm_yday=32, tm_isdst=-1)",2023-02-01,2023,2,32,1,51,2,BUS03
2023-02-01 02:54:15,40.765209,-111.909683,1289.5,-9999.0,-9999.0,-9999.0,14.16,-1.89,-6.65,49.14,6.0,2.0,-2.5,24.0,883.1,0.0,18.6,2.12,13.7,673.5,-9999.0,-9999.0,-9999.0,-9999.0,-9999.0,-9999.0,-9999.0,0.0,0,0,"time.struct_time(tm_year=2023, tm_mon=2, tm_mday=1, tm_hour=2, tm_min=54, tm_sec=15, tm_wday=2, tm_yday=32, tm_isdst=-1)",2023-02-01,2023,2,32,1,54,2,BUS03
2023-02-01 02:56:45,40.765213,-111.909683,1289.7,-9999.0,-9999.0,-9999.0,14.16,-1.88,-6.63,49.5,6.0,2.0,-2.39,24.0,883.1,0.0,15.3,2.11,13.7,673.4,-9999.0,-9999.0,-9999.0,-9999.0,-9999.0,-9999.0,-9999.0,0.0,0,0,"time.struct_time(tm_year=2023, tm_mon=2, tm_mday=1, tm_hour=2, tm_min=56, tm_sec=45, tm_wday=2, tm_yday=32, tm_isdst=-1)",2023-02-01,2023,2,32,1,56,2,BUS03
2023-02-01 02:59:25,40.765213,-111.909691,1289.9,-9999.0,-9999.0,-9999.0,14.16,-1.87,-6.65,50.07,6.0,2.0,-2.5,24.0,883.1,0.0,16.1,2.12,13.7,673.5,-9999.0,-9999.0,-9999.0,-9999.0,-9999.0,-9999.0,-9999.0,0.0,0,0,"time.struct_time(tm_year=2023, tm_mon=2, tm_mday=1, tm_hour=2, tm_min=59, tm_sec=25, tm_wday=2, tm_yday=32, tm_isdst=-1)",2023-02-01,2023,2,32,1,59,2,BUS03
2023-02-01 03:01:55,40.765209,-111.909691,1290.1,-9999.0,-9999.0,-9999.0,14.16,-1.86,-6.67,50.14,5.0,2.0,-2.5,25.0,883.3,0.0,18.3,2.11,13.7,673.5,-9999.0,-9999.0,-9999.0,-9999.0,-9999.0,-9999.0,-9999.0,0.0,0,0,"time.struct_time(tm_year=2023, tm_mon=2, tm_mday=1, tm_hour=3, tm_min=1, tm_sec=55, tm_wday=2, tm_yday=32, tm_isdst=-1)",2023-02-01,2023,2,32,1,1,3,BUS03
2023-02-01 03:04:25,40.765202,-111.909683,1290.1,-9999.0,-9999.0,-9999.0,14.16,-1.85,-6.71,49.89,7.0,2.0,-2.5,24.0,883.3,0.0,16.9,2.1,13.7,673.4,-9999.0,-9999.0,-9999.0,-9999.0,-9999.0,-9999.0,-9999.0,0.0,0,0,"time.struct_time(tm_year=2023, tm_mon=2, tm_mday=1, tm_hour=3, tm_min=4, tm_sec=25, tm_wday=2, tm_yday=32, tm_isdst=-1)",2023-02-01,2023,2,32,1,4,3,BUS03
2023-02-01 03:07:05,40.765198,-111.909683,1290.0,-9999.0,-9999.0,-9999.0,14.16,-1.84,-6.66,50.1,6.0,2.0,-2.39,25.0,883.2,0.0,18.3,2.11,13.7,673.4,-9999.0,-9999.0,-9999.0,-9999.0,-9999.0,-9999.0,-9999.0,0.0,0,0,"time.struct_time(tm_year=2023, tm_mon=2, tm_mday=1, tm_hour=3, tm_min=7, tm_sec=5, tm_wday=2, tm_yday=32, tm_isdst=-1)",2023-02-01,2023,2,32,1,7,3,BUS03
2023-02-01 03:09:35,40.765198,-111.909683,1290.3,-9999.0,-9999.0,-9999.0,14.16,-1.84,-6.65,50.22,5.0,2.0,-2.39,25.0,883.2,0.0,14.5,2.13,13.7,673.3,-9999.0,-9999.0,-9999.0,-9999.0,-9999.0,-9999.0,-9999.0,0.0,0,0,"time.struct_time(tm_year=2023, tm_mon=2, tm_mday=1, tm_hour=3, tm_min=9, tm_sec=35, tm_wday=2, tm_yday=32, tm_isdst=-1)",2023-02-01,2023,2,32,1,9,3,BUS03
2023-02-01 03:12:05,40.765198,-111.909683,1290.1,-9999.0,-9999.0,-9999.0,14.16,-1.83,-6.65,50.57,8.0,2.0,-2.39,25.0,882.9,0.0,12.2,2.11,13.7,673.3,-9999.0,-9999.0,-9999.0,-9999.0,-9999.0,-9999.0,-9999.0,0.0,0,0,"time.struct_time(tm_year=2023, tm_mon=2, tm_mday=1, tm_hour=3, tm_min=12, tm_sec=5, tm_wday=2, tm_yday=32, tm_isdst=-1)",2023-02-01,2023,2,32,1,12,3,BUS03
2023-02-01 03:14:35,40.765198,-111.909676,1289.9,-9999.0,-9999.0,-9999.0,14.16,-1.82,-6.63,49.84,6.0,2.0,-2.28,25.0,883.2,0.0,15.5,2.1,13.7,673.2,-9999.0,-9999.0,-9999.0,-9999.0,-9999.0,-9999.0,-9999.0,0.0,0,0,"time.struct_time(tm_year=2023, tm_mon=2, tm_mday=1, tm_hour=3, tm_min=14, tm_sec=35, tm_wday=2, tm_yday=32, tm_isdst=-1)",2023-02-01,2023,2,32,1,14,3,BUS03
2023-02-01 03:17:15,40.765202,-111.909676,1289.7,-9999.0,-9999.0,-9999.0,14.16,-1.8,-6.59,49.7,5.0,2.0,-2.28,25.0,883.0,0.0,17.7,2.11,13.7,673.3,-9999.0,-9999.0,-9999.0,-9999.0,-9999.0,-9999.0,-9999.0,0.0,0,0,"time.struct_time(tm_year=2023, tm_mon=2, tm_mday=1, tm_hour=3, tm_min=17, tm_sec=15, tm_wday=2, tm_yday=32, tm_isdst=-1)",2023-02-01,2023,2,32,1,17,3,BUS03
2023-02-01 03:19:45,40.765198,-111.909668,1289.7,-9999.0,-9999.0,-9999.0,14.16,-1.79,-6.61,50.0,6.0,2.0,-2.28,25.0,882.9,0.0,12.9,2.1,13.7,673.5,-9999.0,-9999.0,-9999.0,-9999.0,-9999.0,-9999.0,-9999.0,0.0,0,0,"time.struct_time(tm_year=2023, tm_mon=2, tm_mday=1, tm_hour=3, tm_min=19, tm_sec=45, tm_wday=2, tm_yday=32, tm_isdst=-1)",2023-02-01,2023,2,32,1,19,3,BUS03
2023-02-01 03:22:15,40.765198,-111.909668,1289.8,-9999.0,-9999.0,-9999.0,14.16,-1.78,-6.75,51.07,7.0,2.0,-2.22,25.0,883.3,0.0,12.9,2.1,13.7,673.3,-9999.0,-9999.0,-9999.0,-9999.0,-9999.0,-9999.0,-9999.0,0.0,0,0,"time.struct_time(tm_year=2023, tm_mon=2, tm_mday=1, tm_hour=3, tm_min=22, tm_sec=15, tm_wday=2, tm_yday=32, tm_isdst=-1)",2023-02-01,2023,2,32,1,22,3,BUS03
2023-02-01 03:24:55,40.765194,-111.909668,1289.9,-9999.0,-9999.0,-9999.0,14.16,-1.77,-6.78,50.73,7.0,2.0,-2.22,25.0,883.0,0.0,11.7,2.11,13.7,673.4,-9999.0,-9999.0,-9999.0,-9999.0,-9999.0,-9999.0,-9999.0,0.0,0,0,"time.struct_time(tm_year=2023, tm_mon=2, tm_mday=1, tm_hour=3, tm_min=24, tm_sec=55, tm_wday=2, tm_yday=32, tm_isdst=-1)",2023-02-01,2023,2,32,1,24,3,BUS03
2023-02-01 03:27:25,40.765194,-111.909676,1289.7,-9999.0,-9999.0,-9999.0,14.16,-1.76,-6.83,51.28,6.0,2.0,-2.22,25.0,883.1,0.0,9.5,2.11,13.7,673.4,-9999.0,-9999.0,-9999.0,-9999.0,-9999.0,-9999.0,-9999.0,0.0,0,0,"time.struct_time(tm_year=2023, tm_mon=2, tm_mday=1, tm_hour=3, tm_min=27, tm_sec=25, tm_wday=2, tm_yday=32, tm_isdst=-1)",2023-02-01,2023,2,32,1,27,3,BUS03
2023-02-01 03:29:55,40.765194,-111.909676,1289.4,-9999.0,-9999.0,-9999.0,14.16,-1.75,-6.87,52.08,6.0,2.0,-2.22,25.0,882.9,0.0,12.8,2.11,13.7,673.3,-9999.0,-9999.0,-9999.0,-9999.0,-9999.0,-9999.0,-9999.0,0.0,0,0,"time.struct_time(tm_year=2023, tm_mon=2, tm_mday=1, tm_hour=3, tm_min=29, tm_sec=55, tm_wday=2, tm_yday=32, tm_isdst=-1)",2023-02-01,2023,2,32,1,29,3,BUS03
2023-02-01 03:32:25,40.76519,-111.909676,1289.0,-9999.0,-9999.0,-9999.0,14.16,-1.73,-6.89,53.1,8.0,2.0,-2.22,25.0,883.0,0.0,3.4,2.11,13.8,673.3,-9999.0,-9999.0,-9999.0,-9999.0,-9999.0,-9999.0,-9999.0,0.0,0,0,"time.struct_time(tm_year=2023, tm_mon=2, tm_mday=1, tm_hour=3, tm_min=32, tm_sec=25, tm_wday=2, tm_yday=32, tm_isdst=-1)",2023-02-01,2023,2,32,1,32,3,BUS03
2023-02-01 03:35:05,40.76519,-111.909683,1288.9,-9999.0,-9999.0,-9999.0,14.16,-1.71,-6.87,52.77,6.0,2.0,-2.11,25.0,882.9,0.0,10.8,2.12,13.8,673.3,-9999.0,-9999.0,-9999.0,-9999.0,-9999.0,-9999.0,-9999.0,0.0,0,0,"time.struct_time(tm_year=2023, tm_mon=2, tm_mday=1, tm_hour=3, tm_min=35, tm_sec=5, tm_wday=2, tm_yday=32, tm_isdst=-1)",2023-02-01,2023,2,32,1,35,3,BUS03
2023-02-01 03:37:35,40.765194,-111.909683,1288.8,-9999.0,-9999.0,-9999.0,14.16,-1.69,-6.89,52.42,7.0,2.0,-2.22,25.0,883.0,0.0,9.1,2.12,13.8,673.2,-9999.0,-9999.0,-9999.0,-9999.0,-9999.0,-9999.0,-9999.0,0.0,0,0,"time.struct_time(tm_year=2023, tm_mon=2, tm_mday=1, tm_hour=3, tm_min=37, tm_sec=35, tm_wday=2, tm_yday=32, tm_isdst=-1)",2023-02-01,2023,2,32,1,37,3,BUS03
2023-02-01 03:40:05,40.765198,-111.909683,1288.8,-9999.0,-9999.0,-9999.0,14.16,-1.67,-6.89,52.78,6.0,2.0,-2.11,25.0,883.1,0.0,9.6,2.11,13.8,673.3,-9999.0,-9999.0,-9999.0,-9999.0,-9999.0,-9999.0,-9999.0,0.0,0,0,"time.struct_time(tm_year=2023, tm_mon=2, tm_mday=1, tm_hour=3, tm_min=40, tm_sec=5, tm_wday=2, tm_yday=32, tm_isdst=-1)",2023-02-01,2023,2,32,1,40,3,BUS03
2023-02-01 03:42:45,40.765202,-111.909691,1288.7,-9999.0,-9999.0,-9999.0,14.16,-1.66,-6.95,53.0,7.0,2.0,-2.11,25.0,883.2,0.0,12.8,2.11,13.8,673.3,-9999.0,-9999.0,-9999.0,-9999.0,-9999.0,-9999.0,-9999.0,0.0,0,0,"time.struct_time(tm_year=2023, tm_mon=2, tm_mday=1, tm_hour=3, tm_min=42, tm_sec=45, tm_wday=2, tm_yday=32, tm_isdst=-1)",2023-02-01,2023,2,32,1,42,3,BUS03
2023-02-01 03:46:25,40.765205,-111.909691,1288.8,-9999.0,-9999.0,-9999.0,14.16,-1.63,-6.95,53.84,10.0,2.0,-2.0,25.0,883.0,0.0,8.6,2.12,13.8,673.3,-9999.0,-9999.0,-9999.0,-9999.0,-9999.0,-9999.0,-9999.0,0.0,0,0,"time.struct_time(tm_year=2023, tm_mon=2, tm_mday=1, tm_hour=3, tm_min=46, tm_sec=25, tm_wday=2, tm_yday=32, tm_isdst=-1)",2023-02-01,2023,2,32,1,46,3,BUS03
2023-02-01 03:48:55,40.765213,-111.909698,1288.7,-9999.0,-9999.0,-9999.0,14.16,-1.62,-6.94,53.75,9.0,2.0,-2.0,26.0,882.9,0.0,10.2,2.1,13.9,673.2,-9999.0,-9999.0,-9999.0,-9999.0,-9999.0,-9999.0,-9999.0,0.0,0,0,"time.struct_time(tm_year=2023, tm_mon=2, tm_mday=1, tm_hour=3, tm_min=48, tm_sec=55, tm_wday=2, tm_yday=32, tm_isdst=-1)",2023-02-01,2023,2,32,1,48,3,BUS03
2023-02-01 04:00:10,40.765217,-111.909714,1290.3,-9999.0,-9999.0,-9999.0,14.16,-1.56,-6.97,54.97,7.0,2.0,-2.0,26.0,883.0,0.0,9.3,2.12,13.9,673.2,-9999.0,-9999.0,-9999.0,-9999.0,-9999.0,-9999.0,-9999.0,0.0,0,0,"time.struct_time(tm_year=2023, tm_mon=2, tm_mday=1, tm_hour=4, tm_min=0, tm_sec=10, tm_wday=2, tm_yday=32, tm_isdst=-1)",2023-02-01,2023,2,32,1,0,4,BUS03
2023-02-01 04:02:40,40.765217,-111.909721,1291.0,-9999.0,-9999.0,-9999.0,14.16,-1.55,-6.97,54.52,8.0,2.0,-2.0,26.0,882.9,0.0,3.3,2.13,14.0,673.4,-9999.0,-9999.0,-9999.0,-9999.0,-9999.0,-9999.0,-9999.0,0.0,0,0,"time.struct_time(tm_year=2023, tm_mon=2, tm_mday=1, tm_hour=4, tm_min=2, tm_sec=40, tm_wday=2, tm_yday=32, tm_isdst=-1)",2023-02-01,2023,2,32,1,2,4,BUS03
2023-02-01 04:05:10,40.765217,-111.909714,1291.1,-9999.0,-9999.0,-9999.0,14.16,-1.54,-6.95,54.18,8.0,2.0,-1.89,26.0,883.1,0.0,9.3,2.12,14.0,673.2,-9999.0,-9999.0,-9999.0,-9999.0,-9999.0,-9999.0,-9999.0,0.0,0,0,"time.struct_time(tm_year=2023, tm_mon=2, tm_mday=1, tm_hour=4, tm_min=5, tm_sec=10, tm_wday=2, tm_yday=32, tm_isdst=-1)",2023-02-01,2023,2,32,1,5,4,BUS03
2023-02-01 04:07:50,40.765213,-111.909714,1291.3,-9999.0,-9999.0,-9999.0,14.16,-1.53,-6.88,54.55,8.0,2.0,-1.89,26.0,882.9,0.0,6.5,2.11,14.0,673.2,-9999.0,-9999.0,-9999.0,-9999.0,-9999.0,-9999.0,-9999.0,0.0,0,0,"time.struct_time(tm_year=2023, tm_mon=2, tm_mday=1, tm_hour=4, tm_min=7, tm_sec=50, tm_wday=2, tm_yday=32, tm_isdst=-1)",2023-02-01,2023,2,32,1,7,4,BUS03
2023-02-01 04:10:20,40.765209,-111.909714,1291.5,-9999.0,-9999.0,-9999.0,14.16,-1.52,-6.87,54.31,7.0,2.0,-1.89,26.0,882.9,0.0,11.0,2.12,14.0,673.3,-9999.0,-9999.0,-9999.0,-9999.0,-9999.0,-9999.0,-9999.0,0.0,0,0,"time.struct_time(tm_year=2023, tm_mon=2, tm_mday=1, tm_hour=4, tm_min=10, tm_sec=20, tm_wday=2, tm_yday=32, tm_isdst=-1)",2023-02-01,2023,2,32,1,10,4,BUS03
2023-02-01 04:12:50,40.765202,-111.909721,1291.6,-9999.0,-9999.0,-9999.0,14.16,-1.51,-6.83,53.97,7.0,2.0,-1.89,26.0,882.8,0.0,7.0,2.12,14.0,673.2,-9999.0,-9999.0,-9999.0,-9999.0,-9999.0,-9999.0,-9999.0,0.0,0,0,"time.struct_time(tm_year=2023, tm_mon=2, tm_mday=1, tm_hour=4, tm_min=12, tm_sec=50, tm_wday=2, tm_yday=32, tm_isdst=-1)",2023-02-01,2023,2,32,1,12,4,BUS03
2023-02-01 04:15:20,40.765198,-111.909721,1291.2,-9999.0,-9999.0,-9999.0,14.16,-1.5,-6.81,54.31,7.0,2.0,-1.89,26.0,882.8,0.0,11.1,2.12,14.0,673.2,-9999.0,-9999.0,-9999.0,-9999.0,-9999.0,-9999.0,-9999.0,0.0,0,0,"time.struct_time(tm_year=2023, tm_mon=2, tm_mday=1, tm_hour=4, tm_min=15, tm_sec=20, tm_wday=2, tm_yday=32, tm_isdst=-1)",2023-02-01,2023,2,32,1,15,4,BUS03
2023-02-01 04:21:05,40.76519,-111.909714,1290.6,-9999.0,-9999.0,-9999.0,14.16,-1.48,-6.77,53.93,8.0,2.0,-1.89,26.0,882.8,0.0,6.9,2.1,14.0,673.3,-9999.0,-9999.0,-9999.0,-9999.0,-9999.0,-9999.0,-9999.0,0.0,0,0,"time.struct_time(tm_year=2023, tm_mon=2, tm_mday=1, tm_hour=4, tm_min=21, tm_sec=5, tm_wday=2, tm_yday=32, tm_isdst=-1)",2023-02-01,2023,2,32,1,21,4,BUS03
2023-02-01 04:23:35,40.765182,-111.909714,1290.3,-9999.0,-9999.0,-9999.0,14.16,-1.47,-6.73,54.27,9.0,2.0,-1.78,26.0,882.9,0.0,7.1,2.12,14.0,673.4,-9999.0,-9999.0,-9999.0,-9999.0,-9999.0,-9999.0,-9999.0,0.0,0,0,"time.struct_time(tm_year=2023, tm_mon=2, tm_mday=1, tm_hour=4, tm_min=23, tm_sec=35, tm_wday=2, tm_yday=32, tm_isdst=-1)",2023-02-01,2023,2,32,1,23,4,BUS03
2023-02-01 04:26:15,40.765179,-111.909706,1290.2,-9999.0,-9999.0,-9999.0,14.16,-1.45,-6.73,53.54,8.0,2.0,-1.78,26.0,882.9,0.0,9.8,2.11,14.1,673.4,-9999.0,-9999.0,-9999.0,-9999.0,-9999.0,-9999.0,-9999.0,0.0,0,0,"time.struct_time(tm_year=2023, tm_mon=2, tm_mday=1, tm_hour=4, tm_min=26, tm_sec=15, tm_wday=2, tm_yday=32, tm_isdst=-1)",2023-02-01,2023,2,32,1,26,4,BUS03
2023-02-01 04:28:45,40.765179,-111.909706,1290.1,-9999.0,-9999.0,-9999.0,14.16,-1.44,-6.73,53.73,9.0,2.0,-1.78,26.0,882.9,0.0,5.2,2.12,14.1,673.4,-9999.0,-9999.0,-9999.0,-9999.0,-9999.0,-9999.0,-9999.0,0.0,0,0,"time.struct_time(tm_year=2023, tm_mon=2, tm_mday=1, tm_hour=4, tm_min=28, tm_sec=45, tm_wday=2, tm_yday=32, tm_isdst=-1)",2023-02-01,2023,2,32,1,28,4,BUS03
2023-02-01 04:31:15,40.765179,-111.909698,1290.1,-9999.0,-9999.0,-9999.0,14.16,-1.44,-6.77,53.83,9.0,2.0,-1.78,26.0,883.0,0.0,7.0,2.11,14.1,673.3,-9999.0,-9999.0,-9999.0,-9999.0,-9999.0,-9999.0,-9999.0,0.0,0,0,"time.struct_time(tm_year=2023, tm_mon=2, tm_mday=1, tm_hour=4, tm_min=31, tm_sec=15, tm_wday=2, tm_yday=32, tm_isdst=-1)",2023-02-01,2023,2,32,1,31,4,BUS03
2023-02-01 04:33:55,40.765179,-111.909698,1290.1,-9999.0,-9999.0,-9999.0,14.16,-1.43,-6.77,54.05,7.0,2.0,-1.78,26.0,882.9,0.0,8.9,2.11,14.1,673.4,-9999.0,-9999.0,-9999.0,-9999.0,-9999.0,-9999.0,-9999.0,0.0,0,0,"time.struct_time(tm_year=2023, tm_mon=2, tm_mday=1, tm_hour=4, tm_min=33, tm_sec=55, tm_wday=2, tm_yday=32, tm_isdst=-1)",2023-02-01,2023,2,32,1,33,4,BUS03
2023-02-01 04:36:25,40.765182,-111.909698,1290.1,-9999.0,-9999.0,-9999.0,14.16,-1.43,-6.77,54.59,7.0,2.0,-1.78,26.0,883.0,0.0,8.4,2.1,14.1,673.4,-9999.0,-9999.0,-9999.0,-9999.0,-9999.0,-9999.0,-9999.0,0.0,0,0,"time.struct_time(tm_year=2023, tm_mon=2, tm_mday=1, tm_hour=4, tm_min=36, tm_sec=25, tm_wday=2, tm_yday=32, tm_isdst=-1)",2023-02-01,2023,2,32,1,36,4,BUS03
2023-02-01 04:38:55,40.765182,-111.909691,1290.5,-9999.0,-9999.0,-9999.0,14.16,-1.42,-6.75,53.87,8.0,2.0,-1.78,26.0,883.1,0.0,6.2,2.13,14.1,673.4,-9999.0,-9999.0,-9999.0,-9999.0,-9999.0,-9999.0,-9999.0,0.0,0,0,"time.struct_time(tm_year=2023, tm_mon=2, tm_mday=1, tm_hour=4, tm_min=38, tm_sec=55, tm_wday=2, tm_yday=32, tm_isdst=-1)",2023-02-01,2023,2,32,1,38,4,BUS03
2023-02-01 04:41:35,40.765186,-111.909691,1290.5,-9999.0,-9999.0,-9999.0,14.16,-1.42,-6.69,54.47,8.0,2.0,-1.78,26.0,882.9,0.0,6.2,2.11,14.1,673.4,-9999.0,-9999.0,-9999.0,-9999.0,-9999.0,-9999.0,-9999.0,0.0,0,0,"time.struct_time(tm_year=2023, tm_mon=2, tm_mday=1, tm_hour=4, tm_min=41, tm_sec=35, tm_wday=2, tm_yday=32, tm_isdst=-1)",2023-02-01,2023,2,32,1,41,4,BUS03
2023-02-01 04:44:05,40.765194,-111.909691,1290.3,-9999.0,-9999.0,-9999.0,14.16,-1.41,-6.65,53.92,9.0,2.0,-1.72,26.0,883.0,0.0,5.6,2.11,14.1,673.5,-9999.0,-9999.0,-9999.0,-9999.0,-9999.0,-9999.0,-9999.0,0.0,0,0,"time.struct_time(tm_year=2023, tm_mon=2, tm_mday=1, tm_hour=4, tm_min=44, tm_sec=5, tm_wday=2, tm_yday=32, tm_isdst=-1)",2023-02-01,2023,2,32,1,44,4,BUS03
2023-02-01 04:47:40,40.765198,-111.909691,1290.0,-9999.0,-9999.0,-9999.0,14.16,-1.4,-6.55,53.22,8.0,2.0,-1.72,26.0,883.2,0.0,4.0,2.12,14.1,673.5,-9999.0,-9999.0,-9999.0,-9999.0,-9999.0,-9999.0,-9999.0,0.0,0,0,"time.struct_time(tm_year=2023, tm_mon=2, tm_mday=1, tm_hour=4, tm_min=47, tm_sec=40, tm_wday=2, tm_yday=32, tm_isdst=-1)",2023-02-01,2023,2,32,1,47,4,BUS03
2023-02-01 04:50:20,40.765198,-111.909691,1289.9,-9999.0,-9999.0,-9999.0,14.16,-1.39,-6.63,52.86,9.0,2.0,-1.72,26.0,882.9,0.0,9.6,2.12,14.1,673.5,-9999.0,-9999.0,-9999.0,-9999.0,-9999.0,-9999.0,-9999.0,0.0,0,0,"time.struct_time(tm_year=2023, tm_mon=2, tm_mday=1, tm_hour=4, tm_min=50, tm_sec=20, tm_wday=2, tm_yday=32, tm_isdst=-1)",2023-02-01,2023,2,32,1,50,4,BUS03
2023-02-01 04:52:50,40.765202,-111.909691,1289.5,-9999.0,-9999.0,-9999.0,14.16,-1.38,-6.65,53.0,9.0,2.0,-1.72,26.0,883.1,0.0,6.7,2.13,14.1,673.4,-9999.0,-9999.0,-9999.0,-9999.0,-9999.0,-9999.0,-9999.0,0.0,0,0,"time.struct_time(tm_year=2023, tm_mon=2, tm_mday=1, tm_hour=4, tm_min=52, tm_sec=50, tm_wday=2, tm_yday=32, tm_isdst=-1)",2023-02-01,2023,2,32,1,52,4,BUS03
2023-02-01 04:55:20,40.765202,-111.909691,1289.4,-9999.0,-9999.0,-9999.0,14.16,-1.38,-6.65,53.63,8.0,2.0,-1.72,26.0,883.1,0.0,5.8,2.12,14.1,673.5,-9999.0,-9999.0,-9999.0,-9999.0,-9999.0,-9999.0,-9999.0,0.0,0,0,"time.struct_time(tm_year=2023, tm_mon=2, tm_mday=1, tm_hour=4, tm_min=55, tm_sec=20, tm_wday=2, tm_yday=32, tm_isdst=-1)",2023-02-01,2023,2,32,1,55,4,BUS03
2023-02-01 04:57:50,40.765205,-111.909698,1289.6,-9999.0,-9999.0,-9999.0,14.16,-1.37,-6.61,53.18,12.0,2.0,-1.72,26.0,883.2,0.0,2.4,2.11,14.1,673.4,-9999.0,-9999.0,-9999.0,-9999.0,-9999.0,-9999.0,-9999.0,0.0,0,0,"time.struct_time(tm_year=2023, tm_mon=2, tm_mday=1, tm_hour=4, tm_min=57, tm_sec=50, tm_wday=2, tm_yday=32, tm_isdst=-1)",2023-02-01,2023,2,32,1,57,4,BUS03
2023-02-01 05:00:30,40.765205,-111.909691,1289.6,-9999.0,-9999.0,-9999.0,14.16,-1.37,-6.57,52.9,9.0,2.0,-1.72,26.0,883.2,0.0,5.3,2.11,14.1,673.4,-9999.0,-9999.0,-9999.0,-9999.0,-9999.0,-9999.0,-9999.0,0.0,0,0,"time.struct_time(tm_year=2023, tm_mon=2, tm_mday=1, tm_hour=5, tm_min=0, tm_sec=30, tm_wday=2, tm_yday=32, tm_isdst=-1)",2023-02-01,2023,2,32,1,0,5,BUS03
2023-02-01 05:03:00,40.765205,-111.909691,1289.6,-9999.0,-9999.0,-9999.0,14.16,-1.36,-6.57,53.34,9.0,2.0,-1.72,26.0,882.9,0.0,5.5,2.12,14.1,673.5,-9999.0,-9999.0,-9999.0,-9999.0,-9999.0,-9999.0,-9999.0,0.0,0,0,"time.struct_time(tm_year=2023, tm_mon=2, tm_mday=1, tm_hour=5, tm_min=3, tm_sec=0, tm_wday=2, tm_yday=32, tm_isdst=-1)",2023-02-01,2023,2,32,1,3,5,BUS03
2023-02-01 05:05:30,40.765202,-111.909691,1289.7,-9999.0,-9999.0,-9999.0,14.16,-1.36,-6.57,53.26,9.0,2.0,-1.72,26.0,883.1,0.0,5.7,2.11,14.1,673.4,-9999.0,-9999.0,-9999.0,-9999.0,-9999.0,-9999.0,-9999.0,0.0,0,0,"time.struct_time(tm_year=2023, tm_mon=2, tm_mday=1, tm_hour=5, tm_min=5, tm_sec=30, tm_wday=2, tm_yday=32, tm_isdst=-1)",2023-02-01,2023,2,32,1,5,5,BUS03
2023-02-01 05:09:50,40.765198,-111.909691,1290.3,-9999.0,-9999.0,-9999.0,14.16,-1.35,-6.61,53.41,9.0,2.0,-1.72,26.0,883.3,0.0,4.5,2.1,14.2,673.4,-9999.0,-9999.0,-9999.0,-9999.0,-9999.0,-9999.0,-9999.0,0.0,0,0,"time.struct_time(tm_year=2023, tm_mon=2, tm_mday=1, tm_hour=5, tm_min=9, tm_sec=50, tm_wday=2, tm_yday=32, tm_isdst=-1)",2023-02-01,2023,2,32,1,9,5,BUS03
2023-02-01 05:12:20,40.765194,-111.909691,1290.6,-9999.0,-9999.0,-9999.0,14.16,-1.35,-6.61,53.44,9.0,2.0,-1.72,26.0,883.1,0.0,2.2,2.12,14.2,673.6,-9999.0,-9999.0,-9999.0,-9999.0,-9999.0,-9999.0,-9999.0,0.0,0,0,"time.struct_time(tm_year=2023, tm_mon=2, tm_mday=1, tm_hour=5, tm_min=12, tm_sec=20, tm_wday=2, tm_yday=32, tm_isdst=-1)",2023-02-01,2023,2,32,1,12,5,BUS03
2023-02-01 05:14:50,40.765194,-111.909691,1290.9,-9999.0,-9999.0,-9999.0,14.16,-1.34,-6.59,53.9,9.0,2.0,-1.72,26.0,883.3,0.0,4.1,2.12,14.2,673.4,-9999.0,-9999.0,-9999.0,-9999.0,-9999.0,-9999.0,-9999.0,0.0,0,0,"time.struct_time(tm_year=2023, tm_mon=2, tm_mday=1, tm_hour=5, tm_min=14, tm_sec=50, tm_wday=2, tm_yday=32, tm_isdst=-1)",2023-02-01,2023,2,32,1,14,5,BUS03
2023-02-01 05:17:30,40.765194,-111.909691,1291.0,-9999.0,-9999.0,-9999.0,14.16,-1.33,-6.53,53.1,11.0,2.0,-1.72,26.0,883.2,0.0,4.1,2.12,14.2,673.4,-9999.0,-9999.0,-9999.0,-9999.0,-9999.0,-9999.0,-9999.0,0.0,0,0,"time.struct_time(tm_year=2023, tm_mon=2, tm_mday=1, tm_hour=5, tm_min=17, tm_sec=30, tm_wday=2, tm_yday=32, tm_isdst=-1)",2023-02-01,2023,2,32,1,17,5,BUS03
2023-02-01 05:20:00,40.765194,-111.909683,1291.2,-9999.0,-9999.0,-9999.0,14.16,-1.33,-6.49,52.45,10.0,2.0,-1.72,26.0,883.0,0.0,4.6,2.13,14.2,673.5,-9999.0,-9999.0,-9999.0,-9999.0,-9999.0,-9999.0,-9999.0,0.0,0,0,"time.struct_time(tm_year=2023, tm_mon=2, tm_mday=1, tm_hour=5, tm_min=20, tm_sec=0, tm_wday=2, tm_yday=32, tm_isdst=-1)",2023-02-01,2023,2,32,1,20,5,BUS03
2023-02-01 05:22:30,40.765194,-111.909683,1291.4,-9999.0,-9999.0,-9999.0,14.16,-1.32,-6.51,52.11,9.0,2.0,-1.72,26.0,883.2,0.0,6.8,2.11,14.2,673.5,-9999.0,-9999.0,-9999.0,-9999.0,-9999.0,-9999.0,-9999.0,0.0,0,0,"time.struct_time(tm_year=2023, tm_mon=2, tm_mday=1, tm_hour=5, tm_min=22, tm_sec=30, tm_wday=2, tm_yday=32, tm_isdst=-1)",2023-02-01,2023,2,32,1,22,5,BUS03
2023-02-01 05:25:10,40.765194,-111.909676,1291.7,-9999.0,-9999.0,-9999.0,14.16,-1.32,-6.55,52.24,8.0,2.0,-1.72,26.0,883.2,0.0,7.3,2.12,14.2,673.4,-9999.0,-9999.0,-9999.0,-9999.0,-9999.0,-9999.0,-9999.0,0.0,0,0,"time.struct_time(tm_year=2023, tm_mon=2, tm_mday=1, tm_hour=5, tm_min=25, tm_sec=10, tm_wday=2, tm_yday=32, tm_isdst=-1)",2023-02-01,2023,2,32,1,25,5,BUS03
2023-02-01 05:27:40,40.765198,-111.909676,1292.1,-9999.0,-9999.0,-9999.0,14.16,-1.32,-6.61,53.36,9.0,2.0,-1.72,26.0,883.2,0.0,2.5,2.12,14.2,673.5,-9999.0,-9999.0,-9999.0,-9999.0,-9999.0,-9999.0,-9999.0,0.0,0,0,"time.struct_time(tm_year=2023, tm_mon=2, tm_mday=1, tm_hour=5, tm_min=27, tm_sec=40, tm_wday=2, tm_yday=32, tm_isdst=-1)",2023-02-01,2023,2,32,1,27,5,BUS03
2023-02-01 05:30:10,40.765202,-111.909676,1292.3,-9999.0,-9999.0,-9999.0,14.16,-1.32,-6.57,53.38,9.0,2.0,-1.72,26.0,882.9,0.0,1.5,2.11,14.2,673.4,-9999.0,-9999.0,-9999.0,-9999.0,-9999.0,-9999.0,-9999.0,0.0,0,0,"time.struct_time(tm_year=2023, tm_mon=2, tm_mday=1, tm_hour=5, tm_min=30, tm_sec=10, tm_wday=2, tm_yday=32, tm_isdst=-1)",2023-02-01,2023,2,32,1,30,5,BUS03
2023-02-01 05:32:50,40.765202,-111.909676,1292.7,-9999.0,-9999.0,-9999.0,14.16,-1.33,-6.59,52.94,9.0,2.0,-1.72,26.0,882.9,0.0,2.3,2.11,14.2,673.3,-9999.0,-9999.0,-9999.0,-9999.0,-9999.0,-9999.0,-9999.0,0.0,0,0,"time.struct_time(tm_year=2023, tm_mon=2, tm_mday=1, tm_hour=5, tm_min=32, tm_sec=50, tm_wday=2, tm_yday=32, tm_isdst=-1)",2023-02-01,2023,2,32,1,32,5,BUS03
2023-02-01 05:35:20,40.765198,-111.909668,1293.0,-9999.0,-9999.0,-9999.0,14.16,-1.34,-6.61,53.63,9.0,2.0,-1.78,26.0,882.9,0.0,4.5,2.13,14.2,673.5,-9999.0,-9999.0,-9999.0,-9999.0,-9999.0,-9999.0,-9999.0,0.0,0,0,"time.struct_time(tm_year=2023, tm_mon=2, tm_mday=1, tm_hour=5, tm_min=35, tm_sec=20, tm_wday=2, tm_yday=32, tm_isdst=-1)",2023-02-01,2023,2,32,1,35,5,BUS03
2023-02-01 05:37:50,40.765194,-111.909668,1293.6,-9999.0,-9999.0,-9999.0,14.16,-1.35,-6.63,53.34,9.0,2.0,-1.78,26.0,883.0,0.0,2.8,2.12,14.2,673.4,-9999.0,-9999.0,-9999.0,-9999.0,-9999.0,-9999.0,-9999.0,0.0,0,0,"time.struct_time(tm_year=2023, tm_mon=2, tm_mday=1, tm_hour=5, tm_min=37, tm_sec=50, tm_wday=2, tm_yday=32, tm_isdst=-1)",2023-02-01,2023,2,32,1,37,5,BUS03
2023-02-01 05:40:20,40.765198,-111.90966,1294.0,-9999.0,-9999.0,-9999.0,14.16,-1.37,-6.61,53.76,10.0,2.0,-1.78,26.0,883.1,0.0,3.2,2.11,14.2,673.5,-9999.0,-9999.0,-9999.0,-9999.0,-9999.0,-9999.0,-9999.0,0.0,0,0,"time.struct_time(tm_year=2023, tm_mon=2, tm_mday=1, tm_hour=5, tm_min=40, tm_sec=20, tm_wday=2, tm_yday=32, tm_isdst=-1)",2023-02-01,2023,2,32,1,40,5,BUS03
2023-02-01 05:43:00,40.765202,-111.90966,1294.2,-9999.0,-9999.0,-9999.0,14.16,-1.38,-6.59,53.4,9.0,2.0,-1.89,26.0,882.9,0.0,2.9,2.11,14.2,673.4,-9999.0,-9999.0,-9999.0,-9999.0,-9999.0,-9999.0,-9999.0,0.0,0,0,"time.struct_time(tm_year=2023, tm_mon=2, tm_mday=1, tm_hour=5, tm_min=43, tm_sec=0, tm_wday=2, tm_yday=32, tm_isdst=-1)",2023-02-01,2023,2,32,1,43,5,BUS03
2023-02-01 05:45:30,40.765202,-111.909653,1294.4,-9999.0,-9999.0,-9999.0,14.16,-1.39,-6.57,53.24,9.0,2.0,-1.89,26.0,882.9,0.0,8.3,2.12,14.2,673.5,-9999.0,-9999.0,-9999.0,-9999.0,-9999.0,-9999.0,-9999.0,0.0,0,0,"time.struct_time(tm_year=2023, tm_mon=2, tm_mday=1, tm_hour=5, tm_min=45, tm_sec=30, tm_wday=2, tm_yday=32, tm_isdst=-1)",2023-02-01,2023,2,32,1,45,5,BUS03
2023-02-01 05:49:05,40.765202,-111.909653,1294.6,-9999.0,-9999.0,-9999.0,14.16,-1.41,-6.52,52.68,9.0,2.0,-2.0,26.0,883.3,0.0,1.5,2.13,14.2,673.5,-9999.0,-9999.0,-9999.0,-9999.0,-9999.0,-9999.0,-9999.0,0.0,0,0,"time.struct_time(tm_year=2023, tm_mon=2, tm_mday=1, tm_hour=5, tm_min=49, tm_sec=5, tm_wday=2, tm_yday=32, tm_isdst=-1)",2023-02-01,2023,2,32,1,49,5,BUS03
2023-02-01 05:51:45,40.765205,-111.909653,1294.7,-9999.0,-9999.0,-9999.0,14.16,-1.43,-6.55,52.18,9.0,2.0,-2.0,26.0,883.4,0.0,5.0,2.11,14.2,673.7,-9999.0,-9999.0,-9999.0,-9999.0,-9999.0,-9999.0,-9999.0,0.0,0,0,"time.struct_time(tm_year=2023, tm_mon=2, tm_mday=1, tm_hour=5, tm_min=51, tm_sec=45, tm_wday=2, tm_yday=32, tm_isdst=-1)",2023-02-01,2023,2,32,1,51,5,BUS03
2023-02-01 05:54:15,40.765209,-111.909653,1294.8,-9999.0,-9999.0,-9999.0,14.16,-1.44,-6.55,52.04,9.0,2.0,-2.11,26.0,883.4,0.0,3.7,2.11,14.2,673.8,-9999.0,-9999.0,-9999.0,-9999.0,-9999.0,-9999.0,-9999.0,0.0,0,0,"time.struct_time(tm_year=2023, tm_mon=2, tm_mday=1, tm_hour=5, tm_min=54, tm_sec=15, tm_wday=2, tm_yday=32, tm_isdst=-1)",2023-02-01,2023,2,32,1,54,5,BUS03
2023-02-01 05:56:45,40.765209,-111.909653,1294.6,-9999.0,-9999.0,-9999.0,14.16,-1.44,-6.53,51.61,8.0,2.0,-2.22,26.0,883.3,0.0,1.6,2.11,14.2,673.8,-9999.0,-9999.0,-9999.0,-9999.0,-9999.0,-9999.0,-9999.0,0.0,0,0,"time.struct_time(tm_year=2023, tm_mon=2, tm_mday=1, tm_hour=5, tm_min=56, tm_sec=45, tm_wday=2, tm_yday=32, tm_isdst=-1)",2023-02-01,2023,2,32,1,56,5,BUS03
2023-02-01 05:59:20,40.765209,-111.90966,1294.6,-9999.0,-9999.0,-9999.0,14.16,-1.45,-6.51,52.94,9.0,2.0,-2.22,26.0,883.4,0.0,2.3,2.1,14.2,673.9,-9999.0,-9999.0,-9999.0,-9999.0,-9999.0,-9999.0,-9999.0,0.0,0,0,"time.struct_time(tm_year=2023, tm_mon=2, tm_mday=1, tm_hour=5, tm_min=59, tm_sec=20, tm_wday=2, tm_yday=32, tm_isdst=-1)",2023-02-01,2023,2,32,1,59,5,BUS03
2023-02-01 06:01:50,40.765213,-111.90966,1294.4,-9999.0,-9999.0,-9999.0,14.16,-1.46,-6.53,52.9,9.0,2.0,-2.22,26.0,883.2,0.0,1.5,2.12,14.1,673.7,-9999.0,-9999.0,-9999.0,-9999.0,-9999.0,-9999.0,-9999.0,0.0,0,0,"time.struct_time(tm_year=2023, tm_mon=2, tm_mday=1, tm_hour=6, tm_min=1, tm_sec=50, tm_wday=2, tm_yday=32, tm_isdst=-1)",2023-02-01,2023,2,32,1,1,6,BUS03
2023-02-01 06:04:20,40.765209,-111.90966,1294.4,-9999.0,-9999.0,-9999.0,14.16,-1.48,-6.57,55.25,9.0,2.0,-2.22,26.0,883.5,0.0,5.8,2.11,14.1,673.7,-9999.0,-9999.0,-9999.0,-9999.0,-9999.0,-9999.0,-9999.0,0.0,0,0,"time.struct_time(tm_year=2023, tm_mon=2, tm_mday=1, tm_hour=6, tm_min=4, tm_sec=20, tm_wday=2, tm_yday=32, tm_isdst=-1)",2023-02-01,2023,2,32,1,4,6,BUS03
2023-02-01 06:08:40,40.765209,-111.909668,1294.3,-9999.0,-9999.0,-9999.0,14.16,-1.51,-6.69,55.18,7.0,2.0,-2.28,27.0,883.1,0.0,10.8,2.1,14.1,673.7,-9999.0,-9999.0,-9999.0,-9999.0,-9999.0,-9999.0,-9999.0,0.0,0,0,"time.struct_time(tm_year=2023, tm_mon=2, tm_mday=1, tm_hour=6, tm_min=8, tm_sec=40, tm_wday=2, tm_yday=32, tm_isdst=-1)",2023-02-01,2023,2,32,1,8,6,BUS03
2023-02-01 06:11:10,40.765209,-111.909668,1294.0,-9999.0,-9999.0,-9999.0,14.16,-1.54,-6.75,56.32,7.0,2.0,-2.28,27.0,883.3,0.0,11.4,2.12,14.1,673.8,-9999.0,-9999.0,-9999.0,-9999.0,-9999.0,-9999.0,-9999.0,0.0,0,0,"time.struct_time(tm_year=2023, tm_mon=2, tm_mday=1, tm_hour=6, tm_min=11, tm_sec=10, tm_wday=2, tm_yday=32, tm_isdst=-1)",2023-02-01,2023,2,32,1,11,6,BUS03
2023-02-01 06:13:40,40.765213,-111.90966,1293.7,-9999.0,-9999.0,-9999.0,14.16,-1.58,-6.83,56.9,8.0,2.0,-2.39,27.0,883.5,0.0,10.5,2.11,14.0,673.9,-9999.0,-9999.0,-9999.0,-9999.0,-9999.0,-9999.0,-9999.0,0.0,0,0,"time.struct_time(tm_year=2023, tm_mon=2, tm_mday=1, tm_hour=6, tm_min=13, tm_sec=40, tm_wday=2, tm_yday=32, tm_isdst=-1)",2023-02-01,2023,2,32,1,13,6,BUS03
2023-02-01 06:16:20,40.765217,-111.90966,1293.4,-9999.0,-9999.0,-9999.0,14.16,-1.62,-6.87,57.05,7.0,2.0,-2.39,27.0,883.2,0.0,11.2,2.12,14.0,673.8,-9999.0,-9999.0,-9999.0,-9999.0,-9999.0,-9999.0,-9999.0,0.0,0,0,"time.struct_time(tm_year=2023, tm_mon=2, tm_mday=1, tm_hour=6, tm_min=16, tm_sec=20, tm_wday=2, tm_yday=32, tm_isdst=-1)",2023-02-01,2023,2,32,1,16,6,BUS03
2023-02-01 06:18:50,40.765217,-111.90966,1293.2,-9999.0,-9999.0,-9999.0,14.16,-1.64,-6.93,56.73,9.0,2.0,-2.5,27.0,883.5,0.0,7.1,2.1,14.0,673.8,-9999.0,-9999.0,-9999.0,-9999.0,-9999.0,-9999.0,-9999.0,0.0,0,0,"time.struct_time(tm_year=2023, tm_mon=2, tm_mday=1, tm_hour=6, tm_min=18, tm_sec=50, tm_wday=2, tm_yday=32, tm_isdst=-1)",2023-02-01,2023,2,32,1,18,6,BUS03
2023-02-01 06:21:20,40.765217,-111.90966,1293.1,-9999.0,-9999.0,-9999.0,14.16,-1.68,-6.97,56.46,8.0,2.0,-2.5,27.0,883.3,0.0,6.6,2.11,14.0,673.9,-9999.0,-9999.0,-9999.0,-9999.0,-9999.0,-9999.0,-9999.0,0.0,0,0,"time.struct_time(tm_year=2023, tm_mon=2, tm_mday=1, tm_hour=6, tm_min=21, tm_sec=20, tm_wday=2, tm_yday=32, tm_isdst=-1)",2023-02-01,2023,2,32,1,21,6,BUS03
2023-02-01 06:23:50,40.765217,-111.90966,1292.6,-9999.0,-9999.0,-9999.0,14.16,-1.72,-7.03,56.42,8.0,2.0,-2.61,27.0,883.2,0.0,5.7,2.1,13.9,673.8,-9999.0,-9999.0,-9999.0,-9999.0,-9999.0,-9999.0,-9999.0,0.0,0,0,"time.struct_time(tm_year=2023, tm_mon=2, tm_mday=1, tm_hour=6, tm_min=23, tm_sec=50, tm_wday=2, tm_yday=32, tm_isdst=-1)",2023-02-01,2023,2,32,1,23,6,BUS03
2023-02-01 06:26:30,40.765217,-111.90966,1292.0,-9999.0,-9999.0,-9999.0,14.16,-1.75,-7.04,56.81,8.0,2.0,-2.61,27.0,883.1,0.0,2.6,2.12,13.9,673.8,-9999.0,-9999.0,-9999.0,-9999.0,-9999.0,-9999.0,-9999.0,0.0,0,0,"time.struct_time(tm_year=2023, tm_mon=2, tm_mday=1, tm_hour=6, tm_min=26, tm_sec=30, tm_wday=2, tm_yday=32, tm_isdst=-1)",2023-02-01,2023,2,32,1,26,6,BUS03
2023-02-01 06:29:00,40.765221,-111.90966,1291.6,-9999.0,-9999.0,-9999.0,14.16,-1.78,-7.13,57.19,8.0,2.0,-2.61,27.0,883.6,0.0,6.6,2.11,13.9,673.9,-9999.0,-9999.0,-9999.0,-9999.0,-9999.0,-9999.0,-9999.0,0.0,0,0,"time.struct_time(tm_year=2023, tm_mon=2, tm_mday=1, tm_hour=6, tm_min=29, tm_sec=0, tm_wday=2, tm_yday=32, tm_isdst=-1)",2023-02-01,2023,2,32,1,29,6,BUS03
2023-02-01 06:31:30,40.765221,-111.909668,1291.5,-9999.0,-9999.0,-9999.0,14.16,-1.81,-7.2,57.07,9.0,2.0,-2.72,27.0,883.5,0.0,1.1,2.12,13.9,673.9,-9999.0,-9999.0,-9999.0,-9999.0,-9999.0,-9999.0,-9999.0,0.0,0,0,"time.struct_time(tm_year=2023, tm_mon=2, tm_mday=1, tm_hour=6, tm_min=31, tm_sec=30, tm_wday=2, tm_yday=32, tm_isdst=-1)",2023-02-01,2023,2,32,1,31,6,BUS03
2023-02-01 06:34:10,40.765221,-111.909668,1291.4,-9999.0,-9999.0,-9999.0,14.16,-1.84,-7.24,57.31,8.0,2.0,-2.78,27.0,883.4,0.0,8.6,2.12,13.9,673.9,-9999.0,-9999.0,-9999.0,-9999.0,-9999.0,-9999.0,-9999.0,0.0,0,0,"time.struct_time(tm_year=2023, tm_mon=2, tm_mday=1, tm_hour=6, tm_min=34, tm_sec=10, tm_wday=2, tm_yday=32, tm_isdst=-1)",2023-02-01,2023,2,32,1,34,6,BUS03
2023-02-01 07:48:45,40.765285,-111.909241,1289.4,-9999.0,-9999.0,-9999.0,14.2,-2.12,-5.66,66.5,10.0,2.0,-5.72,34.0,882.8,0.0,-1.4,1.98,1.9,673.3,-9999.0,-9999.0,-9999.0,-9999.0,-9999.0,-9999.0,-9999.0,0.0,0,0,"time.struct_time(tm_year=2023, tm_mon=2, tm_mday=1, tm_hour=7, tm_min=48, tm_sec=45, tm_wday=2, tm_yday=32, tm_isdst=-1)",2023-02-01,2023,2,32,1,48,7,BUS03
2023-02-01 07:51:25,40.765507,-111.908867,1290.0,-9999.0,-9999.0,-9999.0,14.17,-2.06,-2.51,53.52,11.0,2.0,-5.22,40.0,882.8,0.0,-2.2,2.0,3.1,672.6,-9999.0,-9999.0,-9999.0,-9999.0,-9999.0,-9999.0,-9999.0,0.0,0,0,"time.struct_time(tm_year=2023, tm_mon=2, tm_mday=1, tm_hour=7, tm_min=51, tm_sec=25, tm_wday=2, tm_yday=32, tm_isdst=-1)",2023-02-01,2023,2,32,1,51,7,BUS03
2023-02-01 07:54:15,40.765076,-111.909126,1295.6,-9999.0,-9999.0,-9999.0,14.13,-1.83,-0.12,46.52,12.0,2.0,-4.28,41.0,883.1,0.0,-7.9,2.01,4.3,672.0,-9999.0,-9999.0,-9999.0,-9999.0,-9999.0,-9999.0,-9999.0,0.0,0,0,"time.struct_time(tm_year=2023, tm_mon=2, tm_mday=1, tm_hour=7, tm_min=54, tm_sec=15, tm_wday=2, tm_yday=32, tm_isdst=-1)",2023-02-01,2023,2,32,1,54,7,BUS03
2023-02-01 07:56:45,40.765137,-111.909241,1308.1,-9999.0,-9999.0,-9999.0,14.12,-1.51,2.04,38.0,13.0,2.0,-3.5,41.0,882.9,0.0,3.8,2.03,5.3,671.6,-9999.0,-9999.0,-9999.0,-9999.0,-9999.0,-9999.0,-9999.0,0.0,0,0,"time.struct_time(tm_year=2023, tm_mon=2, tm_mday=1, tm_hour=7, tm_min=56, tm_sec=45, tm_wday=2, tm_yday=32, tm_isdst=-1)",2023-02-01,2023,2,32,1,56,7,BUS03
2023-02-01 07:59:40,40.765114,-111.909119,1320.8,-9999.0,-9999.0,-9999.0,14.13,-1.07,4.3,32.01,11.0,2.0,-2.39,40.0,883.2,0.0,-0.9,2.02,6.3,671.3,-9999.0,-9999.0,-9999.0,-9999.0,-9999.0,-9999.0,-9999.0,0.0,0,0,"time.struct_time(tm_year=2023, tm_mon=2, tm_mday=1, tm_hour=7, tm_min=59, tm_sec=40, tm_wday=2, tm_yday=32, tm_isdst=-1)",2023-02-01,2023,2,32,1,59,7,BUS03
2023-02-01 08:02:10,40.765228,-111.909088,1320.9,-9999.0,-9999.0,-9999.0,14.12,-0.64,5.96,27.82,10.0,2.0,-1.39,39.0,883.2,0.0,-1.8,2.04,7.1,671.1,-9999.0,-9999.0,-9999.0,-9999.0,-9999.0,-9999.0,-9999.0,0.0,0,0,"time.struct_time(tm_year=2023, tm_mon=2, tm_mday=1, tm_hour=8, tm_min=2, tm_sec=10, tm_wday=2, tm_yday=32, tm_isdst=-1)",2023-02-01,2023,2,32,1,2,8,BUS03
2023-02-01 08:04:40,40.7654,-111.909065,1320.5,-9999.0,-9999.0,-9999.0,14.09,-0.18,7.33,25.31,10.0,2.0,-0.5,37.0,883.2,0.0,-3.4,2.06,7.9,670.8,-9999.0,-9999.0,-9999.0,-9999.0,-9999.0,-9999.0,-9999.0,0.0,0,0,"time.struct_time(tm_year=2023, tm_mon=2, tm_mday=1, tm_hour=8, tm_min=4, tm_sec=40, tm_wday=2, tm_yday=32, tm_isdst=-1)",2023-02-01,2023,2,32,1,4,8,BUS03
2023-02-01 08:07:20,40.765224,-111.908943,1319.2,-9999.0,-9999.0,-9999.0,14.09,0.33,8.66,23.06,12.0,2.0,0.39,36.0,883.3,0.0,-2.7,2.06,8.7,670.6,-9999.0,-9999.0,-9999.0,-9999.0,-9999.0,-9999.0,-9999.0,0.0,0,0,"time.struct_time(tm_year=2023, tm_mon=2, tm_mday=1, tm_hour=8, tm_min=7, tm_sec=20, tm_wday=2, tm_yday=32, tm_isdst=-1)",2023-02-01,2023,2,32,1,7,8,BUS03
2023-02-01 08:09:50,40.765144,-111.909134,1320.6,-9999.0,-9999.0,-9999.0,14.09,0.84,9.69,21.1,11.0,2.0,1.39,34.0,883.2,0.0,-0.3,2.09,9.5,670.5,-9999.0,-9999.0,-9999.0,-9999.0,-9999.0,-9999.0,-9999.0,0.0,0,0,"time.struct_time(tm_year=2023, tm_mon=2, tm_mday=1, tm_hour=8, tm_min=9, tm_sec=50, tm_wday=2, tm_yday=32, tm_isdst=-1)",2023-02-01,2023,2,32,1,9,8,BUS03
2023-02-01 08:12:20,40.765213,-111.909126,1320.6,-9999.0,-9999.0,-9999.0,14.09,1.36,10.58,19.75,9.0,2.0,2.22,33.0,883.2,0.0,-3.7,2.08,10.2,670.4,-9999.0,-9999.0,-9999.0,-9999.0,-9999.0,-9999.0,-9999.0,0.0,0,0,"time.struct_time(tm_year=2023, tm_mon=2, tm_mday=1, tm_hour=8, tm_min=12, tm_sec=20, tm_wday=2, tm_yday=32, tm_isdst=-1)",2023-02-01,2023,2,32,1,12,8,BUS03
2023-02-01 08:14:50,40.765308,-111.90921,1320.6,-9999.0,-9999.0,-9999.0,14.05,1.88,11.34,18.76,11.0,2.0,3.0,32.0,883.3,0.0,-5.6,2.09,10.9,670.3,-9999.0,-9999.0,-9999.0,-9999.0,-9999.0,-9999.0,-9999.0,0.0,0,0,"time.struct_time(tm_year=2023, tm_mon=2, tm_mday=1, tm_hour=8, tm_min=14, tm_sec=50, tm_wday=2, tm_yday=32, tm_isdst=-1)",2023-02-01,2023,2,32,1,14,8,BUS03
2023-02-01 08:17:30,40.765125,-111.908989,1320.4,-9999.0,-9999.0,-9999.0,14.05,2.44,12.07,17.5,9.0,2.0,3.89,30.0,883.3,0.0,-2.8,2.1,11.6,670.2,-9999.0,-9999.0,-9999.0,-9999.0,-9999.0,-9999.0,-9999.0,0.0,0,0,"time.struct_time(tm_year=2023, tm_mon=2, tm_mday=1, tm_hour=8, tm_min=17, tm_sec=30, tm_wday=2, tm_yday=32, tm_isdst=-1)",2023-02-01,2023,2,32,1,17,8,BUS03
2023-02-01 08:20:00,40.765377,-111.909119,1315.1,-9999.0,-9999.0,-9999.0,14.05,2.97,12.61,16.78,10.0,2.0,4.61,29.0,883.5,0.0,-1.7,2.1,12.3,670.2,-9999.0,-9999.0,-9999.0,-9999.0,-9999.0,-9999.0,-9999.0,0.0,0,0,"time.struct_time(tm_year=2023, tm_mon=2, tm_mday=1, tm_hour=8, tm_min=20, tm_sec=0, tm_wday=2, tm_yday=32, tm_isdst=-1)",2023-02-01,2023,2,32,1,20,8,BUS03
2023-02-01 08:31:35,40.76516,-111.909134,1291.5,-9999.0,-9999.0,-9999.0,13.97,5.34,14.22,14.96,10.0,2.0,7.61,26.0,883.4,0.0,2.2,2.16,15.3,670.2,-9999.0,-9999.0,-9999.0,-9999.0,-9999.0,-9999.0,-9999.0,0.0,0,0,"time.struct_time(tm_year=2023, tm_mon=2, tm_mday=1, tm_hour=8, tm_min=31, tm_sec=35, tm_wday=2, tm_yday=32, tm_isdst=-1)",2023-02-01,2023,2,32,1,31,8,BUS03
2023-02-01 08:34:15,40.765247,-111.90905,1291.1,-9999.0,-9999.0,-9999.0,13.97,5.86,14.49,14.8,9.0,2.0,8.11,25.0,883.6,0.0,-2.8,2.17,15.9,670.1,-9999.0,-9999.0,-9999.0,-9999.0,-9999.0,-9999.0,-9999.0,0.0,0,0,"time.struct_time(tm_year=2023, tm_mon=2, tm_mday=1, tm_hour=8, tm_min=34, tm_sec=15, tm_wday=2, tm_yday=32, tm_isdst=-1)",2023-02-01,2023,2,32,1,34,8,BUS03
2023-02-01 08:36:45,40.765179,-111.909088,1290.9,-9999.0,-9999.0,-9999.0,13.97,6.33,14.69,14.48,8.0,2.0,8.61,25.0,883.4,0.0,0.8,2.18,16.5,670.0,-9999.0,-9999.0,-9999.0,-9999.0,-9999.0,-9999.0,-9999.0,0.0,0,0,"time.struct_time(tm_year=2023, tm_mon=2, tm_mday=1, tm_hour=8, tm_min=36, tm_sec=45, tm_wday=2, tm_yday=32, tm_isdst=-1)",2023-02-01,2023,2,32,1,36,8,BUS03
2023-02-01 08:39:15,40.765263,-111.909058,1291.1,-9999.0,-9999.0,-9999.0,13.98,6.8,14.84,14.33,8.0,2.0,9.11,25.0,883.2,0.0,-1.6,2.18,17.1,670.2,-9999.0,-9999.0,-9999.0,-9999.0,-9999.0,-9999.0,-9999.0,0.0,0,0,"time.struct_time(tm_year=2023, tm_mon=2, tm_mday=1, tm_hour=8, tm_min=39, tm_sec=15, tm_wday=2, tm_yday=32, tm_isdst=-1)",2023-02-01,2023,2,32,1,39,8,BUS03
2023-02-01 08:41:55,40.765354,-111.909081,1291.4,-9999.0,-9999.0,-9999.0,13.97,7.29,15.03,14.07,9.0,2.0,9.5,24.0,883.4,0.0,0.9,2.18,17.7,670.2,-9999.0,-9999.0,-9999.0,-9999.0,-9999.0,-9999.0,-9999.0,0.0,0,0,"time.struct_time(tm_year=2023, tm_mon=2, tm_mday=1, tm_hour=8, tm_min=41, tm_sec=55, tm_wday=2, tm_yday=32, tm_isdst=-1)",2023-02-01,2023,2,32,1,41,8,BUS03
2023-02-01 08:44:25,40.765285,-111.909111,1291.5,-9999.0,-9999.0,-9999.0,13.98,7.74,15.21,14.99,8.0,2.0,10.0,24.0,883.5,0.0,1.8,2.19,18.3,670.2,-9999.0,-9999.0,-9999.0,-9999.0,-9999.0,-9999.0,-9999.0,0.0,0,0,"time.struct_time(tm_year=2023, tm_mon=2, tm_mday=1, tm_hour=8, tm_min=44, tm_sec=25, tm_wday=2, tm_yday=32, tm_isdst=-1)",2023-02-01,2023,2,32,1,44,8,BUS03
2023-02-01 08:48:00,40.765385,-111.909218,1292.6,-9999.0,-9999.0,-9999.0,13.94,8.36,15.53,15.5,12.0,2.0,10.5,25.0,883.4,0.0,0.1,2.19,19.1,670.1,-9999.0,-9999.0,-9999.0,-9999.0,-9999.0,-9999.0,-9999.0,0.0,0,0,"time.struct_time(tm_year=2023, tm_mon=2, tm_mday=1, tm_hour=8, tm_min=48, tm_sec=0, tm_wday=2, tm_yday=32, tm_isdst=-1)",2023-02-01,2023,2,32,1,48,8,BUS03
2023-02-01 08:50:35,40.765285,-111.909096,1295.1,-9999.0,-9999.0,-9999.0,13.94,8.79,15.77,14.2,7.0,2.0,10.89,25.0,883.5,0.0,-2.1,2.21,19.6,670.8,-9999.0,-9999.0,-9999.0,-9999.0,-9999.0,-9999.0,-9999.0,0.0,0,0,"time.struct_time(tm_year=2023, tm_mon=2, tm_mday=1, tm_hour=8, tm_min=50, tm_sec=35, tm_wday=2, tm_yday=32, tm_isdst=-1)",2023-02-01,2023,2,32,1,50,8,BUS03
2023-02-01 08:53:05,40.765465,-111.909035,1297.0,-9999.0,-9999.0,-9999.0,13.94,9.21,15.91,16.44,11.0,2.0,11.22,25.0,883.3,0.0,-1.1,2.21,20.1,670.2,-9999.0,-9999.0,-9999.0,-9999.0,-9999.0,-9999.0,-9999.0,0.0,0,0,"time.struct_time(tm_year=2023, tm_mon=2, tm_mday=1, tm_hour=8, tm_min=53, tm_sec=5, tm_wday=2, tm_yday=32, tm_isdst=-1)",2023-02-01,2023,2,32,1,53,8,BUS03
2023-02-01 08:55:35,40.765457,-111.908943,1296.6,-9999.0,-9999.0,-9999.0,13.94,9.62,16.09,15.84,11.0,2.0,11.61,25.0,883.3,0.0,-3.1,2.22,20.6,670.9,-9999.0,-9999.0,-9999.0,-9999.0,-9999.0,-9999.0,-9999.0,0.0,0,0,"time.struct_time(tm_year=2023, tm_mon=2, tm_mday=1, tm_hour=8, tm_min=55, tm_sec=35, tm_wday=2, tm_yday=32, tm_isdst=-1)",2023-02-01,2023,2,32,1,55,8,BUS03
2023-02-01 08:58:05,40.765396,-111.909172,1296.7,-9999.0,-9999.0,-9999.0,13.94,10.02,16.19,15.66,10.0,2.0,11.89,25.0,883.2,0.0,-4.6,2.23,21.1,670.4,-9999.0,-9999.0,-9999.0,-9999.0,-9999.0,-9999.0,-9999.0,0.0,0,0,"time.struct_time(tm_year=2023, tm_mon=2, tm_mday=1, tm_hour=8, tm_min=58, tm_sec=5, tm_wday=2, tm_yday=32, tm_isdst=-1)",2023-02-01,2023,2,32,1,58,8,BUS03
2023-02-01 09:01:00,40.765148,-111.909248,1297.1,-9999.0,-9999.0,-9999.0,13.94,10.47,16.3,16.32,10.0,2.0,12.28,25.0,883.1,0.0,4.1,2.23,21.7,670.6,-9999.0,-9999.0,-9999.0,-9999.0,-9999.0,-9999.0,-9999.0,0.0,0,0,"time.struct_time(tm_year=2023, tm_mon=2, tm_mday=1, tm_hour=9, tm_min=1, tm_sec=0, tm_wday=2, tm_yday=32, tm_isdst=-1)",2023-02-01,2023,2,32,1,1,9,BUS03
2023-02-01 09:03:40,40.765282,-111.908936,1297.6,-9999.0,-9999.0,-9999.0,13.9,10.87,16.41,16.05,10.0,2.0,12.61,25.0,883.3,0.0,-0.8,2.23,22.2,670.8,-9999.0,-9999.0,-9999.0,-9999.0,-9999.0,-9999.0,-9999.0,0.0,0,0,"time.struct_time(tm_year=2023, tm_mon=2, tm_mday=1, tm_hour=9, tm_min=3, tm_sec=40, tm_wday=2, tm_yday=32, tm_isdst=-1)",2023-02-01,2023,2,32,1,3,9,BUS03
2023-02-01 09:09:05,40.76516,-111.909042,1290.9,-9999.0,-9999.0,-9999.0,13.9,11.63,16.46,16.62,9.0,2.0,13.22,24.0,883.3,0.0,-0.7,2.25,23.1,671.2,-9999.0,-9999.0,-9999.0,-9999.0,-9999.0,-9999.0,-9999.0,0.0,0,0,"time.struct_time(tm_year=2023, tm_mon=2, tm_mday=1, tm_hour=9, tm_min=9, tm_sec=5, tm_wday=2, tm_yday=32, tm_isdst=-1)",2023-02-01,2023,2,32,1,9,9,BUS03
2023-02-01 09:11:35,40.765137,-111.909164,1292.2,-9999.0,-9999.0,-9999.0,13.9,11.97,16.48,16.65,10.0,2.0,13.5,24.0,883.6,0.0,1.5,2.24,23.6,671.9,-9999.0,-9999.0,-9999.0,-9999.0,-9999.0,-9999.0,-9999.0,0.0,0,0,"time.struct_time(tm_year=2023, tm_mon=2, tm_mday=1, tm_hour=9, tm_min=11, tm_sec=35, tm_wday=2, tm_yday=32, tm_isdst=-1)",2023-02-01,2023,2,32,1,11,9,BUS03
2023-02-01 14:58:55,40.765293,-111.909126,1280.5,-9999.0,-9999.0,-9999.0,13.73,19.65,17.79,13.07,10.0,2.0,17.89,17.0,883.6,0.0,-2.0,2.27,26.0,673.1,-9999.0,-9999.0,-9999.0,-9999.0,-9999.0,-9999.0,-9999.0,0.0,0,1,"time.struct_time(tm_year=2023, tm_mon=2, tm_mday=1, tm_hour=14, tm_min=58, tm_sec=55, tm_wday=2, tm_yday=32, tm_isdst=-1)",2023-02-01,2023,2,32,1,58,14,BUS03
2023-02-01 15:04:35,40.766178,-111.908272,1285.3,-9999.0,-9999.0,-9999.0,13.73,19.79,17.85,13.31,10.0,2.0,18.28,17.0,883.6,0.0,-1.8,2.29,27.9,673.3,-9999.0,-9999.0,-9999.0,-9999.0,-9999.0,-9999.0,-9999.0,0.0,0,1,"time.struct_time(tm_year=2023, tm_mon=2, tm_mday=1, tm_hour=15, tm_min=4, tm_sec=35, tm_wday=2, tm_yday=32, tm_isdst=-1)",2023-02-01,2023,2,32,1,4,15,BUS03
2023-02-01 15:08:10,40.765354,-111.909271,1287.3,-9999.0,-9999.0,-9999.0,13.74,19.89,17.88,13.56,8.0,2.0,18.61,17.0,883.4,0.0,-2.5,2.29,28.6,673.5,-9999.0,-9999.0,-9999.0,-9999.0,-9999.0,-9999.0,-9999.0,0.0,0,1,"time.struct_time(tm_year=2023, tm_mon=2, tm_mday=1, tm_hour=15, tm_min=8, tm_sec=10, tm_wday=2, tm_yday=32, tm_isdst=-1)",2023-02-01,2023,2,32,1,8,15,BUS03
2023-02-01 15:10:40,40.76527,-111.909195,1287.5,-9999.0,-9999.0,-9999.0,13.74,19.97,17.91,13.83,9.0,2.0,18.72,17.0,883.5,0.0,-1.4,2.3,29.1,673.2,-9999.0,-9999.0,-9999.0,-9999.0,-9999.0,-9999.0,-9999.0,0.0,0,1,"time.struct_time(tm_year=2023, tm_mon=2, tm_mday=1, tm_hour=15, tm_min=10, tm_sec=40, tm_wday=2, tm_yday=32, tm_isdst=-1)",2023-02-01,2023,2,32,1,10,15,BUS03
2023-02-01 15:13:30,40.765118,-111.90921,1288.3,-9999.0,-9999.0,-9999.0,13.74,20.06,17.97,13.45,9.0,2.0,18.89,16.0,883.6,0.0,0.7,2.3,29.6,673.6,-9999.0,-9999.0,-9999.0,-9999.0,-9999.0,-9999.0,-9999.0,0.0,0,1,"time.struct_time(tm_year=2023, tm_mon=2, tm_mday=1, tm_hour=15, tm_min=13, tm_sec=30, tm_wday=2, tm_yday=32, tm_isdst=-1)",2023-02-01,2023,2,32,1,13,15,BUS03
2023-02-01 15:16:30,40.765137,-111.909302,1289.5,-9999.0,-9999.0,-9999.0,13.7,20.15,17.98,13.89,10.0,2.0,19.11,17.0,883.5,0.0,-4.3,2.3,30.0,673.8,-9999.0,-9999.0,-9999.0,-9999.0,-9999.0,-9999.0,-9999.0,0.0,0,1,"time.struct_time(tm_year=2023, tm_mon=2, tm_mday=1, tm_hour=15, tm_min=16, tm_sec=30, tm_wday=2, tm_yday=32, tm_isdst=-1)",2023-02-01,2023,2,32,1,16,15,BUS03
2023-02-01 15:21:00,40.765137,-111.909241,1290.2,-9999.0,-9999.0,-9999.0,13.71,20.29,18.02,15.23,11.0,2.0,19.39,17.0,883.5,0.0,-1.9,2.31,30.7,673.6,-9999.0,-9999.0,-9999.0,-9999.0,-9999.0,-9999.0,-9999.0,0.0,0,1,"time.struct_time(tm_year=2023, tm_mon=2, tm_mday=1, tm_hour=15, tm_min=21, tm_sec=0, tm_wday=2, tm_yday=32, tm_isdst=-1)",2023-02-01,2023,2,32,1,21,15,BUS03
2023-02-01 15:23:30,40.765278,-111.909088,1293.1,-9999.0,-9999.0,-9999.0,13.71,20.37,17.98,14.15,12.0,2.0,19.5,17.0,883.7,0.0,-1.6,2.32,31.0,674.0,-9999.0,-9999.0,-9999.0,-9999.0,-9999.0,-9999.0,-9999.0,0.0,0,1,"time.struct_time(tm_year=2023, tm_mon=2, tm_mday=1, tm_hour=15, tm_min=23, tm_sec=30, tm_wday=2, tm_yday=32, tm_isdst=-1)",2023-02-01,2023,2,32,1,23,15,BUS03
2023-02-01 15:45:50,40.765205,-111.909737,1292.6,-9999.0,-9999.0,-9999.0,13.79,18.33,0.3,35.32,11.0,2.0,16.39,12.0,883.6,0.0,0.3,2.32,32.5,675.5,-9999.0,-9999.0,-9999.0,-9999.0,-9999.0,-9999.0,-9999.0,0.0,0,1,"time.struct_time(tm_year=2023, tm_mon=2, tm_mday=1, tm_hour=15, tm_min=45, tm_sec=50, tm_wday=2, tm_yday=32, tm_isdst=-1)",2023-02-01,2023,2,32,1,45,15,BUS03
2023-02-01 15:48:20,40.765209,-111.909744,1292.9,-9999.0,-9999.0,-9999.0,13.83,17.69,-1.54,39.76,13.0,2.0,15.72,11.0,883.8,0.0,2.0,2.33,32.5,675.4,-9999.0,-9999.0,-9999.0,-9999.0,-9999.0,-9999.0,-9999.0,0.0,0,1,"time.struct_time(tm_year=2023, tm_mon=2, tm_mday=1, tm_hour=15, tm_min=48, tm_sec=20, tm_wday=2, tm_yday=32, tm_isdst=-1)",2023-02-01,2023,2,32,1,48,15,BUS03
2023-02-01 15:51:00,40.765209,-111.909752,1293.1,-9999.0,-9999.0,-9999.0,13.83,16.98,-2.65,44.12,13.0,2.0,14.89,11.0,883.9,0.0,4.5,2.33,32.3,675.5,-9999.0,-9999.0,-9999.0,-9999.0,-9999.0,-9999.0,-9999.0,0.0,0,1,"time.struct_time(tm_year=2023, tm_mon=2, tm_mday=1, tm_hour=15, tm_min=51, tm_sec=0, tm_wday=2, tm_yday=32, tm_isdst=-1)",2023-02-01,2023,2,32,1,51,15,BUS03
2023-02-01 15:53:30,40.765209,-111.90976,1293.4,-9999.0,-9999.0,-9999.0,13.83,16.33,-3.26,47.62,12.0,2.0,14.22,11.0,883.9,0.0,-0.9,2.33,32.1,675.8,-9999.0,-9999.0,-9999.0,-9999.0,-9999.0,-9999.0,-9999.0,0.0,0,1,"time.struct_time(tm_year=2023, tm_mon=2, tm_mday=1, tm_hour=15, tm_min=53, tm_sec=30, tm_wday=2, tm_yday=32, tm_isdst=-1)",2023-02-01,2023,2,32,1,53,15,BUS03
2023-02-01 15:56:00,40.765209,-111.90976,1293.7,-9999.0,-9999.0,-9999.0,13.83,15.68,-3.82,46.8,13.0,2.0,13.61,11.0,883.8,0.0,5.5,2.32,31.9,675.6,-9999.0,-9999.0,-9999.0,-9999.0,-9999.0,-9999.0,-9999.0,0.0,0,1,"time.struct_time(tm_year=2023, tm_mon=2, tm_mday=1, tm_hour=15, tm_min=56, tm_sec=0, tm_wday=2, tm_yday=32, tm_isdst=-1)",2023-02-01,2023,2,32,1,56,15,BUS03
2023-02-01 15:58:40,40.765209,-111.909767,1294.0,-9999.0,-9999.0,-9999.0,13.86,15.01,-3.96,48.4,14.0,2.0,12.89,11.0,883.9,0.0,1.8,2.33,31.6,675.7,-9999.0,-9999.0,-9999.0,-9999.0,-9999.0,-9999.0,-9999.0,0.0,0,1,"time.struct_time(tm_year=2023, tm_mon=2, tm_mday=1, tm_hour=15, tm_min=58, tm_sec=40, tm_wday=2, tm_yday=32, tm_isdst=-1)",2023-02-01,2023,2,32,1,58,15,BUS03
2023-02-01 16:01:10,40.765209,-111.909775,1294.4,-9999.0,-9999.0,-9999.0,13.87,14.41,-3.92,48.96,13.0,2.0,12.39,11.0,883.8,0.0,3.6,2.33,31.3,675.8,-9999.0,-9999.0,-9999.0,-9999.0,-9999.0,-9999.0,-9999.0,0.0,0,1,"time.struct_time(tm_year=2023, tm_mon=2, tm_mday=1, tm_hour=16, tm_min=1, tm_sec=10, tm_wday=2, tm_yday=32, tm_isdst=-1)",2023-02-01,2023,2,32,1,1,16,BUS03
2023-02-01 16:03:40,40.765209,-111.909775,1294.5,-9999.0,-9999.0,-9999.0,13.87,13.84,-3.98,46.89,13.0,2.0,11.89,11.0,883.9,0.0,4.5,2.33,31.0,675.6,-9999.0,-9999.0,-9999.0,-9999.0,-9999.0,-9999.0,-9999.0,0.0,0,1,"time.struct_time(tm_year=2023, tm_mon=2, tm_mday=1, tm_hour=16, tm_min=3, tm_sec=40, tm_wday=2, tm_yday=32, tm_isdst=-1)",2023-02-01,2023,2,32,1,3,16,BUS03
2023-02-01 16:06:10,40.765209,-111.909782,1294.7,-9999.0,-9999.0,-9999.0,13.87,13.29,-3.88,47.41,12.0,2.0,11.5,11.0,884.0,0.0,5.2,2.31,30.6,675.7,-9999.0,-9999.0,-9999.0,-9999.0,-9999.0,-9999.0,-9999.0,0.0,0,1,"time.struct_time(tm_year=2023, tm_mon=2, tm_mday=1, tm_hour=16, tm_min=6, tm_sec=10, tm_wday=2, tm_yday=32, tm_isdst=-1)",2023-02-01,2023,2,32,1,6,16,BUS03
2023-02-01 16:08:50,40.765209,-111.909782,1294.8,-9999.0,-9999.0,-9999.0,13.87,12.75,-3.94,50.26,13.0,2.0,11.11,11.0,884.0,0.0,4.3,2.31,30.2,675.7,-9999.0,-9999.0,-9999.0,-9999.0,-9999.0,-9999.0,-9999.0,0.0,0,1,"time.struct_time(tm_year=2023, tm_mon=2, tm_mday=1, tm_hour=16, tm_min=8, tm_sec=50, tm_wday=2, tm_yday=32, tm_isdst=-1)",2023-02-01,2023,2,32,1,8,16,BUS03
2023-02-01 16:11:20,40.765205,-111.909782,1295.1,-9999.0,-9999.0,-9999.0,13.87,12.26,-3.7,45.19,12.0,2.0,10.72,12.0,883.9,0.0,5.0,2.29,29.9,675.4,-9999.0,-9999.0,-9999.0,-9999.0,-9999.0,-9999.0,-9999.0,0.0,0,1,"time.struct_time(tm_year=2023, tm_mon=2, tm_mday=1, tm_hour=16, tm_min=11, tm_sec=20, tm_wday=2, tm_yday=32, tm_isdst=-1)",2023-02-01,2023,2,32,1,11,16,BUS03
2023-02-01 16:13:50,40.765202,-111.90979,1295.2,-9999.0,-9999.0,-9999.0,13.91,11.8,-3.42,45.45,14.0,2.0,10.28,12.0,883.9,0.0,3.6,2.3,29.4,675.5,-9999.0,-9999.0,-9999.0,-9999.0,-9999.0,-9999.0,-9999.0,0.0,0,1,"time.struct_time(tm_year=2023, tm_mon=2, tm_mday=1, tm_hour=16, tm_min=13, tm_sec=50, tm_wday=2, tm_yday=32, tm_isdst=-1)",2023-02-01,2023,2,32,1,13,16,BUS03
2023-02-01 16:16:30,40.765202,-111.90979,1295.3,-9999.0,-9999.0,-9999.0,13.9,11.35,-3.22,50.19,14.0,2.0,10.0,12.0,883.8,0.0,-0.0,2.3,29.1,675.2,-9999.0,-9999.0,-9999.0,-9999.0,-9999.0,-9999.0,-9999.0,0.0,0,1,"time.struct_time(tm_year=2023, tm_mon=2, tm_mday=1, tm_hour=16, tm_min=16, tm_sec=30, tm_wday=2, tm_yday=32, tm_isdst=-1)",2023-02-01,2023,2,32,1,16,16,BUS03
2023-02-01 16:19:00,40.765205,-111.90979,1295.6,-9999.0,-9999.0,-9999.0,13.9,10.95,-2.94,48.24,13.0,2.0,9.78,12.0,883.9,0.0,2.0,2.29,28.7,675.0,-9999.0,-9999.0,-9999.0,-9999.0,-9999.0,-9999.0,-9999.0,0.0,0,1,"time.struct_time(tm_year=2023, tm_mon=2, tm_mday=1, tm_hour=16, tm_min=19, tm_sec=0, tm_wday=2, tm_yday=32, tm_isdst=-1)",2023-02-01,2023,2,32,1,19,16,BUS03
2023-02-01 16:21:30,40.765202,-111.909782,1295.7,-9999.0,-9999.0,-9999.0,13.9,10.57,-2.67,46.25,13.0,2.0,9.61,13.0,883.9,0.0,4.5,2.29,28.3,675.0,-9999.0,-9999.0,-9999.0,-9999.0,-9999.0,-9999.0,-9999.0,0.0,0,1,"time.struct_time(tm_year=2023, tm_mon=2, tm_mday=1, tm_hour=16, tm_min=21, tm_sec=30, tm_wday=2, tm_yday=32, tm_isdst=-1)",2023-02-01,2023,2,32,1,21,16,BUS03
2023-02-01 16:28:50,40.765198,-111.909782,1295.7,-9999.0,-9999.0,-9999.0,13.94,9.67,-1.97,44.63,14.0,2.0,9.11,13.0,884.1,0.0,1.1,2.28,27.2,674.8,-9999.0,-9999.0,-9999.0,-9999.0,-9999.0,-9999.0,-9999.0,0.0,0,1,"time.struct_time(tm_year=2023, tm_mon=2, tm_mday=1, tm_hour=16, tm_min=28, tm_sec=50, tm_wday=2, tm_yday=32, tm_isdst=-1)",2023-02-01,2023,2,32,1,28,16,BUS03
2023-02-01 16:31:20,40.765198,-111.909775,1295.4,-9999.0,-9999.0,-9999.0,13.94,9.39,-1.6,39.57,15.0,2.0,9.0,13.0,884.1,0.0,7.3,2.28,26.9,674.4,-9999.0,-9999.0,-9999.0,-9999.0,-9999.0,-9999.0,-9999.0,0.0,0,1,"time.struct_time(tm_year=2023, tm_mon=2, tm_mday=1, tm_hour=16, tm_min=31, tm_sec=20, tm_wday=2, tm_yday=32, tm_isdst=-1)",2023-02-01,2023,2,32,1,31,16,BUS03
2023-02-01 16:34:00,40.765198,-111.909775,1295.2,-9999.0,-9999.0,-9999.0,13.94,9.11,-1.54,41.86,14.0,2.0,8.72,13.0,884.2,0.0,4.3,2.26,26.6,674.2,-9999.0,-9999.0,-9999.0,-9999.0,-9999.0,-9999.0,-9999.0,0.0,0,1,"time.struct_time(tm_year=2023, tm_mon=2, tm_mday=1, tm_hour=16, tm_min=34, tm_sec=0, tm_wday=2, tm_yday=32, tm_isdst=-1)",2023-02-01,2023,2,32,1,34,16,BUS03
2023-02-01 16:36:30,40.765202,-111.909767,1295.3,-9999.0,-9999.0,-9999.0,13.94,8.85,-1.33,37.67,14.0,2.0,8.61,13.0,884.2,0.0,12.4,2.27,26.3,674.7,-9999.0,-9999.0,-9999.0,-9999.0,-9999.0,-9999.0,-9999.0,0.0,0,1,"time.struct_time(tm_year=2023, tm_mon=2, tm_mday=1, tm_hour=16, tm_min=36, tm_sec=30, tm_wday=2, tm_yday=32, tm_isdst=-1)",2023-02-01,2023,2,32,1,36,16,BUS03
2023-02-01 16:39:00,40.765202,-111.909767,1295.3,-9999.0,-9999.0,-9999.0,13.94,8.62,-0.41,35.7,15.0,2.0,8.5,13.0,884.2,0.0,10.6,2.27,26.0,674.1,-9999.0,-9999.0,-9999.0,-9999.0,-9999.0,-9999.0,-9999.0,0.0,0,1,"time.struct_time(tm_year=2023, tm_mon=2, tm_mday=1, tm_hour=16, tm_min=39, tm_sec=0, tm_wday=2, tm_yday=32, tm_isdst=-1)",2023-02-01,2023,2,32,1,39,16,BUS03
2023-02-01 16:42:45,40.765202,-111.90976,1294.9,-9999.0,-9999.0,-9999.0,13.94,8.32,0.38,33.77,16.0,2.0,8.22,13.0,884.4,0.0,6.0,2.26,25.6,673.8,-9999.0,-9999.0,-9999.0,-9999.0,-9999.0,-9999.0,-9999.0,0.0,0,1,"time.struct_time(tm_year=2023, tm_mon=2, tm_mday=1, tm_hour=16, tm_min=42, tm_sec=45, tm_wday=2, tm_yday=32, tm_isdst=-1)",2023-02-01,2023,2,32,1,42,16,BUS03
2023-02-01 16:45:15,40.765205,-111.909752,1295.0,-9999.0,-9999.0,-9999.0,13.94,8.14,0.99,31.94,16.0,2.0,8.0,13.0,884.3,0.0,5.7,2.28,25.3,674.5,-9999.0,-9999.0,-9999.0,-9999.0,-9999.0,-9999.0,-9999.0,0.0,0,1,"time.struct_time(tm_year=2023, tm_mon=2, tm_mday=1, tm_hour=16, tm_min=45, tm_sec=15, tm_wday=2, tm_yday=32, tm_isdst=-1)",2023-02-01,2023,2,32,1,45,16,BUS03
2023-02-01 16:47:45,40.765205,-111.909744,1295.1,-9999.0,-9999.0,-9999.0,13.94,7.96,1.67,30.12,17.0,2.0,8.0,13.0,884.4,0.0,9.3,2.26,25.1,673.5,-9999.0,-9999.0,-9999.0,-9999.0,-9999.0,-9999.0,-9999.0,0.0,0,1,"time.struct_time(tm_year=2023, tm_mon=2, tm_mday=1, tm_hour=16, tm_min=47, tm_sec=45, tm_wday=2, tm_yday=32, tm_isdst=-1)",2023-02-01,2023,2,32,1,47,16,BUS03
2023-02-01 16:50:25,40.765209,-111.909744,1295.0,-9999.0,-9999.0,-9999.0,13.94,7.78,2.72,26.87,16.0,2.0,7.78,13.0,884.1,0.0,8.6,2.27,24.8,674.3,-9999.0,-9999.0,-9999.0,-9999.0,-9999.0,-9999.0,-9999.0,0.0,0,1,"time.struct_time(tm_year=2023, tm_mon=2, tm_mday=1, tm_hour=16, tm_min=50, tm_sec=25, tm_wday=2, tm_yday=32, tm_isdst=-1)",2023-02-01,2023,2,32,1,50,16,BUS03
2023-02-01 16:52:55,40.765209,-111.909737,1294.5,-9999.0,-9999.0,-9999.0,13.94,7.64,3.49,26.0,15.0,2.0,7.72,14.0,884.3,0.0,9.3,2.26,24.6,674.2,-9999.0,-9999.0,-9999.0,-9999.0,-9999.0,-9999.0,-9999.0,0.0,0,1,"time.struct_time(tm_year=2023, tm_mon=2, tm_mday=1, tm_hour=16, tm_min=52, tm_sec=55, tm_wday=2, tm_yday=32, tm_isdst=-1)",2023-02-01,2023,2,32,1,52,16,BUS03
2023-02-01 16:55:25,40.765209,-111.909737,1294.2,-9999.0,-9999.0,-9999.0,13.94,7.51,4.42,24.34,16.0,2.0,7.61,14.0,884.5,0.0,7.7,2.25,24.4,674.1,-9999.0,-9999.0,-9999.0,-9999.0,-9999.0,-9999.0,-9999.0,0.0,0,1,"time.struct_time(tm_year=2023, tm_mon=2, tm_mday=1, tm_hour=16, tm_min=55, tm_sec=25, tm_wday=2, tm_yday=32, tm_isdst=-1)",2023-02-01,2023,2,32,1,55,16,BUS03
2023-02-01 16:57:55,40.765213,-111.909729,1294.1,-9999.0,-9999.0,-9999.0,13.94,7.41,5.1,22.85,16.0,2.0,7.72,14.0,884.5,0.0,2.1,2.26,24.2,674.0,-9999.0,-9999.0,-9999.0,-9999.0,-9999.0,-9999.0,-9999.0,0.0,0,1,"time.struct_time(tm_year=2023, tm_mon=2, tm_mday=1, tm_hour=16, tm_min=57, tm_sec=55, tm_wday=2, tm_yday=32, tm_isdst=-1)",2023-02-01,2023,2,32,1,57,16,BUS03
2023-02-01 17:00:35,40.765213,-111.909729,1293.8,-9999.0,-9999.0,-9999.0,13.94,7.33,4.82,24.45,18.0,2.0,7.89,14.0,884.5,0.0,8.4,2.25,24.0,674.0,-9999.0,-9999.0,-9999.0,-9999.0,-9999.0,-9999.0,-9999.0,0.0,0,1,"time.struct_time(tm_year=2023, tm_mon=2, tm_mday=1, tm_hour=17, tm_min=0, tm_sec=35, tm_wday=2, tm_yday=32, tm_isdst=-1)",2023-02-01,2023,2,32,1,0,17,BUS03
2023-02-01 17:03:05,40.765213,-111.909721,1293.5,-9999.0,-9999.0,-9999.0,13.94,7.28,4.78,24.57,17.0,2.0,8.0,14.0,884.4,0.0,9.8,2.25,23.9,673.9,-9999.0,-9999.0,-9999.0,-9999.0,-9999.0,-9999.0,-9999.0,0.0,0,1,"time.struct_time(tm_year=2023, tm_mon=2, tm_mday=1, tm_hour=17, tm_min=3, tm_sec=5, tm_wday=2, tm_yday=32, tm_isdst=-1)",2023-02-01,2023,2,32,1,3,17,BUS03
2023-02-01 17:05:35,40.765213,-111.909721,1293.1,-9999.0,-9999.0,-9999.0,13.94,7.25,4.96,24.41,16.0,2.0,7.89,14.0,884.5,0.0,6.0,2.25,23.8,673.8,-9999.0,-9999.0,-9999.0,-9999.0,-9999.0,-9999.0,-9999.0,0.0,0,1,"time.struct_time(tm_year=2023, tm_mon=2, tm_mday=1, tm_hour=17, tm_min=5, tm_sec=35, tm_wday=2, tm_yday=32, tm_isdst=-1)",2023-02-01,2023,2,32,1,5,17,BUS03
2023-02-01 17:08:15,40.765213,-111.909721,1292.9,-9999.0,-9999.0,-9999.0,13.94,7.23,4.8,24.0,16.0,2.0,8.0,15.0,884.3,0.0,8.6,2.25,23.6,673.7,-9999.0,-9999.0,-9999.0,-9999.0,-9999.0,-9999.0,-9999.0,0.0,0,1,"time.struct_time(tm_year=2023, tm_mon=2, tm_mday=1, tm_hour=17, tm_min=8, tm_sec=15, tm_wday=2, tm_yday=32, tm_isdst=-1)",2023-02-01,2023,2,32,1,8,17,BUS03
2023-02-01 17:10:45,40.765213,-111.909714,1292.4,-9999.0,-9999.0,-9999.0,13.94,7.23,5.08,23.52,17.0,2.0,8.0,15.0,884.3,0.0,5.8,2.26,23.5,673.7,-9999.0,-9999.0,-9999.0,-9999.0,-9999.0,-9999.0,-9999.0,0.0,0,1,"time.struct_time(tm_year=2023, tm_mon=2, tm_mday=1, tm_hour=17, tm_min=10, tm_sec=45, tm_wday=2, tm_yday=32, tm_isdst=-1)",2023-02-01,2023,2,32,1,10,17,BUS03
2023-02-01 17:13:15,40.766449,-111.910294,1292.0,-9999.0,-9999.0,-9999.0,13.94,7.22,4.56,24.53,43.0,2.0,8.0,15.0,884.3,0.0,3.8,2.24,23.5,673.5,-9999.0,-9999.0,-9999.0,-9999.0,-9999.0,-9999.0,-9999.0,0.0,0,1,"time.struct_time(tm_year=2023, tm_mon=2, tm_mday=1, tm_hour=17, tm_min=13, tm_sec=15, tm_wday=2, tm_yday=32, tm_isdst=-1)",2023-02-01,2023,2,32,1,13,17,BUS03
2023-02-01 17:16:00,40.766449,-111.910294,1292.0,-9999.0,-9999.0,-9999.0,13.98,7.2,3.61,27.14,18.0,2.0,8.0,15.0,884.5,0.0,5.7,2.25,23.4,672.9,-9999.0,-9999.0,-9999.0,-9999.0,-9999.0,-9999.0,-9999.0,0.0,0,1,"time.struct_time(tm_year=2023, tm_mon=2, tm_mday=1, tm_hour=17, tm_min=16, tm_sec=0, tm_wday=2, tm_yday=32, tm_isdst=-1)",2023-02-01,2023,2,32,1,16,17,BUS03
2023-02-01 17:18:30,40.765339,-111.910179,1292.1,-9999.0,-9999.0,-9999.0,13.98,7.18,2.7,28.31,17.0,2.0,7.89,15.0,884.5,0.0,6.5,2.24,23.3,673.6,-9999.0,-9999.0,-9999.0,-9999.0,-9999.0,-9999.0,-9999.0,0.0,0,1,"time.struct_time(tm_year=2023, tm_mon=2, tm_mday=1, tm_hour=17, tm_min=18, tm_sec=30, tm_wday=2, tm_yday=32, tm_isdst=-1)",2023-02-01,2023,2,32,1,18,17,BUS03
2023-02-01 17:21:00,40.765362,-111.909637,1293.0,-9999.0,-9999.0,-9999.0,13.98,7.14,2.21,28.77,34.0,2.0,7.78,15.0,884.3,0.0,7.6,2.25,23.3,672.9,-9999.0,-9999.0,-9999.0,-9999.0,-9999.0,-9999.0,-9999.0,0.0,0,1,"time.struct_time(tm_year=2023, tm_mon=2, tm_mday=1, tm_hour=17, tm_min=21, tm_sec=0, tm_wday=2, tm_yday=32, tm_isdst=-1)",2023-02-01,2023,2,32,1,21,17,BUS03
2023-02-01 17:23:30,40.765362,-111.90963,1293.0,-9999.0,-9999.0,-9999.0,13.98,7.11,1.91,29.43,17.0,2.0,7.72,15.0,884.4,0.0,10.5,2.24,23.2,673.5,-9999.0,-9999.0,-9999.0,-9999.0,-9999.0,-9999.0,-9999.0,0.0,0,1,"time.struct_time(tm_year=2023, tm_mon=2, tm_mday=1, tm_hour=17, tm_min=23, tm_sec=30, tm_wday=2, tm_yday=32, tm_isdst=-1)",2023-02-01,2023,2,32,1,23,17,BUS03
2023-02-01 17:26:10,40.765362,-111.90963,1293.2,-9999.0,-9999.0,-9999.0,13.98,7.09,1.79,28.64,16.0,2.0,7.5,15.0,884.2,0.0,11.2,2.24,23.1,673.4,-9999.0,-9999.0,-9999.0,-9999.0,-9999.0,-9999.0,-9999.0,0.0,0,1,"time.struct_time(tm_year=2023, tm_mon=2, tm_mday=1, tm_hour=17, tm_min=26, tm_sec=10, tm_wday=2, tm_yday=32, tm_isdst=-1)",2023-02-01,2023,2,32,1,26,17,BUS03
2023-02-01 17:28:40,40.765366,-111.90963,1293.6,-9999.0,-9999.0,-9999.0,13.98,7.06,2.02,28.35,16.0,2.0,7.5,15.0,884.3,0.0,8.1,2.25,23.1,672.8,-9999.0,-9999.0,-9999.0,-9999.0,-9999.0,-9999.0,-9999.0,0.0,0,1,"time.struct_time(tm_year=2023, tm_mon=2, tm_mday=1, tm_hour=17, tm_min=28, tm_sec=40, tm_wday=2, tm_yday=32, tm_isdst=-1)",2023-02-01,2023,2,32,1,28,17,BUS03
2023-02-01 17:31:10,40.765366,-111.909622,1293.7,-9999.0,-9999.0,-9999.0,13.97,7.04,2.5,27.1,17.0,2.0,7.5,15.0,884.3,0.0,7.9,2.23,23.0,673.4,-9999.0,-9999.0,-9999.0,-9999.0,-9999.0,-9999.0,-9999.0,0.0,0,1,"time.struct_time(tm_year=2023, tm_mon=2, tm_mday=1, tm_hour=17, tm_min=31, tm_sec=10, tm_wday=2, tm_yday=32, tm_isdst=-1)",2023-02-01,2023,2,32,1,31,17,BUS03
2023-02-01 17:33:50,40.765366,-111.909622,1293.7,-9999.0,-9999.0,-9999.0,13.98,7.04,2.13,28.15,16.0,2.0,7.61,15.0,884.3,0.0,11.4,2.23,22.9,673.4,-9999.0,-9999.0,-9999.0,-9999.0,-9999.0,-9999.0,-9999.0,0.0,0,1,"time.struct_time(tm_year=2023, tm_mon=2, tm_mday=1, tm_hour=17, tm_min=33, tm_sec=50, tm_wday=2, tm_yday=32, tm_isdst=-1)",2023-02-01,2023,2,32,1,33,17,BUS03
2023-02-01 17:36:20,40.765366,-111.909615,1293.5,-9999.0,-9999.0,-9999.0,13.98,7.04,1.96,28.9,16.0,2.0,7.61,15.0,884.3,0.0,9.0,2.24,22.9,672.8,-9999.0,-9999.0,-9999.0,-9999.0,-9999.0,-9999.0,-9999.0,0.0,0,1,"time.struct_time(tm_year=2023, tm_mon=2, tm_mday=1, tm_hour=17, tm_min=36, tm_sec=20, tm_wday=2, tm_yday=32, tm_isdst=-1)",2023-02-01,2023,2,32,1,36,17,BUS03
2023-02-01 17:38:50,40.765369,-111.909615,1293.4,-9999.0,-9999.0,-9999.0,13.98,7.05,2.6,26.83,16.0,2.0,7.61,15.0,884.5,0.0,9.1,2.23,22.8,673.2,-9999.0,-9999.0,-9999.0,-9999.0,-9999.0,-9999.0,-9999.0,0.0,0,1,"time.struct_time(tm_year=2023, tm_mon=2, tm_mday=1, tm_hour=17, tm_min=38, tm_sec=50, tm_wday=2, tm_yday=32, tm_isdst=-1)",2023-02-01,2023,2,32,1,38,17,BUS03
2023-02-01 17:41:30,40.765369,-111.909615,1293.1,-9999.0,-9999.0,-9999.0,13.98,7.06,1.65,30.04,16.0,2.0,7.78,15.0,884.3,0.0,13.1,2.25,22.8,673.2,-9999.0,-9999.0,-9999.0,-9999.0,-9999.0,-9999.0,-9999.0,0.0,0,1,"time.struct_time(tm_year=2023, tm_mon=2, tm_mday=1, tm_hour=17, tm_min=41, tm_sec=30, tm_wday=2, tm_yday=32, tm_isdst=-1)",2023-02-01,2023,2,32,1,41,17,BUS03
2023-02-01 17:45:05,40.765369,-111.909615,1292.5,-9999.0,-9999.0,-9999.0,13.98,7.05,1.49,30.38,17.0,2.0,7.89,15.0,884.4,0.0,9.1,2.24,22.8,673.4,-9999.0,-9999.0,-9999.0,-9999.0,-9999.0,-9999.0,-9999.0,0.0,0,1,"time.struct_time(tm_year=2023, tm_mon=2, tm_mday=1, tm_hour=17, tm_min=45, tm_sec=5, tm_wday=2, tm_yday=32, tm_isdst=-1)",2023-02-01,2023,2,32,1,45,17,BUS03
2023-02-01 17:47:35,40.765369,-111.909607,1292.1,-9999.0,-9999.0,-9999.0,13.98,7.05,1.61,30.22,16.0,2.0,7.89,15.0,884.3,0.0,13.0,2.24,22.8,673.4,-9999.0,-9999.0,-9999.0,-9999.0,-9999.0,-9999.0,-9999.0,0.0,0,1,"time.struct_time(tm_year=2023, tm_mon=2, tm_mday=1, tm_hour=17, tm_min=47, tm_sec=35, tm_wday=2, tm_yday=32, tm_isdst=-1)",2023-02-01,2023,2,32,1,47,17,BUS03
2023-02-01 17:50:15,40.765369,-111.909607,1291.9,-9999.0,-9999.0,-9999.0,13.98,7.05,2.19,28.24,17.0,2.0,7.89,15.0,884.5,0.0,8.0,2.24,22.7,673.3,-9999.0,-9999.0,-9999.0,-9999.0,-9999.0,-9999.0,-9999.0,0.0,0,1,"time.struct_time(tm_year=2023, tm_mon=2, tm_mday=1, tm_hour=17, tm_min=50, tm_sec=15, tm_wday=2, tm_yday=32, tm_isdst=-1)",2023-02-01,2023,2,32,1,50,17,BUS03
2023-02-01 17:52:45,40.765369,-111.909615,1291.8,-9999.0,-9999.0,-9999.0,13.97,7.05,1.66,30.07,19.0,2.0,8.11,16.0,884.4,0.0,7.2,2.25,22.7,673.4,-9999.0,-9999.0,-9999.0,-9999.0,-9999.0,-9999.0,-9999.0,0.0,0,1,"time.struct_time(tm_year=2023, tm_mon=2, tm_mday=1, tm_hour=17, tm_min=52, tm_sec=45, tm_wday=2, tm_yday=32, tm_isdst=-1)",2023-02-01,2023,2,32,1,52,17,BUS03
2023-02-01 17:55:15,40.765366,-111.909615,1291.7,-9999.0,-9999.0,-9999.0,13.98,7.04,2.09,28.37,17.0,2.0,8.11,16.0,884.3,0.0,11.2,2.23,22.7,673.3,-9999.0,-9999.0,-9999.0,-9999.0,-9999.0,-9999.0,-9999.0,0.0,0,1,"time.struct_time(tm_year=2023, tm_mon=2, tm_mday=1, tm_hour=17, tm_min=55, tm_sec=15, tm_wday=2, tm_yday=32, tm_isdst=-1)",2023-02-01,2023,2,32,1,55,17,BUS03
2023-02-01 17:57:45,40.766083,-111.909599,1292.0,-9999.0,-9999.0,-9999.0,13.98,7.04,2.86,26.3,17.0,2.0,8.11,16.0,884.5,0.0,10.3,2.24,22.7,673.2,-9999.0,-9999.0,-9999.0,-9999.0,-9999.0,-9999.0,-9999.0,0.0,0,1,"time.struct_time(tm_year=2023, tm_mon=2, tm_mday=1, tm_hour=17, tm_min=57, tm_sec=45, tm_wday=2, tm_yday=32, tm_isdst=-1)",2023-02-01,2023,2,32,1,57,17,BUS03
2023-02-01 18:00:25,40.765774,-111.909782,1290.3,-9999.0,-9999.0,-9999.0,13.98,7.05,3.07,27.12,20.0,2.0,8.11,16.0,884.4,0.0,0.8,2.24,22.7,673.2,-9999.0,-9999.0,-9999.0,-9999.0,-9999.0,-9999.0,-9999.0,0.0,0,1,"time.struct_time(tm_year=2023, tm_mon=2, tm_mday=1, tm_hour=18, tm_min=0, tm_sec=25, tm_wday=2, tm_yday=32, tm_isdst=-1)",2023-02-01,2023,2,32,1,0,18,BUS03
2023-02-01 18:02:55,40.765743,-111.909782,1295.1,-9999.0,-9999.0,-9999.0,13.98,7.07,2.54,28.34,19.0,2.0,8.22,16.0,884.4,0.0,1.1,2.24,22.7,673.1,-9999.0,-9999.0,-9999.0,-9999.0,-9999.0,-9999.0,-9999.0,0.0,0,1,"time.struct_time(tm_year=2023, tm_mon=2, tm_mday=1, tm_hour=18, tm_min=2, tm_sec=55, tm_wday=2, tm_yday=32, tm_isdst=-1)",2023-02-01,2023,2,32,1,2,18,BUS03
2023-02-01 18:05:25,40.765575,-111.909805,1304.6,-9999.0,-9999.0,-9999.0,13.98,7.1,1.95,29.4,16.0,2.0,8.11,16.0,884.3,0.0,7.3,2.23,22.7,673.2,-9999.0,-9999.0,-9999.0,-9999.0,-9999.0,-9999.0,-9999.0,0.0,0,1,"time.struct_time(tm_year=2023, tm_mon=2, tm_mday=1, tm_hour=18, tm_min=5, tm_sec=25, tm_wday=2, tm_yday=32, tm_isdst=-1)",2023-02-01,2023,2,32,1,5,18,BUS03
2023-02-01 18:08:05,40.765812,-111.909882,1303.3,-9999.0,-9999.0,-9999.0,13.98,7.13,1.99,29.14,17.0,2.0,8.11,16.0,884.1,0.0,13.0,2.24,22.7,673.1,-9999.0,-9999.0,-9999.0,-9999.0,-9999.0,-9999.0,-9999.0,0.0,0,1,"time.struct_time(tm_year=2023, tm_mon=2, tm_mday=1, tm_hour=18, tm_min=8, tm_sec=5, tm_wday=2, tm_yday=32, tm_isdst=-1)",2023-02-01,2023,2,32,1,8,18,BUS03
2023-02-01 18:10:35,40.765858,-111.909851,1300.6,-9999.0,-9999.0,-9999.0,13.98,7.16,1.49,30.37,17.0,2.0,8.11,16.0,884.1,0.0,3.9,2.24,22.7,673.0,-9999.0,-9999.0,-9999.0,-9999.0,-9999.0,-9999.0,-9999.0,0.0,0,1,"time.struct_time(tm_year=2023, tm_mon=2, tm_mday=1, tm_hour=18, tm_min=10, tm_sec=35, tm_wday=2, tm_yday=32, tm_isdst=-1)",2023-02-01,2023,2,32,1,10,18,BUS03
2023-02-01 18:13:05,40.765854,-111.909775,1299.8,-9999.0,-9999.0,-9999.0,13.98,7.18,1.12,30.96,18.0,2.0,8.11,16.0,884.0,0.0,9.2,2.24,22.7,673.0,-9999.0,-9999.0,-9999.0,-9999.0,-9999.0,-9999.0,-9999.0,0.0,0,1,"time.struct_time(tm_year=2023, tm_mon=2, tm_mday=1, tm_hour=18, tm_min=13, tm_sec=5, tm_wday=2, tm_yday=32, tm_isdst=-1)",2023-02-01,2023,2,32,1,13,18,BUS03
2023-02-01 18:19:00,40.765785,-111.909729,1299.1,-9999.0,-9999.0,-9999.0,13.98,7.23,1.28,29.7,16.0,2.0,8.11,16.0,884.2,0.0,6.7,2.23,22.7,672.6,-9999.0,-9999.0,-9999.0,-9999.0,-9999.0,-9999.0,-9999.0,0.0,0,1,"time.struct_time(tm_year=2023, tm_mon=2, tm_mday=1, tm_hour=18, tm_min=19, tm_sec=0, tm_wday=2, tm_yday=32, tm_isdst=-1)",2023-02-01,2023,2,32,1,19,18,BUS03
2023-02-01 18:21:30,40.765781,-111.909729,1298.6,-9999.0,-9999.0,-9999.0,13.98,7.25,1.53,29.53,17.0,2.0,8.11,16.0,884.3,0.0,7.3,2.24,22.7,673.0,-9999.0,-9999.0,-9999.0,-9999.0,-9999.0,-9999.0,-9999.0,0.0,0,1,"time.struct_time(tm_year=2023, tm_mon=2, tm_mday=1, tm_hour=18, tm_min=21, tm_sec=30, tm_wday=2, tm_yday=32, tm_isdst=-1)",2023-02-01,2023,2,32,1,21,18,BUS03
2023-02-01 18:24:10,40.765781,-111.909729,1298.6,-9999.0,-9999.0,-9999.0,13.98,7.28,1.78,28.14,17.0,2.0,8.11,16.0,884.3,0.0,11.1,2.24,22.7,672.9,-9999.0,-9999.0,-9999.0,-9999.0,-9999.0,-9999.0,-9999.0,0.0,0,1,"time.struct_time(tm_year=2023, tm_mon=2, tm_mday=1, tm_hour=18, tm_min=24, tm_sec=10, tm_wday=2, tm_yday=32, tm_isdst=-1)",2023-02-01,2023,2,32,1,24,18,BUS03
2023-02-01 18:26:40,40.765781,-111.909729,1298.4,-9999.0,-9999.0,-9999.0,13.98,7.31,2.42,25.85,15.0,2.0,8.22,15.0,884.2,0.0,16.1,2.23,22.7,672.6,-9999.0,-9999.0,-9999.0,-9999.0,-9999.0,-9999.0,-9999.0,0.0,0,1,"time.struct_time(tm_year=2023, tm_mon=2, tm_mday=1, tm_hour=18, tm_min=26, tm_sec=40, tm_wday=2, tm_yday=32, tm_isdst=-1)",2023-02-01,2023,2,32,1,26,18,BUS03
2023-02-01 18:29:10,40.765774,-111.909737,1298.0,-9999.0,-9999.0,-9999.0,13.97,7.34,1.47,28.87,20.0,2.0,8.22,15.0,884.3,0.0,11.7,2.25,22.7,673.3,-9999.0,-9999.0,-9999.0,-9999.0,-9999.0,-9999.0,-9999.0,0.0,0,1,"time.struct_time(tm_year=2023, tm_mon=2, tm_mday=1, tm_hour=18, tm_min=29, tm_sec=10, tm_wday=2, tm_yday=32, tm_isdst=-1)",2023-02-01,2023,2,32,1,29,18,BUS03
2023-02-01 18:31:40,40.765766,-111.909737,1296.0,-9999.0,-9999.0,-9999.0,13.98,7.37,1.13,28.78,16.0,2.0,8.11,15.0,884.3,0.0,13.4,2.25,22.7,672.7,-9999.0,-9999.0,-9999.0,-9999.0,-9999.0,-9999.0,-9999.0,0.0,0,1,"time.struct_time(tm_year=2023, tm_mon=2, tm_mday=1, tm_hour=18, tm_min=31, tm_sec=40, tm_wday=2, tm_yday=32, tm_isdst=-1)",2023-02-01,2023,2,32,1,31,18,BUS03
2023-02-01 18:34:20,40.765766,-111.909744,1295.1,-9999.0,-9999.0,-9999.0,13.98,7.4,0.9,29.65,15.0,2.0,8.11,15.0,884.5,0.0,13.4,2.24,22.8,672.8,-9999.0,-9999.0,-9999.0,-9999.0,-9999.0,-9999.0,-9999.0,0.0,0,1,"time.struct_time(tm_year=2023, tm_mon=2, tm_mday=1, tm_hour=18, tm_min=34, tm_sec=20, tm_wday=2, tm_yday=32, tm_isdst=-1)",2023-02-01,2023,2,32,1,34,18,BUS03
2023-02-01 18:36:50,40.765766,-111.909744,1296.1,-9999.0,-9999.0,-9999.0,13.98,7.42,0.54,30.1,17.0,2.0,8.11,15.0,884.3,0.0,12.5,2.23,22.8,673.5,-9999.0,-9999.0,-9999.0,-9999.0,-9999.0,-9999.0,-9999.0,0.0,0,1,"time.struct_time(tm_year=2023, tm_mon=2, tm_mday=1, tm_hour=18, tm_min=36, tm_sec=50, tm_wday=2, tm_yday=32, tm_isdst=-1)",2023-02-01,2023,2,32,1,36,18,BUS03
2023-02-01 18:39:20,40.765774,-111.909737,1295.2,-9999.0,-9999.0,-9999.0,13.97,7.44,0.2,31.09,17.0,2.0,8.11,15.0,884.2,0.0,13.6,2.23,22.8,672.7,-9999.0,-9999.0,-9999.0,-9999.0,-9999.0,-9999.0,-9999.0,0.0,0,1,"time.struct_time(tm_year=2023, tm_mon=2, tm_mday=1, tm_hour=18, tm_min=39, tm_sec=20, tm_wday=2, tm_yday=32, tm_isdst=-1)",2023-02-01,2023,2,32,1,39,18,BUS03
2023-02-01 18:42:00,40.76577,-111.909737,1293.3,-9999.0,-9999.0,-9999.0,13.98,7.45,0.04,35.7,20.0,2.0,8.0,16.0,884.5,0.0,6.0,2.24,22.8,672.8,-9999.0,-9999.0,-9999.0,-9999.0,-9999.0,-9999.0,-9999.0,0.0,0,1,"time.struct_time(tm_year=2023, tm_mon=2, tm_mday=1, tm_hour=18, tm_min=42, tm_sec=0, tm_wday=2, tm_yday=32, tm_isdst=-1)",2023-02-01,2023,2,32,1,42,18,BUS03
2023-02-01 18:45:35,40.765762,-111.909744,1292.2,-9999.0,-9999.0,-9999.0,13.98,7.47,-0.17,37.28,20.0,2.0,7.89,17.0,884.2,0.0,3.9,2.23,22.8,672.7,-9999.0,-9999.0,-9999.0,-9999.0,-9999.0,-9999.0,-9999.0,0.0,0,1,"time.struct_time(tm_year=2023, tm_mon=2, tm_mday=1, tm_hour=18, tm_min=45, tm_sec=35, tm_wday=2, tm_yday=32, tm_isdst=-1)",2023-02-01,2023,2,32,1,45,18,BUS03
2023-02-01 18:48:05,40.765762,-111.909737,1291.1,-9999.0,-9999.0,-9999.0,13.98,7.47,-0.27,37.21,20.0,2.0,7.78,17.0,884.3,0.0,5.9,2.24,22.8,673.4,-9999.0,-9999.0,-9999.0,-9999.0,-9999.0,-9999.0,-9999.0,0.0,0,1,"time.struct_time(tm_year=2023, tm_mon=2, tm_mday=1, tm_hour=18, tm_min=48, tm_sec=5, tm_wday=2, tm_yday=32, tm_isdst=-1)",2023-02-01,2023,2,32,1,48,18,BUS03
2023-02-01 18:50:45,40.765766,-111.909737,1291.3,-9999.0,-9999.0,-9999.0,13.98,7.46,0.04,38.89,20.0,2.0,7.78,17.0,884.3,0.0,-2.1,2.24,22.8,673.5,-9999.0,-9999.0,-9999.0,-9999.0,-9999.0,-9999.0,-9999.0,0.0,0,1,"time.struct_time(tm_year=2023, tm_mon=2, tm_mday=1, tm_hour=18, tm_min=50, tm_sec=45, tm_wday=2, tm_yday=32, tm_isdst=-1)",2023-02-01,2023,2,32,1,50,18,BUS03
2023-02-01 18:53:15,40.765778,-111.909729,1290.9,-9999.0,-9999.0,-9999.0,13.98,7.45,0.01,37.36,18.0,2.0,7.78,17.0,884.5,0.0,-0.1,2.25,22.8,672.7,-9999.0,-9999.0,-9999.0,-9999.0,-9999.0,-9999.0,-9999.0,0.0,0,1,"time.struct_time(tm_year=2023, tm_mon=2, tm_mday=1, tm_hour=18, tm_min=53, tm_sec=15, tm_wday=2, tm_yday=32, tm_isdst=-1)",2023-02-01,2023,2,32,1,53,18,BUS03
2023-02-01 18:55:45,40.765774,-111.909729,1290.6,-9999.0,-9999.0,-9999.0,13.98,7.44,-0.11,38.23,19.0,2.0,7.78,17.0,884.3,0.0,0.8,2.23,22.8,673.4,-9999.0,-9999.0,-9999.0,-9999.0,-9999.0,-9999.0,-9999.0,0.0,0,1,"time.struct_time(tm_year=2023, tm_mon=2, tm_mday=1, tm_hour=18, tm_min=55, tm_sec=45, tm_wday=2, tm_yday=32, tm_isdst=-1)",2023-02-01,2023,2,32,1,55,18,BUS03
2023-02-01 18:58:25,40.765774,-111.909729,1290.6,-9999.0,-9999.0,-9999.0,13.98,7.43,-0.1,37.88,18.0,2.0,7.78,17.0,884.3,0.0,10.3,2.23,22.8,673.4,-9999.0,-9999.0,-9999.0,-9999.0,-9999.0,-9999.0,-9999.0,0.0,0,1,"time.struct_time(tm_year=2023, tm_mon=2, tm_mday=1, tm_hour=18, tm_min=58, tm_sec=25, tm_wday=2, tm_yday=32, tm_isdst=-1)",2023-02-01,2023,2,32,1,58,18,BUS03
2023-02-01 19:00:55,40.765766,-111.909721,1289.8,-9999.0,-9999.0,-9999.0,13.98,7.42,0.06,36.22,17.0,2.0,7.78,17.0,884.5,0.0,11.4,2.25,22.7,672.7,-9999.0,-9999.0,-9999.0,-9999.0,-9999.0,-9999.0,-9999.0,0.0,0,1,"time.struct_time(tm_year=2023, tm_mon=2, tm_mday=1, tm_hour=19, tm_min=0, tm_sec=55, tm_wday=2, tm_yday=32, tm_isdst=-1)",2023-02-01,2023,2,32,1,0,19,BUS03
2023-02-01 19:03:25,40.765766,-111.909706,1289.3,-9999.0,-9999.0,-9999.0,13.98,7.4,-0.13,36.92,17.0,2.0,7.78,17.0,884.2,0.0,13.4,2.25,22.7,673.3,-9999.0,-9999.0,-9999.0,-9999.0,-9999.0,-9999.0,-9999.0,0.0,0,1,"time.struct_time(tm_year=2023, tm_mon=2, tm_mday=1, tm_hour=19, tm_min=3, tm_sec=25, tm_wday=2, tm_yday=32, tm_isdst=-1)",2023-02-01,2023,2,32,1,3,19,BUS03
2023-02-01 19:05:55,40.765766,-111.909706,1288.6,-9999.0,-9999.0,-9999.0,13.98,7.38,-0.49,38.35,17.0,2.0,7.78,17.0,884.2,0.0,10.3,2.24,22.7,672.7,-9999.0,-9999.0,-9999.0,-9999.0,-9999.0,-9999.0,-9999.0,0.0,0,1,"time.struct_time(tm_year=2023, tm_mon=2, tm_mday=1, tm_hour=19, tm_min=5, tm_sec=55, tm_wday=2, tm_yday=32, tm_isdst=-1)",2023-02-01,2023,2,32,1,5,19,BUS03
2023-02-01 19:08:30,40.765766,-111.909706,1289.0,-9999.0,-9999.0,-9999.0,13.98,7.36,-0.93,40.2,17.0,2.0,7.72,17.0,884.2,0.0,12.2,2.23,22.7,673.2,-9999.0,-9999.0,-9999.0,-9999.0,-9999.0,-9999.0,-9999.0,0.0,0,1,"time.struct_time(tm_year=2023, tm_mon=2, tm_mday=1, tm_hour=19, tm_min=8, tm_sec=30, tm_wday=2, tm_yday=32, tm_isdst=-1)",2023-02-01,2023,2,32,1,8,19,BUS03
2023-02-01 19:11:25,40.765518,-111.909538,1290.6,-9999.0,-9999.0,-9999.0,13.98,7.32,-1.03,41.35,16.0,2.0,7.61,17.0,884.3,0.0,9.9,2.25,22.7,673.2,-9999.0,-9999.0,-9999.0,-9999.0,-9999.0,-9999.0,-9999.0,0.0,0,1,"time.struct_time(tm_year=2023, tm_mon=2, tm_mday=1, tm_hour=19, tm_min=11, tm_sec=25, tm_wday=2, tm_yday=32, tm_isdst=-1)",2023-02-01,2023,2,32,1,11,19,BUS03
2023-02-01 19:13:55,40.765736,-111.909805,1290.3,-9999.0,-9999.0,-9999.0,13.98,7.28,-0.95,41.21,18.0,2.0,7.61,18.0,884.2,0.0,11.6,2.23,22.6,672.7,-9999.0,-9999.0,-9999.0,-9999.0,-9999.0,-9999.0,-9999.0,0.0,0,1,"time.struct_time(tm_year=2023, tm_mon=2, tm_mday=1, tm_hour=19, tm_min=13, tm_sec=55, tm_wday=2, tm_yday=32, tm_isdst=-1)",2023-02-01,2023,2,32,1,13,19,BUS03
2023-02-01 19:16:35,40.765804,-111.909775,1290.4,-9999.0,-9999.0,-9999.0,13.98,7.24,-1.07,42.14,16.0,2.0,7.5,18.0,884.3,0.0,14.2,2.25,22.6,672.7,-9999.0,-9999.0,-9999.0,-9999.0,-9999.0,-9999.0,-9999.0,0.0,0,1,"time.struct_time(tm_year=2023, tm_mon=2, tm_mday=1, tm_hour=19, tm_min=16, tm_sec=35, tm_wday=2, tm_yday=32, tm_isdst=-1)",2023-02-01,2023,2,32,1,16,19,BUS03
2023-02-01 19:19:05,40.765785,-111.909798,1290.3,-9999.0,-9999.0,-9999.0,13.98,7.2,-0.87,40.42,16.0,2.0,7.5,18.0,884.2,0.0,18.0,2.25,22.6,673.1,-9999.0,-9999.0,-9999.0,-9999.0,-9999.0,-9999.0,-9999.0,0.0,0,1,"time.struct_time(tm_year=2023, tm_mon=2, tm_mday=1, tm_hour=19, tm_min=19, tm_sec=5, tm_wday=2, tm_yday=32, tm_isdst=-1)",2023-02-01,2023,2,32,1,19,19,BUS03
2023-02-01 19:22:40,40.765789,-111.90963,1292.2,-9999.0,-9999.0,-9999.0,13.98,7.15,-0.85,41.75,16.0,2.0,7.39,18.0,883.9,0.0,8.8,2.24,22.5,672.6,-9999.0,-9999.0,-9999.0,-9999.0,-9999.0,-9999.0,-9999.0,0.0,0,1,"time.struct_time(tm_year=2023, tm_mon=2, tm_mday=1, tm_hour=19, tm_min=22, tm_sec=40, tm_wday=2, tm_yday=32, tm_isdst=-1)",2023-02-01,2023,2,32,1,22,19,BUS03
2023-02-01 19:25:35,40.765903,-111.909782,1294.8,-9999.0,-9999.0,-9999.0,13.98,7.11,-1.12,41.42,15.0,2.0,7.39,18.0,884.1,0.0,12.0,2.22,22.5,672.5,-9999.0,-9999.0,-9999.0,-9999.0,-9999.0,-9999.0,-9999.0,0.0,0,1,"time.struct_time(tm_year=2023, tm_mon=2, tm_mday=1, tm_hour=19, tm_min=25, tm_sec=35, tm_wday=2, tm_yday=32, tm_isdst=-1)",2023-02-01,2023,2,32,1,25,19,BUS03
2023-02-01 19:28:05,40.765823,-111.909805,1295.0,-9999.0,-9999.0,-9999.0,13.98,7.08,-1.31,40.51,15.0,2.0,7.39,18.0,883.9,0.0,15.5,2.22,22.4,672.9,-9999.0,-9999.0,-9999.0,-9999.0,-9999.0,-9999.0,-9999.0,0.0,0,1,"time.struct_time(tm_year=2023, tm_mon=2, tm_mday=1, tm_hour=19, tm_min=28, tm_sec=5, tm_wday=2, tm_yday=32, tm_isdst=-1)",2023-02-01,2023,2,32,1,28,19,BUS03
2023-02-01 19:30:35,40.766022,-111.909752,1293.9,-9999.0,-9999.0,-9999.0,13.98,7.05,-1.13,39.78,16.0,2.0,7.39,17.0,883.7,0.0,10.7,2.24,22.4,672.5,-9999.0,-9999.0,-9999.0,-9999.0,-9999.0,-9999.0,-9999.0,0.0,0,1,"time.struct_time(tm_year=2023, tm_mon=2, tm_mday=1, tm_hour=19, tm_min=30, tm_sec=35, tm_wday=2, tm_yday=32, tm_isdst=-1)",2023-02-01,2023,2,32,1,30,19,BUS03
2023-02-01 19:33:15,40.765926,-111.909775,1293.6,-9999.0,-9999.0,-9999.0,13.98,7.02,-1.31,39.82,16.0,2.0,7.39,17.0,883.7,0.0,12.4,2.25,22.4,672.4,-9999.0,-9999.0,-9999.0,-9999.0,-9999.0,-9999.0,-9999.0,0.0,0,1,"time.struct_time(tm_year=2023, tm_mon=2, tm_mday=1, tm_hour=19, tm_min=33, tm_sec=15, tm_wday=2, tm_yday=32, tm_isdst=-1)",2023-02-01,2023,2,32,1,33,19,BUS03
2023-02-01 19:35:45,40.765602,-111.909683,1292.9,-9999.0,-9999.0,-9999.0,13.98,7.0,-1.09,38.95,15.0,2.0,7.39,17.0,883.9,0.0,13.3,2.25,22.3,672.7,-9999.0,-9999.0,-9999.0,-9999.0,-9999.0,-9999.0,-9999.0,0.0,0,1,"time.struct_time(tm_year=2023, tm_mon=2, tm_mday=1, tm_hour=19, tm_min=35, tm_sec=45, tm_wday=2, tm_yday=32, tm_isdst=-1)",2023-02-01,2023,2,32,1,35,19,BUS03
2023-02-01 19:38:15,40.765617,-111.90963,1292.4,-9999.0,-9999.0,-9999.0,13.98,7.0,-0.89,38.35,16.0,2.0,7.5,17.0,883.9,0.0,11.8,2.23,22.3,672.4,-9999.0,-9999.0,-9999.0,-9999.0,-9999.0,-9999.0,-9999.0,0.0,0,1,"time.struct_time(tm_year=2023, tm_mon=2, tm_mday=1, tm_hour=19, tm_min=38, tm_sec=15, tm_wday=2, tm_yday=32, tm_isdst=-1)",2023-02-01,2023,2,32,1,38,19,BUS03
2023-02-01 19:40:45,40.765518,-111.90966,1292.2,-9999.0,-9999.0,-9999.0,13.98,6.99,-0.97,40.15,18.0,2.0,7.5,18.0,883.8,0.0,13.9,2.24,22.3,672.6,-9999.0,-9999.0,-9999.0,-9999.0,-9999.0,-9999.0,-9999.0,0.0,0,1,"time.struct_time(tm_year=2023, tm_mon=2, tm_mday=1, tm_hour=19, tm_min=40, tm_sec=45, tm_wday=2, tm_yday=32, tm_isdst=-1)",2023-02-01,2023,2,32,1,40,19,BUS03
2023-02-01 19:43:25,40.765827,-111.909821,1292.3,-9999.0,-9999.0,-9999.0,13.98,6.98,-1.01,39.22,16.0,2.0,7.5,17.0,883.8,0.0,13.8,2.24,22.2,672.7,-9999.0,-9999.0,-9999.0,-9999.0,-9999.0,-9999.0,-9999.0,0.0,0,1,"time.struct_time(tm_year=2023, tm_mon=2, tm_mday=1, tm_hour=19, tm_min=43, tm_sec=25, tm_wday=2, tm_yday=32, tm_isdst=-1)",2023-02-01,2023,2,32,1,43,19,BUS03
2023-02-01 19:47:00,40.765713,-111.909622,1293.5,-9999.0,-9999.0,-9999.0,13.98,6.97,-0.85,39.51,17.0,2.0,7.61,18.0,883.6,0.0,13.3,2.25,22.2,672.2,-9999.0,-9999.0,-9999.0,-9999.0,-9999.0,-9999.0,-9999.0,0.0,0,1,"time.struct_time(tm_year=2023, tm_mon=2, tm_mday=1, tm_hour=19, tm_min=47, tm_sec=0, tm_wday=2, tm_yday=32, tm_isdst=-1)",2023-02-01,2023,2,32,1,47,19,BUS03
2023-02-01 19:49:30,40.765785,-111.909683,1291.2,-9999.0,-9999.0,-9999.0,13.98,6.97,-0.81,39.92,17.0,2.0,7.61,18.0,883.6,0.0,9.2,2.23,22.2,672.5,-9999.0,-9999.0,-9999.0,-9999.0,-9999.0,-9999.0,-9999.0,0.0,0,1,"time.struct_time(tm_year=2023, tm_mon=2, tm_mday=1, tm_hour=19, tm_min=49, tm_sec=30, tm_wday=2, tm_yday=32, tm_isdst=-1)",2023-02-01,2023,2,32,1,49,19,BUS03
2023-02-01 19:52:10,40.765804,-111.909676,1289.6,-9999.0,-9999.0,-9999.0,13.98,6.98,-0.77,38.79,15.0,2.0,7.61,18.0,883.6,0.0,12.7,2.24,22.1,672.5,-9999.0,-9999.0,-9999.0,-9999.0,-9999.0,-9999.0,-9999.0,0.0,0,1,"time.struct_time(tm_year=2023, tm_mon=2, tm_mday=1, tm_hour=19, tm_min=52, tm_sec=10, tm_wday=2, tm_yday=32, tm_isdst=-1)",2023-02-01,2023,2,32,1,52,19,BUS03
2023-02-01 19:54:40,40.765766,-111.90963,1287.9,-9999.0,-9999.0,-9999.0,13.98,6.98,-0.67,38.03,17.0,2.0,7.61,18.0,883.5,0.0,16.7,2.25,22.1,672.2,-9999.0,-9999.0,-9999.0,-9999.0,-9999.0,-9999.0,-9999.0,0.0,0,1,"time.struct_time(tm_year=2023, tm_mon=2, tm_mday=1, tm_hour=19, tm_min=54, tm_sec=40, tm_wday=2, tm_yday=32, tm_isdst=-1)",2023-02-01,2023,2,32,1,54,19,BUS03
2023-02-01 19:57:10,40.765759,-111.909615,1286.7,-9999.0,-9999.0,-9999.0,13.98,6.98,-0.47,36.46,15.0,2.0,7.72,17.0,883.7,0.0,5.0,2.23,22.1,672.4,-9999.0,-9999.0,-9999.0,-9999.0,-9999.0,-9999.0,-9999.0,0.0,0,1,"time.struct_time(tm_year=2023, tm_mon=2, tm_mday=1, tm_hour=19, tm_min=57, tm_sec=10, tm_wday=2, tm_yday=32, tm_isdst=-1)",2023-02-01,2023,2,32,1,57,19,BUS03
